2886 4946
577 259 651 318 .Dll
673 257 856 320 CORONA.
973 297 978 302 -
1189 263 1246 326 199

149 415 235 476 emti
281 414 397 478 Nostin'
421 423 726 486 necennensium,
750 413 1006 494 congrederemur,
1029 415 1245 496 respiraremus,

151 508 245 566 multa
268 507 307 566 ad
330 506 455 566 civitatis
480 505 604 564 salutem
626 505 791 584 spectantia
813 506 890 566 diem
913 518 1055 566 unumst
1077 507 1204 568 alneum
1217 517 1249 568 st

150 611 216 660 tres
237 599 418 660 contulisse:
440 609 511 658 tunc
540 607 687 667 autem-,
707 599 766 656 nou
792 609 837 658 est
860 617 934 678 opus
958 619 994 659 ea
1013 598 1248 673 commemorem,

147 711 215 772 quoe
238 712 276 753 ne
298 705 420 772 experta
446 689 565 770 quidem
588 683 755 769 respublica
774 700 821 752 est
841 689 889 750 dei
917 691 1042 768 alicujus
1069 691 1250 754 beneroles⁴

150 786 201 856 tia,
227 789 258 843 'et
281 783 470 858 circumjecto
499 781 552 841 sibi
576 782 725 841 societatis
751 782 827 841 illius
848 784 1078 866 propugnaculo,
1100 803 1190 864 quam
1215 796 1247 844 m

149 877 280 936 incuses.
580 939 582 948 ,

85 1025 89 1032 ,
194 971 244 1027 68.
267 967 342 1027 Sunt
355 985 423 1027 veru
436 967 501 1027 hac
523 984 590 1045 quor
611 966 734 1026 disserui
751 968 849 1027 omnia
867 965 906 1026 ad
928 986 978 1027 vos
992 967 1112 1042 directa,
1121 969 1248 1048 judices,

153 1072 241 1138 atque
255 1061 292 1120 ed
311 1060 423 1139 eosqui
438 1059 506 1119 ioris
519 1059 735 1119 circumsistunt
755 1067 843 1138 atque
865 1059 1006 1120 andum:
1027 1079 1105 1133 nam,
1117 1061 1197 1139 quod
1210 1063 1250 1124 ed

150 1153 239 1213 istum
250 1153 368 1231 quidem
383 1152 567 1231 despicerem
576 1152 692 1222 attinet,
705 1151 801 1210 brevis
814 1160 845 1209 ct
858 1152 1012 1231 perspicua
1024 1150 1172 1213 suffecerit
1180 1153 1249 1214 milri

153 1245 257 1305 oratio.
280 1247 312 1304 Si
326 1245 404 1304 enim
417 1243 470 1304 tibi
483 1243 582 1304 solicx
592 1243 724 1302 omnibus
733 1243 974 1323 explomtaeraut
985 1244 1093 1317 futura,
1102 1245 1250 1320 AEscltiue,

153 1357 221 1396 eum
242 1338 280 1396 de
303 1338 339 1397 iis
359 1338 538 1396 consultaret
560 1336 752 1404 mutantem
777 1355 814 1396 ee
835 1336 993 1415 predicere
1011 1340 1182 1416 oportebat:
1205 1339 1250 1400 sin

153 1431 234 1492 haud
248 1431 440 1511 praevidebas,
454 1429 589 1510 ejusdcm
607 1439 639 1488 tu
659 1438 747 1509 atque
768 1429 817 1488 elii
835 1449 901 1489 reus
915 1449 948 1490 es
961 1431 1143 1509 ignorentiae,
1159 1448 1250 1512 quare

151 1525 222 1605 quid
231 1523 365 1603 estquod
375 1535 406 1582 tu
418 1543 464 1584 me
477 1523 571 1603 potius
581 1521 617 1582 de
627 1522 674 1581 his
687 1541 809 1582 accuses
819 1539 905 1600 quam
919 1521 976 1600 ego
989 1522 1041 1581 tei
1062 1521 1159 1583 Tanto
1172 1525 1250 1584 eninr

152 1619 255 1679 melior
270 1635 327 1697 ego
341 1634 426 1696 quam
440 1617 554 1676 sucinis
567 1616 665 1676 exstiti
685 1615 715 1674 in
736 1613 771 1674 iis
791 1615 860 1695 ipsis
881 1613 948 1694 q‘uoe
964 1615 1027 1694 jam
1048 1617 1250 1696 dico-neque

153 1713 223 1772 dnm
238 1712 276 1771 de
287 1712 401 1770 cacteris
415 1710 578 1782 dissero·-‚
592 1709 672 1789 quod
682 1725 738 1786 ego
748 1709 783 1768 iis
797 1727 863 1787 quae
877 1707 1005 1767 omnium
1013 1709 1151 1788 opinione
1170 1727 1249 1770 coma

154 1805 244 1864 mode
256 1803 434 1880 ridebuntur
447 1817 493 1862 me
506 1811 599 1861 totum
614 1799 730 1872 tradidi,
741 1801 850 1861 nullius
859 1801 979 1880 periculi
993 1801 1095 1880 privati
1109 1801 1251 1863 metuant

150 1906 288 1976 respectu
301 1897 437 1955 territus:
458 1905 492 1953 tu
505 1911 573 1954 voro
588 1911 685 1972 neque
698 1892 756 1952 alia
769 1893 866 1951 dixisti
886 1891 932 1951 his
953 1890 1152 1953 meliora-ric
1172 1893 1250 1952 enim

152 2006 250 2068 neque
265 1989 336 2048 meis
345 1987 389 2046 usi
401 1996 634 2064 essent—neque
642 1985 767 2064 'teipsum
778 1983 807 2043 in
816 1983 862 2042 his
873 1983 1112 2061 eoseqnmdisulla
1124 1996 1250 2065 exparte

152 2085 255 2143 utilem
268 2079 428 2162 praebuisti,
443 2080 496 2140 sed
514 2080 592 2158 quod
608 2078 803 2157 nequissimus
820 2077 943 2155 quisque
963 2086 993 2136 et
1007 2077 1250 2138 malevolam-ssia

153 2195 222 2236 mus
233 2175 264 2234 in
279 2169 487 2253 rempublicam
501 2172 629 2242 fecisset,
638 2171 694 2229 hoc
708 2179 739 2228 tu
753 2169 783 2226 iu
800 2169 835 2227 iis
853 2187 922 2246 ques
933 2169 1104 2229 accidebant
1118 2189 1250 2250 comper·

152 2277 202 2327 tus
213 2287 245 2328 es
259 2267 383 2333 lecisse;
406 2275 437 2324 et
456 2263 658 2346 uno-tempore
672 2263 703 2320 in
718 2259 804 2320 Naxo
819 2261 977 2320 Aristratus
988 2271 1019 2320 et
1030 2262 1060 2321 iu
1071 2262 1168 2321 Thaso
1183 2263 1250 2324 Aria

154 2363 270 2421 stolaus
281 2359 468 2420 inimicissimi
481 2356 568 2438 hujus
582 2353 706 2416 civitatis
718 2354 936 2413 Atheniensium
952 2355 1060 2414 amicos
1070 2357 1100 2414 iu
1106 2357 1249 2436 judicium

157 2465 273 2526 vocant,
286 2464 317 2514 et
330 2452 452 2512 Athenis
468 2450 622 2510 AEschines
637 2445 864 2506 Demosthenem
879 2457 1008 2507 accusat.
1050 2447 1142 2528 Atqui
1155 2449 1190 2518 is,
1204 2450 1251 2509 cni

157 2557 191 2608 ut
211 2548 391 2608 inclarescat
405 2546 575 2604 Groecorum
596 2539 777 2601 calamitates
799 2542 1028 2610 reservabantur,
1042 2541 1136 2620 perire
1155 2543 1253 2621 potius

154 2643 217 2722 ipse
231 2641 320 2699 debet
332 2654 421 2718 quam
436 2636 558 2697 alterum
568 2649 703 2694 accusare
715 2651 723 2692 ε
745 2643 775 2692 et
787 2632 834 2692 cui
846 2631 948 2692 eedem
959 2652 1025 2711 quse
1034 2634 1106 2712 reip.
1117 2634 1251 2694 hostibus

155 2745 290 2813 tempora
313 2731 492 2811 protuerunt,
517 2729 542 2787 is
569 2727 668 2805 nequit
691 2743 757 2784 esse
776 2725 919 2784 benevolo
944 2726 974 2785 in
997 2727 1119 2804 patriam
1143 2727 1251 2786 auimo.

156 2827 302 2886 Declurcs
324 2824 354 2882 id
375 2835 408 2882 tu
429 2841 467 2880 ex
487 2822 547 2881 vita
570 2835 659 2900 quam
679 2815 761 2889 vivis,
776 2829 811 2876 er
832 2817 866 2876 iis
888 2835 955 2896 quse
968 2817 1052 2888 lacis,
1067 2837 1103 2877 ex
1115 2817 1150 2877 iis
1166 2820 1253 2878 rebus

158 2937 233 3001 quas
254 2921 496 3000 geris,‚quasquo
518 2932 577 2974 non
600 2911 675 2992 geris
697 2910 726 2968 in
749 2909 908 2988 republica.
951 2908 1127 2969 Proceditne
1143 2909 1253 2987 aliquid

157 3014 268 3093 quode
283 3033 314 3072 re
327 3020 424 3070 vestra
444 3027 510 3068 esse
523 2999 677 3064 videatur?
718 3002 821 3059 Mutus
836 3000 999 3060 AEschinos.
1038 3000 1192 3070 ¹Ceciditue
1205 3000 1251 3058 in«

156 3107 311 3170 commode
332 3104 441 3181 aliquid
464 3113 494 3160 et
516 3098 640 3178 conligit
661 3095 750 3174 quolo
772 3111 831 3153 non
858 3094 1030 3172 oportebat?
1072 3093 1183 3152 l'raestc
1207 3103 1253 3152 est

157 3203 331 3262 AEschines:
351 3207 386 3256 ut
397 3207 482 3276 rupta
492 3205 523 3255 et
534 3191 684 3263 convulsa,
700 3186 809 3267 siquid
822 3187 891 3246 muli
906 3203 1012 3265 corpus
1027 3185 1173 3258 invaserit,
1188 3195 1253 3245 tum

156 3302 386 3356 commoventur.
865 3321 867 3326 ·

194 3390 243 3448 59.
267 3385 327 3446 Sed
342 3383 481 3464 quoniam
497 3380 620 3440 multum
634 3378 682 3436 ille
702 3376 732 3433 in
753 3374 864 3434 eventis
877 3387 973 3433 rernm
987 3373 1102 3448 insistit,
1116 3372 1188 3434 libet
1200 3374 1254 3434 ali·

156 3482 238 3560 quod
252 3481 351 3538 dicere
365 3476 444 3556 quod
458 3475 549 3534 etiam·
558 3470 727 3530 incredibile
742 3467 886 3527 rideatur.
927 3468 972 3526 Ac
990 3467 1070 3537 mihi,
1086 3487 1137 3547 per
1147 3467 1254 3526 lovem

156 3592 261 3655 queso
275 3573 405 3650 deosque
419 3581 530 3638 omnes,
553 3577 638 3624 nemo
659 3563 735 3621 hanc
755 3561 785 3618 in
799 3560 925 3620 dicendo
938 3559 1145 3620 confidentiam
1159 3560 1250 3618 demi·

156 3675 247 3740 retur,
263 3665 316 3727 sed
329 3662 478 3733 benevole,
499 3657 631 3737 idquod
644 3655 750 3726 dicam,
765 3653 939 3713 consideret.
983 3653 1013 3712 Si
1027 3650 1102 3712 enim
1117 3650 1251 3710 omnibus

157 3757 317 3820 manifesta
333 3756 455 3814 luissent
468 3771 503 3812 ee
516 3763 581 3829 que
604 3759 687 3807 erant
705 3746 813 3818 lutura,
828 3745 851 3804 si
865 3747 1080 3824 praescivissent
1098 3755 1254 3813 omneser

156 3866 189 3915 tu
203 3850 402 3934 predixisses,
416 3845 565 3916 AEschine,
578 3854 608 3902 et
629 3843 792 3901 obtestatus
813 3859 896 3899 esses
918 3837 1069 3898 clamitans
1090 3853 1125 3894 ac
1145 3835 1256 3902 veelle,

158 3953 236 4016 ratus,
245 3945 295 4023 qui
308 3922 345 4002 ne
357 3942 473 4000 loculus
487 3935 603 4016 quidem
618 3952 659 4005 es,
673 3952 711 3992 ne
725 3932 895 4011 sicquidem
907 3929 1015 3989 civitati
1029 3929 1065 3986 ab
1078 3927 1124 3987 his
1134 3930 1254 3988 consiliis

160 4036 363 4099 desistendum
380 4035 448 4106 tuit,
463 4032 487 4091 si
501 4030 617 4107 quidem
628 4039 680 4088 eut
693 4027 793 4106 gloria
814 4034 865 4083 eut
890 4021 1028 4099 majorum
1042 4029 1093 4080 aut
1104 4020 1193 4080 futuri
1206 4041 1253 4081 se-

160 4133 219 4193 culi
231 4132 373 4191 milonem
388 4127 518 4186 duceret.
562 4125 650 4181 Nouo
672 4120 790 4199 quidem
814 4113 958 4174 decidisse
972 4122 1084 4172 tantum
1097 4113 1255 4194 propositis

157 4226 284 4297 ridetur,
304 4221 385 4301 quod
398 4219 532 4278 omnibus
546 4230 698 4276 commune
713 4220 759 4270 est
772 4205 955 4277 mortalibus,
969 4206 1019 4264 ubi
1034 4207 1074 4266 ita
1088 4206 1145 4268 deo
1159 4206 1254 4265 visum

156 4319 266 4379 fuerit:
287 4325 358 4375 tuuc
373 4323 440 4371 tero
451 4297 489 4370 ea
499 4327 565 4387 quae
575 4306 769 4385 principatum
781 4296 873 4360 sibi'in
887 4298 959 4359 alios
968 4300 1138 4370 vindicaret,
1145 4298 1254 4357 deinde

159 4415 198 4474 ab
210 4411 275 4470 hoo
284 4406 470 4477 descisceret,
482 4402 571 4462 totius
580 4397 705 4458 Groecle
717 4393 852 4473 Phillppo
865 4392 988 4471 prodite
1000 4393 1115 4471 culpam
1129 4390 1254 4460 rustitio-
