2886 4946
162 225 290 284 mr
499 313 504 321 ¹
656 203 982 318 ιιιιιιοιιοιιι,ι

229 361 301 424 nihil
315 375 393 424 esset
406 365 552 444 proditore
564 365 690 426 beatius.
712 364 822 424 Verum
834 381 893 424 nou
912 363 955 422 ita
967 369 1023 434 est,
1036 378 1106 420 nou.
1134 357 1193 426 Qui
1205 353 1330 436 potasti

229 455 354 516 multum
368 466 447 518 certe
460 459 552 520 abest.
573 457 633 518 Sed
647 458 823 538 simulatque
833 457 859 516 is
869 454 919 534 qui
932 452 1084 532 imperium
1099 449 1220 511 affectat
1229 465 1331 508 rerum

229 548 267 608 fit·
276 547 422 622 domiuus,
430 549 517 610 etiam
525 569 626 614 eorum
636 550 770 610 dominus
783 550 818 609 fit
830 548 880 626 qui
894 547 950 606 ista
961 544 1165 616 vendiderunt,
1173 547 1332 622 perspecta

230 651 329 702 autem
341 641 457 703 illorum
470 643 654 722 improbitate
673 654 736 702 tum
751 663 828 712 vero,
843 651 905 700 tum
919 640 985 700 illos
1005 648 1036 698 et
1053 637 1117 698 odit
1129 645 1159 696 et
1172 642 1332 713 suspectos

230 731 359 793 habetet
373 735 655 796 contumeliaverat.
685 736 761 796 Rem
774 735 926 796 vobiscum
944 739 1096 812 reputate:
1118 727 1227 788 etenim
1243 726 1269 786 si
1289 725 1333 806 ip·

231 845 330 891 sarum
343 847 439 888 rerum
452 839 567 910 tempus
582 829 763 909 praeterierit,
784 837 816 888 at
832 846 882 888 aas
897 823 1097 905 cognoscendi
1117 831 1233 898 tempus
1254 839 1333 877 nun-

231 934 319 994 quam
330 939 389 979 non
404 920 490 980 adest
504 920 642 981 cordatis.
665 921 820 999 Tantisper
835 919 996 979 Lasthenes
1007 914 1117 976 amicus
1138 911 1267 991 Philippi
1277 930 1332 970 no·

229 1010 405 1084 minabatur,
423 1014 493 1073 dum
518 1013 680 1095 Olynthum
697 1012 889 1094 prodidisset:
916 1009 1058 1088 tantisper
1074 1005 1240 1078 Timolaus,
1261 1004 1332 1062 dum

231 1102 345 1164 Thebas
370 1105 583 1184 pessundedit:
606 1108 747 1186 tantisper
767 1104 900 1164 Eudicus
923 1114 953 1162 et
973 1102 1070 1161 Simus
1092 1097 1237 1178 Larissai,
1260 1097 1333 1155 dum

232 1193 416 1260 Thessaliam
429 1197 564 1278 Philippo
580 1199 774 1278 subjecerunt.
812 1193 933 1266 Deinde,
946 1213 1013 1262 curn
1027 1191 1202 1270 ejicerentur
1216 1200 1246 1248 et
1261 1209 1333 1248 eon-

230 1289 357 1356 tumeliis
372 1292 511 1369 exagitati
524 1303 625 1352 esseut
638 1301 669 1350 et
681 1291 753 1356 nibil
767 1309 826 1348 non
839 1288 968 1346 subirent
981 1283 1061 1356 mali,
1074 1283 1226 1342 universus
1240 1291 1333 1342 terra·

230 1395 295 1442 rum
314 1381 392 1442 orbis
407 1381 569 1460 completus
581 1389 629 1442 ‘est
641 1379 844 1460 proditoribus.
872 1377 951 1448 Quid
966 1376 1129 1438 Aristratus
1144 1373 1284 1454 Sicyone,
1304 1385 1335 1434 et
1361 1445 1363 1450 .

231 1471 302 1550 quid
313 1471 603 1552 MegarisPerilausi
616 1493 674 1534 uon
684 1473 853 1551 vilesatque
862 1468 990 1549 abjecti?
1006 1468 1054 1528 Ex
1062 1467 1167 1546 quibua
1176 1465 1334 1527 evidentis-

231 1563 304 1627 sime
318 1565 409 1626 cuitl's
423 1566 521 1630 videre
537 1565 616 1638 licet,
635 1566 685 1644 qui
698 1564 819 1644 patriam
838 1581 921 1624 suam
941 1561 1073 1622 defendit
1086 1559 1211 1620 maxime
1224 1559 1334 1638 quique

221 1657 296 1732 ,istis
306 1659 463 1737 plurimum
474 1659 652 1732 adversatur,
663 1679 730 1718 eum
739 1659 831 1729 vobit,
843 1646 991 1728 AEsohiue,
1001 1653 1195 1734 proditoribus
1207 1673 1243 1714 ac
1257 1674 1333 1714 mer·

232 1750 355 1810 cenariis
363 1751 443 1812 unde
452 1750 577 1830 pretium
587 1751 737 1830 accipiatis
745 1749 945 1830 suppeditare,
960 1756 1000 1821 et,
1009 1747 1089 1824 quud
1099 1746 1131 1805 id
1144 1765 1239 1825 genus
1249 1746 1333 1808 multi

231 1841 292 1902 siut
304 1851 335 1901 et
344 1843 448 1903 vestris
471 1843 598 1904 consiliis
611 1843 802 1922 refragentur,
814 1860 867 1902 ros
882 1841 977 1900 salros
992 1859 1058 1900 esse
1079 1859 1115 1900 ac
1129 1839 1266 1899 mercede
1281 1860 1332 1898 au·
1427 1865 1428 1874 ι

232 1943 307 2004 ctos,
328 1953 396 1993 nam
409 1945 553 2013 quantum
565 1936 690 2004 insobis
700 1935 817 2015 quidem
828 1933 897 2014 ipsis
911 1933 968 1993 fuit
975 1931 1149 2015 jamdudum
1163 1931 1333 2012 periissetis·
1427 1933 1428 1948 ³

276 2027 323 2086 16.
344 2027 388 2088 Ac
408 2027 445 2088 de
459 2029 639 2108 iiaproiecto
651 2047 718 2108 quse
738 2040 800 2088 tum
814 2037 897 2106 gesta
911 2037 980 2085 sunt
1000 2025 1119 2086 tametsi
1136 2025 1230 2106 multo
1250 2025 1333 2104 plura
1427 2025 1428 2102 j

232 2117 356 2178 habeam
369 2118 477 2193 dicere,
490 2119 555 2182 bueo
570 2132 668 2182 tamen
680 2121 765 2182 nimis
778 2121 872 2180 multa
890 2118 969 2190 dicta
983 2127 1142 2198 esseputo.
1176 2116 1273 2195 Cujus
1294 2117 1332 2176 rei
1427 2109 1428 2166 ἶ

231 2211 288 2272 iste
298 2212 413 2291 culpam
427 2214 562 2287 sustinet,
570 2214 620 2292 qui
629 2234 690 2274 susa
700 2212 891 2294 improbitatis
903 2230 1080 2290 suorumque
1093 2209 1274 2288 flagitiorum
1285 2229 1331 2268 ve·
1427 2235 1428 2240 ¹

230 2301 285 2364 luti
306 2303 472 2366 hesternam
486 2306 641 2385 crapulam·
649 2306 679 2364 in
703 2325 750 2366 me
769 2305 906 2378 evomuit,
920 2323 1009 2383 quam
1030 2307 1151 2365 necesse
1173 2302 1232 2361 suit
1256 2300 1332 2381 apud
1427 2299 1428 2338 l

231 2414 284 2458 ros
298 2398 349 2475 qui
359 2397 445 2456 rebus
458 2397 514 2458 illis
524 2399 653 2478 juniores
667 2400 737 2458 estis
752 2398 857 2458 eluere.
880 2398 942 2457 Vos
956 2406 1054 2458 autem
1066 2396 1193 2470 ¹fortasse
1206 2392 1281 2454 estis
1291 2388 1331 2453 in-

232 2489 395 2562 terturbati,
409 2491 458 2567 qui
472 2491 556 2569 prius
565 2483 652 2552 etiarn
661 2511 749 2569 quam
758 2493 877 2552 verbum
889 2511 945 2570 ego
954 2491 1047 2549 ullum
1060 2490 1188 2550 facerem
1198 2487 1330 2577 venalem

232 2581 315 2642 istius
330 2600 449 2658 operam
461 2583 615 2642 noveratis.
648 2584 745 2652 Quam
758 2594 856 2644 tamen
869 2584 932 2663 ipse
952 2581 1110 2642 amicitiam
1128 2591 1160 2640 et
1171 2580 1330 2662 hospitium
1427 2593 1428 2652 ᾗ

232 2661 373 2754 nominat,
388 2681 475 2751 atque
486 2691 565 2733 nunc
579 2674 685 2734 alicubi
695 2675 767 2736 dixit
782 2677 813 2738 is
835 2675 900 2754 ιιιιί
923 2674 1011 2733 mihi
1031 2671 1255 2738 Alexandri
1278 2658 1330 2731 ho·
1427 2675 1428 2746 ᾖ

233 2763 398 2842 spitium
435 2767 670 2842 exprobrat.
708 2767 773 2846 Ego
795 2767 848 2826 tibi
867 2765 1026 2844 hospitium
1050 2753 1235 2824 Alexandri?
1254 2761 1329 2823 unde
1427 2753 1428 2820 l

232 2867 392 2930 consecuto
403 2866 455 2918 aut
466 2859 585 2935 quinam
597 2843 717 2920 merito?
729 2858 803 2932 Nee
816 2853 942 2938 Philippi
953 2857 1077 2918 amicum
1090 2875 1185 2934 neque
1201 2841 1328 2914 Alexan·

231 2948 276 3010 dri
296 2949 441 3028 hospitem
454 2967 510 3028 ego
523 2959 552 3010 re
566 2949 747 3030 appellarim,
763 2971 822 3010 non
835 2951 877 3010 ita
889 2949 1013 3028 insanio,
1026 2947 1083 3008 nisi
1097 2949 1171 3008 sorte
1187 2963 1327 3007 messores

232 3041 338 3121 aliique
350 3042 400 3120 qui
408 3058 476 3100 suas
487 3059 590 3122 operas
604 3042 737 3101 mercede
751 3043 851 3102 locant
864 3041 949 3102 amici
963 3051 1051 3120 atque
1059 3029 1190 3124 hospites
1200 3049 1271 3101 sunt
1280 3058 1327 3117 ap-

232 3134 361 3214 pellandi
385 3153 516 3205 eoruma
532 3134 637 3212 quibus
652 3133 789 3194 conducti
803 3144 882 3194 suut.
920 3133 1031 3193 Verum
1051 3151 1109 3211 nnn
1130 3132 1172 3191 ita
1193 3140 1251 3204 est,
1263 3149 1326 3190 nou.

195 3263 197 3265 -
233 3226 292 3292 Qui
305 3221 404 3285 enimi
423 3226 637 3302 multumlcerte
651 3228 743 3294 abest.
765 3227 809 3285 At
822 3225 1030 3286 mercenarium
1044 3243 1101 3303 ego
1110 3233 1141 3284 te
1155 3223 1235 3284 sicut
1247 3217 1328 3282 autea

233 3317 370 3396 Philippi,
386 3319 428 3394 ita
446 3337 524 3378 nunc
538 3319 698 3380 Alexandri
712 3315 788 3393 dico,
810 3329 839 3380 et
852 3318 882 3377 hi
902 3318 990 3384 etiam
1009 3335 1120 3378 omnes.
1157 3315 1191 3376 Si
1205 3306 1327 3388 dubitas,

232 3409 407 3488 interrogato
421 3429 481 3470 eos.
498 3411 577 3480 Quin
585 3421 701 3489 egomet
712 3421 803 3492 prote
819 3410 1003 3470 bociaciam.
1020 3409 1125 3494 Utrum
1135 3407 1229 3496 vobis,
1241 3405 1327 3466 Athe·

232 3503 359 3573 nienses,
380 3503 575 3562 mercenarius
589 3503 741 3574 AEschiues
754 3504 919 3582 anbospes
933 3523 999 3564 esse
1019 3499 1181 3560 Alexandri
1198 3496 1327 3559 videtur?

232 3595 336 3667 Audis,
345 3594 418 3674 quid
430 3595 540 3655 dicurlt.
569 3597 656 3656 Nunc
667 3596 754 3675 igitur
763 3597 811 3657 isti
821 3597 858 3656 de
872 3597 1060 3658 accusatione
1070 3594 1250 3674 respondere
1261 3591 1338 3654 volo·

232 3687 376 3766 simulque
386 3703 521 3754 resmeus
530 3700 627 3766 gestas
637 3708 794 3768 exponere,
804 3698 839 3747 ut
848 3708 1014 3767 quanquam
1024 3686 1155 3768 pernorit
1165 3683 1325 3757 AEsehines,

232 3781 333 3840 audiat
345 3790 452 3851 tamen,
464 3800 537 3858 quus
551 3780 588 3842 ob
603 3799 707 3840 causas
720 3801 775 3860 ego
790 3802 836 3840 me
851 3801 911 3842 non
930 3781 965 3840 iis
979 3789 1174 3857 tantumquae
1195 3785 1325 3844 asenatu

233 3872 350 3932 decreta
360 3882 439 3951 sunt,
447 3870 546 3941 v‘eruur
555 3872 642 3932 etiam
650 3873 737 3952 longe
745 3867 901 3954 majoribus
909 3873 1035 3955 proemiis
1049 3872 1173 3951 dignum
1182 3891 1247 3934 esse
1257 3889 1325 3932 con·-

231 3963 360 4024 tendam.
383 3965 471 4026 Sume
485 3965 572 4044 igitur
586 3965 677 4045 ipsius
686 3967 887 4028 ‘accusationis
901 3967 1045 4039 libellum,
1057 3976 1089 4028 et
1099 3965 1200 4026 recita.

290 4183 297 4217 ¹
460 4206 463 4212 ,
651 4168 901 4232 Aecus-Ario,

266 4290 306 4340 1⁷.
322 4283 584 4352 Arohontachoerouda,
596 4307 663 4346 sexto
679 4301 718 4348 dis
733 4301 819 4348 mensis
836 4299 1038 4363 Elapheboliouis,
1054 4301 1179 4350 AEsohirbs
1190 4295 1297 4348 tumori
1308 4297 1326 4344 s·

234 4361 375 4414 (lotharidas
382 4362 497 4425 'judloidm
509 4368 538 4416 ds
550 4368 650 4422 dedretii
661 4373 752 4436 lapibus
761 4377 867 4426 adversis
875 4376 1056 4427 ud'drrohdniem
1065 4378 1152 4428 uertit
1157 4369 1325 4436 ὣῑῧΐθῑῌῦ

236 4449 282 4490 tem
292 4441 455 4504 berhthunus.
467 4445 651 4508 demitharum,
662 4453 724 4511 qaod
736 4453 853 4503 decretum
865 4455 1021 4518 cortrdlepss
1031 4455 1094 4513 tulit,
1111 4471 1190 4520 maipa
1204 4459 1230 4503 ut
1239 4451 1325 4500 Demo·
