2946 4954
103 397 112 412 ,
185 312 257 374 Μ
435 309 492 372 DE
516 311 634 374 MALE
656 309 788 374 GESTA
810 307 1061 370 LEGATIONE.

600 552 908 615 TESTIMONIUM.

239 697 289 760 53.
312 695 425 767 Quibus
440 698 529 778 igitur
543 697 627 758 malis
640 707 671 758 et
683 699 811 777 negotiis
833 698 863 756 in
876 703 940 756 toto
958 694 1058 757 itinere
1076 693 1131 752 sim
1149 687 1302 751 conflicta·

200 789 392 863 tus,*ridistis.
435 792 515 858 Quid
530 785 607 850 enim
628 809 679 850 eos
693 791 752 850 illic
772 790 878 849 secisse
892 787 1011 868 putatis,
1026 786 1096 844 dum
1110 801 1202 864 prope
1215 781 1305 860 largi·

114 931 120 944 ,
200 893 294 944 torem
319 895 430 957 essent,
443 901 510 943 cnm
524 883 690 943 videntibus
705 881 798 954 vobis,
810 880 860 960 qui
883 878 1012 940 habendi
1033 876 1163 946 honoris,
1186 882 1302 934 contra·

201 993 258 1056 que
273 976 439 1054 irrogandas
452 976 569 1035 mulctra
585 984 732 1054 potestate
746 973 862 1043 valetis,
875 972 932 1031 ista
945 968 1120 1048 designent?
1143 969 1177 1025 ln
1191 979 1304 1024 summa

201 1066 289 1145 igitur
312 1068 411 1147 capita
435 1065 630 1127 accusationis
649 1067 687 1127 ab
703 1063 785 1124 initio
809 1063 960 1143 colligam,
974 1071 1009 1120 ut
1021 1079 1056 1120 ea
1069 1079 1115 1119 ma
1134 1057 1303 1138 prestitisse

202 1159 409 1232 demonstrem,
424 1179 491 1240 quoe
509 1160 540 1218 in
561 1158 704 1239 principio
721 1157 870 1228 orationis,
883 1174 930 1216 me
943 1155 1027 1215 vobis
1042 1162 1227 1212 ostensurum
1239 1165 1305 1209 esse

203 1267 268 1309 sum
280 1251 437 1330 pollicitus.
475 1250 680 1310 Demonstrari
694 1269 761 1310 eum
770 1249 841 1308 nihil
852 1245 1040 1306 renunciasse
1055 1243 1127 1314 veri,
1140 1242 1193 1302 sed
1205 1241 1304 1300 lucum

202 1340 310 1402 fecisse
322 1344 416 1415 vobis,
437 1343 565 1421 ipsarum
587 1360 684 1401 rerum
705 1361 766 1400 non
778 1339 934 1400 verborum
956 1335 1129 1396 testimoniis
1145 1352 1234 1394 usus:
1246 1333 1306 1402 ‚de-

194 1436 374 1510 monstravi,
388 1455 455 1496 eum
469 1435 500 1494 in
519 1455 610 1496 causa
622 1435 726 1513 fnisse,
739 1454 777 1494 ne
789 1454 842 1494 vos
857 1449 926 1516 vera
945 1451 982 1492 ex
1005 1449 1051 1490 me
1071 1426 1171 1489 audire
1185 1426 1307 1496 velletis,

204 1537 267 1588 tum
288 1529 371 1588 istius
390 1529 539 1608 promissis
568 1537 599 1588 et
621 1525 881 1607 pollicitationibus
905 1522 1049 1602 occupati,
1072 1540 1140 1581 cum
1167 1521 1193 1580 is
1212 1519 1309 1579 omnia

205 1629 410 1699 contraquam
423 1620 553 1698 oportuit
566 1618 718 1691 suasisset,
732 1627 762 1679 et
776 1618 922 1677 sociorum
943 1615 1122 1692 refragatum
1147 1629 1212 1671 esse
1233 1611 1308 1690 paci,

206 1710 410 1788 Philocraticae
425 1711 635 1790 suffragatum:
656 1722 790 1790 tempora
809 1709 993 1780 contrivisse,
1007 1718 1041 1766 ut
1064 1722 1119 1764 nec
1141 1703 1309 1775 sivelletis,

206 1804 333 1881 possetis
348 1803 472 1880 educere
488 1803 589 1884 copias
604 1803 634 1861 in
656 1801 836 1862 Phocidem:
858 1810 888 1861 et
905 1801 962 1861 ali'a
983 1797 1077 1858 multa
1100 1807 1131 1857 et
1150 1796 1262 1857 atrocia
1281 1795 1310 1853 in

207 1896 309 1956 itinere
334 1897 533 1958 commisisses
553 1895 718 1977 prodidisse
740 1893 856 1956 omnia:
878 1893 1061 1954 vendidisses
1083 1890 1234 1969 accepisse
1248 1909 1310 1949 mn·

208 2006 300 2048 nera:
321 1988 436 2048 nullum
459 1989 624 2068 praeterisse
640 1987 833 2068 improbitatis
853 2005 956 2066 genus.
998 1981 1073 2043 llaec
1087 1981 1174 2063 igitur
1188 1981 1219 2040 in
1233 1983 1311 2062 prin-

209 2079 286 2158 cipio
300 2080 431 2159 promisi,
446 2080 731 2142 hoeedemonstrari.
775 2091 778 2097 '
842 2093 846 2100 '

251 2171 304 2228 64.
326 2172 395 2231 Jam
408 2171 480 2250 quid
502 2173 646 2250 reliquum
660 2172 708 2241 sit,
720 2169 834 2240 videte;
858 2169 981 2251 simplex
1000 2167 1077 2229 enim
1097 2176 1145 2228 est
1157 2183 1224 2246 quae
1244 2165 1312 2226 mihi

208 2261 270 2339 jam
284 2263 436 2342 ¹vobiscum
453 2264 509 2324 erit
529 2265 633 2324 oratio.
674 2265 695 2325 J
697 2265 803 2341 orastis
816 2283 869 2323 vos
889 2261 1136 2342 pronunciaturos
1150 2281 1189 2331 err
1200 2261 1313 2342 legibus

212 2365 244 2413 et
261 2353 433 2435 plebiscitis,
455 2365 485 2416 et
509 2356 635 2418 decretis
661 2367 780 2417 senatus
803 2357 1046 2434 quingentorum:
1069 2363 1187 2413 constat
1206 2361 1314 2426 antem,

24 2483 27 2490 ,
103 2491 106 2501 .
210 2446 301 2506 istum
313 2448 411 2507 omnia
425 2448 569 2508 contraria
577 2449 700 2527 legibus,
709 2447 843 2526 decretis,
852 2447 991 2506 institutis
1002 2447 1030 2505 in
1039 2445 1188 2524 legatione
1197 2446 1313 2506 fecisse.

214 2537 290 2596 Ilum
304 2537 392 2616 igitur
404 2539 602 2598 condemnari
611 2541 748 2599 convenit
766 2559 784 2598 a
797 2538 925 2598 cordatis
934 2537 1095 2617 judicibus.
1137 2537 1218 2598 Nam
1234 2540 1258 2597 si
1271 2532 1314 2598 'ni-¹

213 2627 256 2686 hil
270 2628 350 2689 aliud
367 2626 572 2704 commisisset,
587 2630 647 2689 duo
671 2638 770 2690 tamen
788 2631 852 2710 ejus
876 2631 1020 2690 facinora-
1028 2639 1122 2690 morte
1145 2631 1316 2692 mulctanda

214 2731 323 2780 essent.
365 2721 469 2800 Neque
483 2721 561 2782 enim
573 2721 745 2781 Phocenses
757 2731 883 2792 tantum,
904 2721 956 2781 sed
980 2729 1010 2780 et
1022 2719 1176 2780 'lhraclam
1190 2723 1317 2801 prodidit

215 2811 360 2892 Philippo.
394 2815 451 2872 *At*
462 2814 522 2873 duo
541 2813 608 2873 loca
631 2813 747 2872 utiliora
767 2813 934 2892 reipublice
947 2813 977 2871 in
992 2813 1061 2872 orbe
1075 2823 1217 2873 terrarum
1232 2834 1316 2874 nemo

214 2904 310 2984 possit
319 2901 482 2978 ostendere,
497 2905 526 2964 in
539 2914 627 2978 terra,
637 2905 729 2985 Pylis,
742 2905 948 2984 Hellesponto,
960 2905 990 2964 in
1004 2906 1095 2964 mari:
1116 2925 1181 2984 quae
1193 2916 1316 2986 utraque

216 2996 264 3056 isti
281 2997 425 3076 flagitiose
448 2998 653 3071 vendiderunt,
677 3001 710 3058 et
731 2999 829 3059 restro
857 2999 935 3058 malo
962 2995 1099 3077 Philippo
1127 2998 1317 3079 tradiderunt.

219 3090 298 3150 Illud
312 3090 408 3169 ipsum
422 3090 520 3169 igitur,
540 3099 648 3169 praeter
669 3100 778 3164 cetera,
789 3101 929 3168 quantum
944 3090 1047 3150 scelus·
1056 3100 1112 3163 est,
1125 3091 1282 3152 Thraciam
1292 3103 1319 3151 et

218 3182 323 3248 Muros
336 3182 519 3261 prodidisse?
542 3182 661 3241 Infinita
681 3182 740 3242 dici
760 3191 891 3261 possent,
909 3202 998 3264 quam
1017 3181 1106 3240 multi·
1120 3189 1241 3263 propter
1251 3185 1321 3244 talia

218 3275 349 3336 facinore
363 3275 609 3336 etiam'interlecti
622 3276 680 3336 sint
691 3277 771 3355 apud
785 3275 936 3347 vos‚.alios
953 3286 1052 3336 autem
1067 3283 1175 3357 magna
1189 3298 1257 3339 esse
1270 3299 1319 3358 pe·

219 3367 307 3427 cunia
320 3368 485 3440 mulctatos,
499 3378 621 3428 ostensu
644 3388 703 3428 non
727 3378 773 3428 est
793 3368 925 3438 difficile3
948 3378 981 3429 ut
996 3368 1198 3448 Ergophilum,
1214 3370 1321 3450 Cephi-

220 3459 368 3532 sodotum,
382 3461 623 3522 Timomachum:
644 3473 677 3522 ut
690 3461 760 3520 olim
775 3461 931 3540 aliquando
947 3461 1112 3541 Ergoclem,
1133 3463 1320 3543 Dionysium,

221 3553 305 3626 alios,
321 3572 395 3631 quos
409 3553 561 3614 universos
574 3548 775 3633 parurn'ahest
788 3554 858 3632 quin
883 3554 981 3637 dicam
1003 3554 1100 3614 minus
1120 3574 1210 3634 quam
1233 3557 1321 3616 istum

221 3647 357 3707 nocuisse
370 3644 548 3724 reipublice.
590 3647 668 3707 Nam
691 3667 727 3706 eo
748 3657 889 3726 tempore,
904 3646 1112 3719 Athenienses,
1127 3647 1261 3726 pericula
1272 3668 1322 3709 vos

221 3740 380 3800 etiamnum
393 3738 515 3798 consilio
528 3739 676 3808 cavalcatis
687 3750 718 3798 et
737 3737 979 3818 'prospiciebatist
1000 3758 1090 3812 nunc,
1106 3738 1163 3798 nisi
1176 3740 1260 3817 quod
1273 3757 1322 3800 vos

221 3832 351 3911 quotidie
364 3841 462 3902 vexat,
478 3843 509 3891 et
520 3831 739 3910 praesentiusue
751 3831 892 3891 molestiis
902 3830 1001 3901 afficit,
1015 3827 1173 3913 negligitis.
1216 3827 1326 3893 Pos'tes

221 3925 330 3986 frustra
352 3925 399 3986 hic
414 3923 580 3997 decernitis,
595 3933 625 3984 et
638 3923 837 4003 Cersobleptae
853 3943 871 3982 a
885 3922 1021 4003 Philippo
1040 3923 1172 3983 dandum
1185 3921 1255 3984 esse'
1261 3925 1326 4005 jus·

219 4016 388 4095 jurandum,
403 4026 434 4076 et
448 4016 585 4096 Philippo
599 4035 659 4076 non
674 4016 804 4076 dandum
816 4035 880 4077 esse
895 4016 992 4075 locum
1000 4015 1076 4076 inter
1085 4015 1327 4096 Amphictyones,

224 4115 256 4190 et
269 4126 371 4186 pacem
382 4127 446 4170 esse
460 4110 674 4190 corrigendam.
690 4105 822 4176 Quorum
832 4107 1017 4168 decretorum
1026 4107 1108 4168 nullo
1122 4103 1228 4168 luisset
1242 4129 1326 4189 opus,

225 4200 250 4260 si
271 4198 409 4275 navigare
430 4201 495 4269 iste,
518 4211 548 4259 et
570 4201 667 4262 officio
689 4200 774 4278 snngi
796 4199 955 4279 voluisset:
977 4219 1055 4258 nunc
1075 4197 1142 4278 quae
1157 4197 1332 4280 ‘navigando

224 4307 396 4369 conservare
420 4291 595 4367 potuissent,
622 4292 750 4353 eadum
774 4292 814 4352 ire
833 4292 929 4371 jubet,
948 4291 1087 4374 perdidit,
1111 4312 1178 4374 quse
1202 4291 1332 4354 dicenda

183 4381 190 4396 “
227 4383 360 4454 veritate,
375 4380 553 4444 mentiendo.
1006 4385 1011 4396 '
