2886 4946
509 316 513 327 κ
565 280 829 344 asenneus.
1189 271 1249 346 1ar'
1333 343 1335 347 .

156 445 264 508 crimen
278 441 381 504 salutis
395 451 446 504 aut
459 440 601 502 libertatis
610 439 856 518 renarint,neque
868 437 1035 517 injurinmrn
1046 454 1099 499 vos
1104 453 1249 502 memores

156 538 274 599 tuturos.
284 557 379 615 neque
391 532 700 596 rationemhabituros.
801 559 808 565 ·
1259 595 1261 602 ,

193 632 245 690 29.
267 629 372 707 Neque
384 647 453 688 vero
472 627 502 686 in
521 625 567 686 his
588 625 683 686 solum
707 625 794 685 rebus
813 643 848 684 eo
872 623 970 684 animo
983 621 1091 696 fuistis,
1111 625 1245 687 sedeam
1313 701 1316 708 .

152 722 208 783 sibi
230 723 336 782 iterum
362 720 496 780 Thebani
516 719 660 780 Euboeam
674 719 870 792 vendicarent,
884 735 943 778 non
957 717 1138 796 neglenistie,
1152 735 1247 798 neque

152 814 325 891 injuriarum
336 833 417 893 ,quas
441 833 460 874 a
477 808 652 872 Themisone
671 821 702 871 et
718 810 873 871 Theodoro
891 809 929 870 de
952 809 1053 890 Oropo
1070 814 1248 892 acceperatis
1299 875 1300 880 ,

153 907 228 976 estis
246 906 401 987 recordati,
417 903 468 966 sed
492 904 538 986 his
558 924 677 985 quoque
698 903 890 979 succurristis,
904 921 964 983 quo
981 903 1105 982 primurn
1119 915 1247 985 tempore

154 992 306 1058 trierarchi
319 997 473 1057 voluntarii
485 997 593 1058 civitati
606 997 788 1069 exstiterunt,
801 1015 924 1074 quorum
937 1011 1014 1077 unus
1027 1015 1083 1075 ego
1096 997 1147 1056 lui.
1189 999 1249 1060 Sed

156 1089 290 1149 nondum
304 1089 342 1150 de
355 1089 411 1149 his:
452 1088 596 1150 Praeclare
619 1089 737 1168 quidem
752 1088 860 1148 fecistis
873 1108 940 1149 curn
950 1086 1075 1148 insulam
1088 1090 1249 1165 servaretis,

154 1183 250 1259 multo
261 1183 359 1248 autem
371 1183 542 1262 praeclarius
557 1183 669 1242 facinus
682 1181 858 1262 praestitistis
872 1182 950 1263 quod
964 1200 1030 1242 cum
1043 1192 1074 1242 et
1081 1183 1205 1243 deorum
1220 1196 1251 1246 et

154 1276 272 1338 urbium
285 1263 435 1356 ‘pompotes
449 1275 552 1335 essetis
574 1275 609 1334 iis
631 1275 682 1354 qui
705 1294 758 1334 vos
781 1276 918 1335 laeserant
936 1285 1059 1357 utraque
1072 1273 1248 1350 reddidistis,

155 1368 239 1428 nulla
261 1366 431 1446 injuriarum
455 1375 642 1448 acceptarum
665 1386 732 1428 eum
753 1365 829 1427 fides
852 1367 934 1427 vobis
960 1367 1122 1431 haberetur
1137 1365 1248 1433 ratione

155 1461 256 1522 ducta.
286 1462 431 1521 Sescenta
444 1459 543 1539 utique
557 1459 614 1520 alia
628 1453 695 1540 quse
708 1479 932 1521 commemorare
945 1479 1065 1539 possum
1077 1467 1249 1544 praetermit-

154 1564 196 1628 to,
209 1573 325 1634 pugnas
339 1553 469 1626 navales,
482 1552 682 1632 expeditiones
696 1552 858 1632 pedestres,
877 1551 1005 1627 militias,
1025 1563 1088 1613 tum
1111 1557 1249 1635 superiori

156 1659 291 1727 tempore
304 1657 367 1706 tum
379 1657 478 1707 vestre
498 1647 585 1706 etiam
604 1647 744 1708 memoria
764 1655 957 1726 comparatas,
977 1662 1052 1726 quas
1074 1667 1174 1709 omnes
1198 1668 1249 1730 pro

157 1739 308 1801 communi
321 1739 493 1798 Graecorum
507 1739 628 1798 aliorum
641 1738 774 1800 libertate
797 1757 832 1800 ac
850 1740 944 1800 salute
958 1740 1060 1801 civitas
1072 1741 1136 1803 haec
1151 1763 1250 1804 susce·
1298 1799 1300 1806 ,

156 1832 209 1912 pit.
254 1832 331 1892 Cum
353 1831 442 1911 igitur
462 1831 730 1894 animadvertissem
743 1833 887 1894 civitatem
902 1842 1031 1894 nostram
1044 1835 1075 1894 in
1088 1838 1174 1898 tantia
1184 1835 1249 1896 tali-

156 1927 274 2004 busque
289 1923 491 1985 certaminibus
512 1944 565 2004 pro
589 1924 689 1984 alienis
702 1925 862 1985 commodis
875 1923 1018 2005 implicari
1030 1927 1116 1998 velle,
1132 1949 1198 1991 curn
1212 1931 1250 1990 de

157 2018 257 2097 seipsa
279 2015 495 2097 quodammodo
520 2017 687 2077 consultum
710 2026 795 2088 esset,
816 2017 887 2095 quid
910 2037 966 2096 ego
986 2019 1013 2078 ei
1028 2021 1151 2080 suadere
1165 2023 1252 2083 debui
1306 2088 1311 2096 ,

157 2110 266 2189 quidve
280 2109 395 2170 consilii
407 2108 562 2170 exhiberet
582 2109 711 2190 Injurias
722 2109 834 2170 scilicet
843 2119 876 2169 ut
888 2111 1086 2172 recordaretur
1097 2113 1128 2172 in
1138 2134 1188 2175 eos
1202 2117 1251 2194 qui

158 2203 268 2264 servari
280 2202 447 2281 cupiebant,
461 2210 550 2280 utque
563 2202 767 2262 excusationes
781 2203 957 2281 quaeritaret,
971 2203 1074 2281 quibus
1088 2209 1251 2268 eommunia

158 2294 316 2356 commoda
329 2295 528 2374 proderemus.
569 2295 608 2354 Et
622 2295 687 2382 quis
701 2315 747 2355 me
765 2316 825 2355 non
842 2295 945 2355 merito
958 2299 1121 2371 necaverat,
1135 2298 1251 2379 siquod

111 2421 112 2426 κ
160 2407 342 2466 eorumquae
356 2387 464 2448 civitati
475 2388 583 2463 adsunt
596 2387 819 2447 ornamentavel
833 2389 921 2448 verbo
934 2397 1046 2447 tantum
1056 2387 1261 2468 contaminare¹

161 2496 261 2540 essem
270 2479 446 2560 aggressos?
488 2480 564 2540 Nam
578 2499 639 2541 rem
649 2480 768 2559 quidem
778 2481 870 2560 ipsam
884 2499 937 2540 vos
947 2487 1006 2539 non
1016 2477 1105 2540 luisse
1114 2475 1253 2559 facturos,

163 2591 222 2651 ego
235 2581 315 2632 certo
328 2572 399 2632 scio.
442 2571 473 2631 Si
493 2572 570 2633 enim
582 2563 756 2646 noluissetis,
770 2573 839 2652 quid
852 2573 1033 2634 obstitisset?
1043 2593 1112 2634 ¹non
1124 2574 1253 2637 licebat?

91 2717 96 2722 .
162 2685 223 2726 non
237 2674 344 2743 praesto
354 2673 437 2722 erant
450 2664 500 2742 qui
513 2663 542 2721 id
557 2664 714 2724 suaderent
726 2665 797 2725 istil

201 2761 251 2817 30.
272 2758 341 2816 Jam
360 2755 446 2835 igitur
466 2755 505 2814 ad
516 2759 563 2814 'ea
582 2767 709 2816 revertar
721 2776 788 2834 quae
801 2759 938 2839 deinceps
952 2761 980 2818 in
995 2759 1144 2839 republica
1156 2762 1252 2839 gessi:

160 2859 249 2930 atque
268 2850 299 2908 in
321 2847 367 2910 his
388 2847 491 2908 iterum
505 2856 636 2926 spectate
649 2847 720 2926 quid
733 2848 933 2911 civitatiesset
946 2851 1135 2912 utilissimum.
1178 2855 1253 2914 Nam
1359 2919 1361 2922 ,

162 2962 233 3006 curn
244 2943 385 3014 viderem,
399 2941 603 3012 Athenienses,
617 2959 676 2998 rem
690 2941 822 3000 navalem
832 2953 962 3018 vetram
968 2944 1067 3016 dilabi,
1081 2943 1184 3006 divites
1194 2947 1254 3007 exi·

162 3037 229 3118 guis
244 3035 407 3114 sumptibus
421 3033 504 3112 lactis
517 3034 728 3093 immunitatem
750 3033 898 3112 consequi,
918 3035 1044 3113 reliquos
1068 3038 1255 3100 mediocrium

162 3139 215 3192 aut
233 3127 366 3188 tenuium
389 3125 561 3187 facultatum
582 3127 660 3186 cives
683 3125 804 3186 fortunis
826 3128 884 3186 suis
907 3128 1011 3197 orbari,
1026 3127 1135 3188 civitati
1148 3132 1185 3190 ob
1200 3131 1253 3195 hae

163 3243 271 3285 causas
285 3241 380 3282 rerum
394 3221 586 3298 gerendarum
604 3221 772 3280 occasiones
792 3220 916 3292 effluere,
930 3221 1025 3300 legem
1035 3221 1098 3293 tuli,
1113 3243 1172 3302 qua
1181 3225 1254 3283 divi-

161 3327 210 3378 tes
231 3314 362 3376 officium
384 3313 479 3372 lacere
500 3312 595 3392 coegi,
609 3311 756 3391 pauperes
773 3314 811 3372 ab
828 3303 936 3391 injuria
955 3313 1110 3388 vindicavi,
1128 3317 1254 3397 denique

160 3407 273 3490 ciuitati
292 3405 446 3484 quoderat
462 3403 654 3476 utilissimum,
668 3403 800 3463 ntomnis
814 3403 882 3464 belli
895 3415 1048 3484 apparatus
1059 3424 1112 3468 suo
1125 3417 1254 3490 tempore
1268 3447 1280 3462 .

161 3510 342 3582 suppeteret,
354 3497 471 3579 perfeci
507 3499 606 3577 Atque
619 3497 649 3556 in
663 3517 697 3558 ea
709 3497 846 3557 enneade
855 3498 928 3558 seito
941 3509 1043 3560 eontra
1055 3502 1135 3582 leges
1148 3503 1254 3581 scripto

162 3603 333 3662 aequatus,
349 3609 448 3664 coram
465 3590 547 3666 robis
565 3590 712 3670 comparui
725 3600 756 3650 et
766 3591 915 3650 absolutus
928 3611 1002 3665 sum,
1016 3595 1145 3674 quintam
1159 3603 1255 3655 autem

162 3685 368 3764 smirngiorum
388 3691 501 3761 partem
514 3681 695 3742 adversarius
708 3701 768 3741 non
782 3681 915 3742 obtinuit.
956 3685 1045 3764 Atqui
1062 3695 1172 3763 quanta
1185 3685 1257 3747 mihi

141 3824 147 3834 ,
161 3779 286 3861 praemia
298 3777 416 3837 daturos
438 3775 529 3836 inisse
549 3775 658 3854 putatis
672 3775 810 3853 classium
823 3776 966 3858 principes
980 3788 1032 3838 aut
1046 3776 1193 3837 secundos
1204 3779 1255 3840 aut

160 3871 276 3941 tertios,
285 3869 410 3950 prirn'um
417 3868 537 3946 quidem
546 3867 580 3926 ut
591 3868 668 3929 hanc
675 3867 771 3948 legem
780 3885 841 3929 non
850 3869 965 3941 ferrem,
976 3870 1021 3928 sin
1029 3869 1135 3939 minus,
1147 3879 1180 3929 ut
1193 3885 1254 3931 rent

164 3963 344 4050 negligerem
362 3972 393 4021 et
402 3961 590 4042 jurejurando
603 3961 773 4042 interposito
784 3957 1050 4023 differri'sinereml
1068 3969 1150 4022 tantu
1159 3966 1255 4042 profe-

165 4055 444 4132 cto,Athepieir'ses,
455 4065 565 4133 quanta
579 4056 658 4135 apud
669 4075 723 4126 ros
736 4073 794 4136 ego
807 4055 904 4116 dicere
925 4070 984 4112 non
1006 4053 1110 4114 ausim.
1152 4056 1255 4136 Neque

163 4147 580 4212 boeeirnrneritofaeerentilli.
601 4149 721 4209 Licebat
730 4148 807 4208 enim
818 4147 911 4226 iisper
921 4144 1029 4224 priores
1037 4145 1120 4226 leges
1129 4149 1255 4210 sedecim

161 4244 280 4304 intense
294 4241 438 4322 copulatis
448 4241 616 4312 muneribus
629 4240 755 4320 publicis
765 4231 859 4318 iungi,
871 4255 937 4296 eum
945 4237 1000 4318 ipsi
1009 4257 1102 4320 pauca
1113 4241 1202 4302 immo
1211 4243 1255 4300 ni-

161 4335 426 4416 hilimpenderent,
432 4333 535 4414 inopes
550 4343 648 4394 autem
658 4335 737 4393 cives
755 4327 930 4392 attererent:
953 4351 1018 4392 mea
1031 4349 1100 4393 vero
1114 4333 1179 4412 lege
1193 4352 1256 4393 sun·

163 4439 241 4491 marn
250 4428 295 4489 αι’
304 4437 339 4488 ut
358 4445 419 4506 pro.
433 4424 741 4505 lacultaubussingnli
751 4424 831 4504 quad
847 4441 970 4505 equum.
981 4435 1060 4490 esset
1081 4425 1256 4500 conterrent,
