<?xml version="1.0" encoding="UTF-8"?>
<!DOCTYPE html PUBLIC "-//W3C//DTD XHTML 1.0 Transitional//EN"
    "http://www.w3.org/TR/xhtml1/DTD/xhtml1-transitional.dtd">
<html xmlns="http://www.w3.org/1999/xhtml" xml:lang="en" lang="en">
 <head>
  <title>
</title>
<meta http-equiv="Content-Type" content="text/html;charset=utf-8" />
  <meta name='ocr-system' content='tesseract 3.04.00' />
  <meta name='ocr-capabilities' content='ocr_page ocr_carea ocr_par ocr_line ocrx_word'/>
</head>
<body>
  <div class='ocr_page' id='page_1' title='image "./demosthenisetsc08ulpigoog/demosthenisetsc08ulpigoog_0320.png"; bbox 0 0 2932 4952; ppageno 0'>
   <div class='ocr_carea' id='block_1_1' title="bbox 455 311 1244 390">
    <p class='ocr_par' dir='ltr' id='par_1_1' title="bbox 455 311 1244 390">
     <span class='ocr_line' id='line_1_1' title="bbox 455 311 1244 390; baseline -0.004 -12"><span class='ocrx_word' id='word_1_1' title='bbox 455 317 674 390; x_wconf 78' lang='lat' dir='ltr'><strong>ADVERSUS</strong></span> <span class='ocrx_word' id='word_1_2' title='bbox 697 320 924 388; x_wconf 51' lang='lat' dir='ltr'>LEPTINEM.¹</span> <span class='ocrx_word' id='word_1_3' title='bbox 1122 351 1129 368; x_wconf 47' lang='lat' dir='ltr'>s</span> <span class='ocrx_word' id='word_1_4' title='bbox 1185 311 1244 376; x_wconf 72' lang='lat'>309</span> 
     </span>
    </p>
   </div>
   <div class='ocr_carea' id='block_1_2' title="bbox 138 473 1258 1106">
    <p class='ocr_par' dir='ltr' id='par_1_2' title="bbox 140 473 1241 552">
     <span class='ocr_line' id='line_1_2' title="bbox 140 473 1241 552; baseline -0.003 -17"><span class='ocrx_word' id='word_1_5' title='bbox 140 477 231 544; x_wconf 80' lang='lat' dir='ltr'>Quod</span> <span class='ocrx_word' id='word_1_6' title='bbox 244 493 313 534; x_wconf 85' lang='lat' dir='ltr'>vero</span> <span class='ocrx_word' id='word_1_7' title='bbox 327 473 458 532; x_wconf 88' lang='lat' dir='ltr'>omnium</span> <span class='ocrx_word' id='word_1_8' title='bbox 473 475 628 534; x_wconf 75' lang='lat' dir='ltr'>monimum</span> <span class='ocrx_word' id='word_1_9' title='bbox 643 479 699 547; x_wconf 88' lang='lat' dir='ltr'>e&#39;st,</span> <span class='ocrx_word' id='word_1_10' title='bbox 710 483 740 534; x_wconf 88' lang='lat' dir='ltr'>et</span> <span class='ocrx_word' id='word_1_11' title='bbox 753 476 783 533; x_wconf 90' lang='lat' dir='ltr'>iu</span> <span class='ocrx_word' id='word_1_12' title='bbox 798 493 906 552; x_wconf 83' lang='lat' dir='ltr'>genere</span> <span class='ocrx_word' id='word_1_13' title='bbox 910 479 1026 534; x_wconf 80' lang='lat' dir='ltr'>contre</span> <span class='ocrx_word' id='word_1_14' title='bbox 1039 477 1141 532; x_wconf 83' lang='lat' dir='ltr'>omues</span> <span class='ocrx_word' id='word_1_15' title='bbox 1150 473 1241 534; x_wconf 83' lang='lat' dir='ltr'>advo&#39;-</span> 
     </span>
    </p>

    <p class='ocr_par' dir='ltr' id='par_1_3' title="bbox 138 564 1241 828">
     <span class='ocr_line' id='line_1_3' title="bbox 138 564 1241 648; baseline 0 -21"><span class='ocrx_word' id='word_1_16' title='bbox 138 579 222 627; x_wconf 85' lang='lat' dir='ltr'>catos</span> <span class='ocrx_word' id='word_1_17' title='bbox 227 567 322 626; x_wconf 81' lang='lat' dir='ltr'>fecit:</span> <span class='ocrx_word' id='word_1_18' title='bbox 345 565 546 644; x_wconf 82' lang='lat' dir='ltr'>unusquisque</span> <span class='ocrx_word' id='word_1_19' title='bbox 569 577 669 626; x_wconf 86' lang='lat' dir='ltr'>eorum</span> <span class='ocrx_word' id='word_1_20' title='bbox 687 587 765 645; x_wconf 83' lang='lat' dir='ltr'>saepe</span> <span class='ocrx_word' id='word_1_21' title='bbox 787 567 867 645; x_wconf 87' lang='lat' dir='ltr'>prius</span> <span class='ocrx_word' id='word_1_22' title='bbox 892 564 1100 648; x_wconf 83' lang='lat' dir='ltr'>quibusdem</span> <span class='ocrx_word' id='word_1_23' title='bbox 1093 569 1241 627; x_wconf 80' lang='lat' dir='ltr'>incensis</span> 
     </span>
     <span class='ocr_line' id='line_1_4' title="bbox 140 642 1241 764; baseline -0.001 -45"><span class='ocrx_word' id='word_1_24' title='bbox 140 642 324 764; x_wconf 79' lang='lat' dir='ltr'>subscripsit.</span> <span class='ocrx_word' id='word_1_25' title='bbox 367 659 422 716; x_wconf 85' lang='lat' dir='ltr'>Est</span> <span class='ocrx_word' id='word_1_26' title='bbox 435 667 530 716; x_wconf 83' lang='lat' dir='ltr'>eutem</span> <span class='ocrx_word' id='word_1_27' title='bbox 551 659 691 738; x_wconf 78' lang='lat' dir='ltr'>proeciara</span> <span class='ocrx_word' id='word_1_28' title='bbox 709 659 756 716; x_wconf 83' lang='lat' dir='ltr'>lex</span> <span class='ocrx_word' id='word_1_29' title='bbox 779 656 857 736; x_wconf 82' lang='lat' dir='ltr'>apud</span> <span class='ocrx_word' id='word_1_30' title='bbox 872 677 935 728; x_wconf 89' lang='lat' dir='ltr'>vos,</span> <span class='ocrx_word' id='word_1_31' title='bbox 950 675 1010 716; x_wconf 91' lang='lat' dir='ltr'>non</span> <span class='ocrx_word' id='word_1_32' title='bbox 1022 659 1059 716; x_wconf 95' lang='lat' dir='ltr'>ob</span> <span class='ocrx_word' id='word_1_33' title='bbox 1072 656 1241 736; x_wconf 85' lang='lat' dir='ltr'>hujusmodi</span> 
     </span>
     <span class='ocr_line' id='line_1_5' title="bbox 139 749 1241 828; baseline -0.003 -15"><span class='ocrx_word' id='word_1_34' title='bbox 139 753 219 813; x_wconf 85' lang='lat' dir='ltr'>viros</span> <span class='ocrx_word' id='word_1_35' title='bbox 228 751 300 823; x_wconf 83' lang='lat' dir='ltr'>lete,</span> <span class='ocrx_word' id='word_1_36' title='bbox 313 749 367 812; x_wconf 90' lang='lat' dir='ltr'>sed</span> <span class='ocrx_word' id='word_1_37' title='bbox 382 749 449 808; x_wconf 90' lang='lat' dir='ltr'>ideo</span> <span class='ocrx_word' id='word_1_38' title='bbox 463 767 502 808; x_wconf 91' lang='lat' dir='ltr'>ne</span> <span class='ocrx_word' id='word_1_39' title='bbox 517 764 607 808; x_wconf 80' lang='lat' dir='ltr'>eures</span> <span class='ocrx_word' id='word_1_40' title='bbox 619 749 741 828; x_wconf 89' lang='lat' dir='ltr'>quaestui</span> <span class='ocrx_word' id='word_1_41' title='bbox 755 756 833 808; x_wconf 85' lang='lat' dir='ltr'>esset</span> <span class='ocrx_word' id='word_1_42' title='bbox 847 749 1036 828; x_wconf 85' lang='lat' dir='ltr'>sycophantis</span> <span class='ocrx_word' id='word_1_43' title='bbox 1046 749 1241 828; x_wconf 79' lang='lat' dir='ltr'>quibusdum:</span> 
     </span>
    </p>

    <p class='ocr_par' dir='ltr' id='par_1_4' title="bbox 140 840 1258 1106">
     <span class='ocr_line' id='line_1_6' title="bbox 140 840 1242 920; baseline -0.001 -17"><span class='ocrx_word' id='word_1_44' title='bbox 140 851 195 904; x_wconf 88' lang='lat' dir='ltr'>ne&#39;</span> <span class='ocrx_word' id='word_1_45' title='bbox 221 843 342 902; x_wconf 80' lang='lat' dir='ltr'>licent</span> <span class='ocrx_word' id='word_1_46' title='bbox 373 840 510 918; x_wconf 85' lang='lat' dir='ltr'>Populi</span> <span class='ocrx_word' id='word_1_47' title='bbox 542 840 730 920; x_wconf 82' lang='lat' dir='ltr'>suffragiis</span> <span class='ocrx_word' id='word_1_48' title='bbox 760 849 828 900; x_wconf 83' lang='grc' dir='ltr'>ιιοιι</span> <span class='ocrx_word' id='word_1_49' title='bbox 850 840 1002 900; x_wconf 85' lang='lat' dir='ltr'>delecto</span> <span class='ocrx_word' id='word_1_50' title='bbox 1031 841 1242 920; x_wconf 82' lang='lat' dir='ltr'><strong>plusquam</strong></span> 
     </span>
     <span class='ocr_line' id='line_1_7' title="bbox 141 933 1243 1016; baseline 0 -20"><span class='ocrx_word' id='word_1_51' title='bbox 141 937 266 996; x_wconf 85' lang='lat' dir='ltr'>semel</span> <span class='ocrx_word' id='word_1_52' title='bbox 288 934 559 995; x_wconf 84' lang='lat' dir='ltr'>subscribere.</span> <span class='ocrx_word' id='word_1_53' title='bbox 573 941 577 946; x_wconf 83' lang='lat'><em>&#39;</em></span> <span class='ocrx_word' id='word_1_54' title='bbox 602 934 696 994; x_wconf 83' lang='lat' dir='ltr'>Decet</span> <span class='ocrx_word' id='word_1_55' title='bbox 708 944 807 1016; x_wconf 75' lang='lat' dir='ltr'>nutem</span> <span class='ocrx_word' id='word_1_56' title='bbox 818 944 956 1011; x_wconf 79' lang='lat' dir='ltr'>patronos</span> <span class='ocrx_word' id='word_1_57' title='bbox 968 933 1052 1010; x_wconf 80' lang='lat' dir='ltr'>legis,</span> <span class='ocrx_word' id='word_1_58' title='bbox 1064 935 1147 1014; x_wconf 85' lang='lat' dir='ltr'>eujus</span> <span class='ocrx_word' id='word_1_59' title='bbox 1160 935 1243 996; x_wconf 86' lang='lat' dir='ltr'>vobis</span> 
     </span>
     <span class='ocr_line' id='line_1_8' title="bbox 140 1026 1258 1106; baseline 0.002 -18"><span class='ocrx_word' id='word_1_60' title='bbox 140 1029 310 1106; x_wconf 77' lang='lat' dir='ltr'>nequitatem</span> <span class='ocrx_word' id='word_1_61' title='bbox 325 1027 501 1106; x_wconf 71' lang='lat' dir='ltr'>persuadere</span> <span class='ocrx_word' id='word_1_62' title='bbox 514 1027 643 1094; x_wconf 81' lang='lat' dir='ltr'>student,</span> <span class='ocrx_word' id='word_1_63' title='bbox 654 1027 731 1104; x_wconf 88' lang='lat' dir='ltr'>ipsos</span> <span class='ocrx_word' id='word_1_64' title='bbox 743 1027 889 1086; x_wconf 86' lang='lat' dir='ltr'>veteribus</span> <span class='ocrx_word' id='word_1_65' title='bbox 900 1026 1013 1104; x_wconf 87' lang='lat' dir='ltr'>legibus</span> <span class='ocrx_word' id='word_1_66' title='bbox 1026 1028 1258 1106; x_wconf 60' lang='lat' dir='ltr'>obtemperaret</span> 
     </span>
    </p>
   </div>
   <div class='ocr_carea' id='block_1_3' title="bbox 142 1117 1335 1200">
    <p class='ocr_par' dir='ltr' id='par_1_5' title="bbox 142 1117 1335 1200">
     <span class='ocr_line' id='line_1_9' title="bbox 142 1117 1335 1200; baseline -0.002 -20"><span class='ocrx_word' id='word_1_67' title='bbox 142 1121 224 1200; x_wconf 82' lang='lat' dir='ltr'>quod</span> <span class='ocrx_word' id='word_1_68' title='bbox 239 1123 264 1180; x_wconf 91' lang='lat' dir='ltr'>si</span> <span class='ocrx_word' id='word_1_69' title='bbox 279 1120 443 1198; x_wconf 83' lang='lat' dir='ltr'>negligunt,</span> <span class='ocrx_word' id='word_1_70' title='bbox 458 1118 611 1193; x_wconf 75' lang='lat' dir='ltr'>ridiculum</span> <span class='ocrx_word' id='word_1_71' title='bbox 620 1127 674 1190; x_wconf 88' lang='lat' dir='ltr'>est,</span> <span class='ocrx_word' id='word_1_72' title='bbox 684 1137 746 1189; x_wconf 86' lang='lat' dir='ltr'>eos,</span> <span class='ocrx_word' id='word_1_73' title='bbox 755 1118 824 1176; x_wconf 87' lang='lat' dir='ltr'>dum</span> <span class='ocrx_word' id='word_1_74' title='bbox 839 1117 898 1196; x_wconf 82' lang='lat' dir='ltr'>legi</span> <span class='ocrx_word' id='word_1_75' title='bbox 912 1119 1141 1196; x_wconf 62' lang='lat' dir='ltr'><strong>patrocinantur,</strong></span> <span class='ocrx_word' id='word_1_76' title='bbox 1158 1119 1243 1179; x_wconf 82' lang='lat' dir='ltr'>alium</span> <span class='ocrx_word' id='word_1_77' title='bbox 1328 1178 1335 1196; x_wconf 28' lang='lat' dir='ltr'>p</span> 
     </span>
    </p>
   </div>
   <div class='ocr_carea' id='block_1_4' title="bbox 142 1211 1102 1293">
    <p class='ocr_par' dir='ltr' id='par_1_6' title="bbox 142 1211 1102 1293">
     <span class='ocr_line' id='line_1_10' title="bbox 142 1211 1102 1293; baseline -0.003 -19"><span class='ocrx_word' id='word_1_78' title='bbox 142 1215 241 1293; x_wconf 86' lang='lat' dir='ltr'>legem</span> <span class='ocrx_word' id='word_1_79' title='bbox 255 1215 368 1274; x_wconf 86' lang='lat' dir='ltr'>interim</span> <span class='ocrx_word' id='word_1_80' title='bbox 383 1211 499 1271; x_wconf 83' lang='lat' dir='ltr'>violare.</span> <span class='ocrx_word' id='word_1_81' title='bbox 544 1213 625 1291; x_wconf 84' lang='lat' dir='ltr'>Cape</span> <span class='ocrx_word' id='word_1_82' title='bbox 636 1212 731 1291; x_wconf 84' lang='lat' dir='ltr'>legem</span> <span class='ocrx_word' id='word_1_83' title='bbox 747 1211 784 1272; x_wconf 91' lang='lat' dir='ltr'>de</span> <span class='ocrx_word' id='word_1_84' title='bbox 799 1233 858 1290; x_wconf 86' lang='lat' dir='ltr'>qua</span> <span class='ocrx_word' id='word_1_85' title='bbox 868 1214 945 1282; x_wconf 87' lang='lat' dir='ltr'>dico,</span> <span class='ocrx_word' id='word_1_86' title='bbox 960 1233 995 1272; x_wconf 85' lang='lat' dir='ltr'>uc</span> <span class='ocrx_word' id='word_1_87' title='bbox 1007 1213 1102 1273; x_wconf 83' lang='lat' dir='ltr'>recita.</span> 
     </span>
    </p>
   </div>
   <div class='ocr_carea' id='block_1_5' title="bbox 649 1413 744 1475">
    <p class='ocr_par' dir='ltr' id='par_1_7' title="bbox 649 1413 904 1500">
     <span class='ocr_line' id='line_1_11' title="bbox 649 1413 744 1475; baseline 0 -1"><span class='ocrx_word' id='word_1_88' title='bbox 649 1413 744 1475; x_wconf 77' lang='lat' dir='ltr'>unx.</span> 
     </span>
    </p>
   </div>
   <div class='ocr_carea' id='block_1_6' title="bbox 143 1572 1254 2391">
    <p class='ocr_par' dir='ltr' id='par_1_8' title="bbox 144 1572 1245 1743">
     <span class='ocr_line' id='line_1_12' title="bbox 144 1572 1245 1685; baseline 0.004 -55"><span class='ocrx_word' id='word_1_89' title='bbox 144 1575 232 1644; x_wconf 76' lang='lat' dir='ltr'>Hunc,</span> <span class='ocrx_word' id='word_1_90' title='bbox 245 1573 455 1644; x_wconf 83' lang='lat' dir='ltr'>Athenienses,</span> <span class='ocrx_word' id='word_1_91' title='bbox 469 1582 500 1632; x_wconf 89' lang='lat' dir='ltr'>et</span> <span class='ocrx_word' id='word_1_92' title='bbox 512 1582 666 1632; x_wconf 79' lang='lat' dir='ltr'>vetustoet</span> <span class='ocrx_word' id='word_1_93' title='bbox 677 1572 817 1650; x_wconf 77' lang='lat' dir='ltr'>praeelotn</span> <span class='ocrx_word' id='word_1_94' title='bbox 833 1573 880 1632; x_wconf 89' lang='lat' dir='ltr'>lex</span> <span class='ocrx_word' id='word_1_95' title='bbox 893 1583 958 1640; x_wconf 86' lang='lat' dir='ltr'>est;</span> <span class='ocrx_word' id='word_1_96' title='bbox 981 1593 1069 1652; x_wconf 80' lang='lat' dir='ltr'>quum</span> <span class='ocrx_word' id='word_1_97' title='bbox 1085 1575 1205 1685; x_wconf 81' lang='lat' dir='ltr'>uenisti,</span> <span class='ocrx_word' id='word_1_98' title='bbox 1221 1576 1245 1634; x_wconf 82' lang='lat' dir='ltr'>si</span> 
     </span>
     <span class='ocr_line' id='line_1_13' title="bbox 144 1665 462 1743; baseline 0.007 -21"><span class='ocrx_word' id='word_1_99' title='bbox 144 1665 274 1743; x_wconf 80' lang='lat' dir='ltr'>sapiunt,</span> <span class='ocrx_word' id='word_1_100' title='bbox 289 1665 462 1726; x_wconf 84' lang='lat' dir='ltr'>violabunt.</span> 
     </span>
    </p>

    <p class='ocr_par' dir='ltr' id='par_1_9' title="bbox 143 1746 1248 2391">
     <span class='ocr_line' id='line_1_14' title="bbox 188 1746 1246 1837; baseline 0.004 -21"><span class='ocrx_word' id='word_1_101' title='bbox 188 1761 238 1817; x_wconf 89' lang='grc'>33.</span> <span class='ocrx_word' id='word_1_102' title='bbox 260 1757 327 1836; x_wconf 81' lang='lat' dir='ltr'>Ego</span> <span class='ocrx_word' id='word_1_103' title='bbox 342 1778 420 1828; x_wconf 85' lang='lat' dir='ltr'>vero,</span> <span class='ocrx_word' id='word_1_104' title='bbox 436 1759 485 1818; x_wconf 91' lang='lat' dir='ltr'>ubi</span> <span class='ocrx_word' id='word_1_105' title='bbox 499 1779 595 1837; x_wconf 81' lang='lat' dir='ltr'>pauco</span> <span class='ocrx_word' id='word_1_106' title='bbox 608 1758 760 1830; x_wconf 80' lang='lat' dir='ltr'>addidere,</span> <span class='ocrx_word' id='word_1_107' title='bbox 780 1746 971 1818; x_wconf 77' lang='lat' dir='ltr'>descendum.</span> <span class='ocrx_word' id='word_1_108' title='bbox 1014 1759 1118 1818; x_wconf 88' lang='lat' dir='ltr'>Studio</span> <span class='ocrx_word' id='word_1_109' title='bbox 1140 1769 1170 1820; x_wconf 87' lang='lat' dir='ltr'>et</span> <span class='ocrx_word' id='word_1_110' title='bbox 1184 1781 1246 1820; x_wconf 81' lang='lat' dir='ltr'>ma·</span> 
     </span>
     <span class='ocr_line' id='line_1_15' title="bbox 145 1851 1254 1937; baseline 0.005 -28"><span class='ocrx_word' id='word_1_111' title='bbox 145 1871 213 1930; x_wconf 82' lang='lat' dir='ltr'>gnae</span> <span class='ocrx_word' id='word_1_112' title='bbox 235 1870 315 1910; x_wconf 85' lang='lat' dir='ltr'><strong>curoe</strong></span> <span class='ocrx_word' id='word_1_113' title='bbox 335 1851 420 1911; x_wconf 87' lang='lat' dir='ltr'>vobis</span> <span class='ocrx_word' id='word_1_114' title='bbox 446 1870 511 1911; x_wconf 84' lang='lat' dir='ltr'>esse</span> <span class='ocrx_word' id='word_1_115' title='bbox 533 1851 633 1923; x_wconf 90' lang='lat' dir='ltr'>debet,</span> <span class='ocrx_word' id='word_1_116' title='bbox 658 1852 864 1934; x_wconf 84' lang='lat' dir='ltr'>Athenienses,</span> <span class='ocrx_word' id='word_1_117' title='bbox 891 1871 959 1910; x_wconf 88' lang='lat' dir='ltr'>cum</span> <span class='ocrx_word' id='word_1_118' title='bbox 983 1863 1016 1910; x_wconf 90' lang='lat' dir='ltr'>ut</span> <span class='ocrx_word' id='word_1_119' title='bbox 1040 1868 1143 1912; x_wconf 88' lang='lat' dir='ltr'>omnes</span> <span class='ocrx_word' id='word_1_120' title='bbox 1164 1853 1254 1937; x_wconf 84' lang='lat' dir='ltr'>leges</span> 
     </span>
     <span class='ocr_line' id='line_1_16' title="bbox 143 1943 1247 2026; baseline 0.003 -23"><span class='ocrx_word' id='word_1_121' title='bbox 143 1953 252 2003; x_wconf 71' lang='lat' dir='ltr'>vesus</span> <span class='ocrx_word' id='word_1_122' title='bbox 273 1943 503 2021; x_wconf 66' lang='lat' dir='ltr'>praeclarissime</span> <span class='ocrx_word' id='word_1_123' title='bbox 527 1943 595 2015; x_wconf 86' lang='lat' dir='ltr'>sint,</span> <span class='ocrx_word' id='word_1_124' title='bbox 609 1954 671 2026; x_wconf 83' lang='lat' dir='ltr'>tutu</span> <span class='ocrx_word' id='word_1_125' title='bbox 686 1964 753 2003; x_wconf 87' lang='lat' dir='ltr'>vero</span> <span class='ocrx_word' id='word_1_126' title='bbox 772 1943 849 2002; x_wconf 89' lang='lat' dir='ltr'>hae</span> <span class='ocrx_word' id='word_1_127' title='bbox 842 1945 1000 2022; x_wconf 80' lang='lat' dir='ltr'>inprimis,</span> <span class='ocrx_word' id='word_1_128' title='bbox 1022 1956 1089 2022; x_wconf 81' lang='lat' dir='ltr'>quae</span> <span class='ocrx_word' id='word_1_129' title='bbox 1102 1947 1247 2010; x_wconf 82' lang='lat' dir='ltr'>civitatem</span> 
     </span>
     <span class='ocr_line' id='line_1_17' title="bbox 145 2035 1247 2114; baseline 0.002 -18"><span class='ocrx_word' id='word_1_130' title='bbox 145 2047 198 2096; x_wconf 84' lang='lat' dir='ltr'>aut</span> <span class='ocrx_word' id='word_1_131' title='bbox 221 2055 358 2114; x_wconf 77' lang='lat' dir='ltr'>magnam</span> <span class='ocrx_word' id='word_1_132' title='bbox 382 2046 433 2095; x_wconf 85' lang='lat' dir='ltr'>aut</span> <span class='ocrx_word' id='word_1_133' title='bbox 455 2055 573 2114; x_wconf 83' lang='lat' dir='ltr'>pervum</span> <span class='ocrx_word' id='word_1_134' title='bbox 596 2037 712 2096; x_wconf 83' lang='lat' dir='ltr'>efficere</span> <span class='ocrx_word' id='word_1_135' title='bbox 736 2045 869 2113; x_wconf 82' lang='lat' dir='ltr'>possunt.</span> <span class='ocrx_word' id='word_1_136' title='bbox 913 2035 964 2092; x_wconf 77' lang='lat' dir='ltr'>Eue</span> <span class='ocrx_word' id='word_1_137' title='bbox 979 2055 1046 2096; x_wconf 87' lang='lat' dir='ltr'>vero</span> <span class='ocrx_word' id='word_1_138' title='bbox 1066 2057 1133 2114; x_wconf 78' lang='lat' dir='ltr'>quae</span> <span class='ocrx_word' id='word_1_139' title='bbox 1156 2039 1247 2098; x_wconf 75' lang='lat' dir='ltr'>sunt?</span> 
     </span>
     <span class='ocr_line' id='line_1_18' title="bbox 146 2127 1247 2212; baseline 0.004 -24"><span class='ocrx_word' id='word_1_140' title='bbox 146 2130 205 2188; x_wconf 81' lang='lat' dir='ltr'>Hae</span> <span class='ocrx_word' id='word_1_141' title='bbox 218 2130 365 2212; x_wconf 75' lang='lat' dir='ltr'>nimirum,</span> <span class='ocrx_word' id='word_1_142' title='bbox 376 2138 442 2206; x_wconf 84' lang='lat' dir='ltr'>quoe</span> <span class='ocrx_word' id='word_1_143' title='bbox 466 2141 496 2189; x_wconf 89' lang='lat' dir='ltr'>et</span> <span class='ocrx_word' id='word_1_144' title='bbox 518 2130 593 2188; x_wconf 88' lang='lat' dir='ltr'>bene</span> <span class='ocrx_word' id='word_1_145' title='bbox 611 2128 722 2186; x_wconf 75' lang='lat' dir='ltr'>meritis</span> <span class='ocrx_word' id='word_1_146' title='bbox 746 2128 885 2186; x_wconf 85' lang='lat' dir='ltr'>honorem</span> <span class='ocrx_word' id='word_1_147' title='bbox 907 2127 1026 2198; x_wconf 81' lang='lat' dir='ltr'>habeut,</span> <span class='ocrx_word' id='word_1_148' title='bbox 1050 2137 1081 2188; x_wconf 90' lang='lat' dir='ltr'>et</span> <span class='ocrx_word' id='word_1_149' title='bbox 1100 2129 1247 2209; x_wconf 87' lang='lat' dir='ltr'>improbos</span> 
     </span>
     <span class='ocr_line' id='line_1_19' title="bbox 147 2221 1246 2302; baseline 0.004 -22"><span class='ocrx_word' id='word_1_150' title='bbox 147 2221 463 2300; x_wconf 80' lang='lat' dir='ltr'>suppliciiscoerceut.</span> <span class='ocrx_word' id='word_1_151' title='bbox 506 2223 582 2282; x_wconf 85' lang='lat' dir='ltr'>Nam</span> <span class='ocrx_word' id='word_1_152' title='bbox 598 2223 622 2280; x_wconf 89' lang='lat' dir='ltr'>si</span> <span class='ocrx_word' id='word_1_153' title='bbox 637 2232 749 2292; x_wconf 83' lang='lat' dir='ltr'>omnes,</span> <span class='ocrx_word' id='word_1_154' title='bbox 763 2229 1016 2298; x_wconf 73' lang='lat' dir='ltr'>poenarumuietu</span> <span class='ocrx_word' id='word_1_155' title='bbox 1040 2241 1107 2298; x_wconf 81' lang='lat' dir='ltr'>quae</span> <span class='ocrx_word' id='word_1_156' title='bbox 1132 2224 1246 2302; x_wconf 83' lang='lat' dir='ltr'>legibus</span> 
     </span>
     <span class='ocr_line' id='line_1_20' title="bbox 147 2313 1248 2391; baseline 0.002 -17"><span class='ocrx_word' id='word_1_157' title='bbox 147 2316 271 2374; x_wconf 76' lang='lat' dir='ltr'>sancitae</span> <span class='ocrx_word' id='word_1_158' title='bbox 287 2322 368 2383; x_wconf 73' lang='lat' dir='ltr'>suut,</span> <span class='ocrx_word' id='word_1_159' title='bbox 381 2314 531 2374; x_wconf 79' lang='lat' dir='ltr'>maleficiis</span> <span class='ocrx_word' id='word_1_160' title='bbox 551 2316 683 2374; x_wconf 87' lang='lat' dir='ltr'>omuibus</span> <span class='ocrx_word' id='word_1_161' title='bbox 706 2313 882 2382; x_wconf 81' lang='lat' dir='ltr'>abstineant,</span> <span class='ocrx_word' id='word_1_162' title='bbox 897 2321 927 2370; x_wconf 91' lang='lat' dir='ltr'>et</span> <span class='ocrx_word' id='word_1_163' title='bbox 941 2331 1042 2372; x_wconf 88' lang='lat' dir='ltr'>omnes</span> <span class='ocrx_word' id='word_1_164' title='bbox 1056 2315 1248 2391; x_wconf 83' lang='lat' dir='ltr'>praemiis&#39;he-</span> 
     </span>
    </p>
   </div>
   <div class='ocr_carea' id='block_1_7' title="bbox 38 2403 1249 2482">
    <p class='ocr_par' dir='ltr' id='par_1_10' title="bbox 38 2403 1249 2482">
     <span class='ocr_line' id='line_1_21' title="bbox 38 2403 1249 2482; baseline -0.015 -8"><span class='ocrx_word' id='word_1_165' title='bbox 38 2457 43 2474; x_wconf 86' lang='lat'>.</span> <span class='ocrx_word' id='word_1_166' title='bbox 148 2405 320 2469; x_wconf 83' lang='lat' dir='ltr'>uefioiorum</span> <span class='ocrx_word' id='word_1_167' title='bbox 330 2406 458 2477; x_wconf 82' lang='lat' dir='ltr'>invitati,</span> <span class='ocrx_word' id='word_1_168' title='bbox 471 2408 599 2466; x_wconf 84' lang='lat' dir='ltr'>officium</span> <span class='ocrx_word' id='word_1_169' title='bbox 615 2407 711 2467; x_wconf 82' lang='lat' dir='ltr'>secere</span> <span class='ocrx_word' id='word_1_170' title='bbox 725 2405 881 2464; x_wconf 84' lang='lat' dir='ltr'>studeant:</span> <span class='ocrx_word' id='word_1_171' title='bbox 904 2403 975 2481; x_wconf 90' lang='lat' dir='ltr'>quid</span> <span class='ocrx_word' id='word_1_172' title='bbox 996 2406 1095 2466; x_wconf 83' lang='lat' dir='ltr'>obstat</span> <span class='ocrx_word' id='word_1_173' title='bbox 1115 2426 1174 2482; x_wconf 90' lang='lat' dir='ltr'>quo</span> <span class='ocrx_word' id='word_1_174' title='bbox 1195 2409 1249 2466; x_wconf 83' lang='lat' dir='ltr'>mi.</span> 
     </span>
    </p>
   </div>
   <div class='ocr_carea' id='block_1_8' title="bbox 106 2495 1308 4519">
    <p class='ocr_par' dir='ltr' id='par_1_11' title="bbox 106 2495 1308 4337">
     <span class='ocr_line' id='line_1_22' title="bbox 148 2495 1250 2580; baseline 0 -24"><span class='ocrx_word' id='word_1_175' title='bbox 148 2519 212 2562; x_wconf 86' lang='lat' dir='ltr'>nus</span> <span class='ocrx_word' id='word_1_176' title='bbox 221 2497 326 2564; x_wconf 81' lang='lat' dir='ltr'>civitas</span> <span class='ocrx_word' id='word_1_177' title='bbox 340 2497 548 2562; x_wconf 86' lang='lat' dir='ltr'>florentissima</span> <span class='ocrx_word' id='word_1_178' title='bbox 558 2498 710 2568; x_wconf 83' lang='lat' dir='ltr'>efficiatur,</span> <span class='ocrx_word' id='word_1_179' title='bbox 722 2505 751 2554; x_wconf 92' lang='lat' dir='ltr'>et</span> <span class='ocrx_word' id='word_1_180' title='bbox 764 2496 835 2554; x_wconf 88' lang='lat' dir='ltr'>boni</span> <span class='ocrx_word' id='word_1_181' title='bbox 847 2495 904 2554; x_wconf 89' lang='lat' dir='ltr'>sint</span> <span class='ocrx_word' id='word_1_182' title='bbox 915 2515 1027 2567; x_wconf 85' lang='lat' dir='ltr'>omnes,</span> <span class='ocrx_word' id='word_1_183' title='bbox 1037 2496 1132 2580; x_wconf 82' lang='lat' dir='ltr'>melus</span> <span class='ocrx_word' id='word_1_184' title='bbox 1142 2502 1250 2560; x_wconf 70' lang='lat' dir='ltr'>nemo?</span> 
     </span>
     <span class='ocr_line' id='line_1_23' title="bbox 149 2586 1251 2670; baseline 0.004 -22"><span class='ocrx_word' id='word_1_185' title='bbox 149 2591 191 2649; x_wconf 89' lang='lat' dir='ltr'>At</span> <span class='ocrx_word' id='word_1_186' title='bbox 203 2590 262 2649; x_wconf 84' lang='lat' dir='ltr'>ista</span> <span class='ocrx_word' id='word_1_187' title='bbox 277 2589 412 2668; x_wconf 84' lang='lat' dir='ltr'>Leptinae</span> <span class='ocrx_word' id='word_1_188' title='bbox 427 2590 474 2648; x_wconf 85' lang='lat' dir='ltr'>lex</span> <span class='ocrx_word' id='word_1_189' title='bbox 499 2609 557 2649; x_wconf 89' lang='lat' dir='ltr'>non</span> <span class='ocrx_word' id='word_1_190' title='bbox 578 2589 608 2648; x_wconf 86' lang='lat' dir='ltr'>id</span> <span class='ocrx_word' id='word_1_191' title='bbox 631 2588 736 2660; x_wconf 88' lang='lat' dir='ltr'>solum,</span> <span class='ocrx_word' id='word_1_192' title='bbox 751 2586 955 2658; x_wconf 81' lang='lat' dir='ltr'>Athenienses,</span> <span class='ocrx_word' id='word_1_193' title='bbox 969 2589 1038 2648; x_wconf 86' lang='lat' dir='ltr'>meli</span> <span class='ocrx_word' id='word_1_194' title='bbox 1051 2589 1155 2666; x_wconf 79' lang='lat' dir='ltr'>hebet‚&#39;</span> <span class='ocrx_word' id='word_1_195' title='bbox 1169 2595 1251 2670; x_wconf 89' lang='lat' dir='ltr'>quod</span> 
     </span>
     <span class='ocr_line' id='line_1_24' title="bbox 150 2680 1273 2760; baseline 0.008 -18"><span class='ocrx_word' id='word_1_196' title='bbox 150 2681 275 2742; x_wconf 77' lang='lat' dir='ltr'>sublatis</span> <span class='ocrx_word' id='word_1_197' title='bbox 295 2683 500 2753; x_wconf 70' lang='lat' dir='ltr'>benefitiorum</span> <span class='ocrx_word' id='word_1_198' title='bbox 520 2680 657 2760; x_wconf 67' lang='lat' dir='ltr'>praemiis,</span> <span class='ocrx_word' id='word_1_199' title='bbox 671 2680 810 2740; x_wconf 85' lang='lat' dir='ltr'>efficitne</span> <span class='ocrx_word' id='word_1_200' title='bbox 825 2681 875 2757; x_wconf 90' lang='lat' dir='ltr'>qui</span> <span class='ocrx_word' id='word_1_201' title='bbox 900 2681 944 2738; x_wconf 89' lang='lat' dir='ltr'>sui</span> <span class='ocrx_word' id='word_1_202' title='bbox 968 2700 1039 2760; x_wconf 83' lang='lat' dir='ltr'>erga</span> <span class='ocrx_word' id='word_1_203' title='bbox 1051 2704 1103 2744; x_wconf 91' lang='lat' dir='ltr'>vos</span> <span class='ocrx_word' id='word_1_204' title='bbox 1118 2689 1206 2748; x_wconf 88' lang='lat' dir='ltr'>studii</span> <span class='ocrx_word' id='word_1_205' title='bbox 1221 2703 1252 2752; x_wconf 87' lang='lat' dir='ltr'>et</span> <span class='ocrx_word' id='word_1_206' title='bbox 1271 2728 1273 2730; x_wconf 95' lang='lat'>-</span> 
     </span>
     <span class='ocr_line' id='line_1_25' title="bbox 149 2767 1252 2852; baseline 0.01 -18"><span class='ocrx_word' id='word_1_207' title='bbox 149 2773 364 2834; x_wconf 77' lang='lat' dir='ltr'>benevolentiae</span> <span class='ocrx_word' id='word_1_208' title='bbox 386 2775 510 2833; x_wconf 83' lang='lat' dir='ltr'>fructum</span> <span class='ocrx_word' id='word_1_209' title='bbox 525 2773 697 2852; x_wconf 80' lang='lat' dir='ltr'>percipiant,</span> <span class='ocrx_word' id='word_1_210' title='bbox 713 2772 765 2832; x_wconf 90' lang='lat' dir='ltr'>sed</span> <span class='ocrx_word' id='word_1_211' title='bbox 779 2772 851 2831; x_wconf 90' lang='lat' dir='ltr'>illud</span> <span class='ocrx_word' id='word_1_212' title='bbox 865 2773 962 2842; x_wconf 79' lang='lat' dir='ltr'>etiam,</span> <span class='ocrx_word' id='word_1_213' title='bbox 978 2775 1058 2852; x_wconf 91' lang='lat' dir='ltr'>quod</span> <span class='ocrx_word' id='word_1_214' title='bbox 1078 2790 1185 2840; x_wconf 72' lang='lat' dir='ltr'>nostrie</span> <span class='ocrx_word' id='word_1_215' title='bbox 1203 2767 1252 2844; x_wconf 42' lang='lat' dir='ltr'>*cis</span> 
     </span>
     <span class='ocr_line' id='line_1_26' title="bbox 149 2865 1251 2954; baseline 0.005 -29"><span class='ocrx_word' id='word_1_216' title='bbox 149 2868 235 2926; x_wconf 82' lang='lat' dir='ltr'>vitati</span> <span class='ocrx_word' id='word_1_217' title='bbox 250 2866 445 2946; x_wconf 83' lang='lat' dir='ltr'>turpissimam</span> <span class='ocrx_word' id='word_1_218' title='bbox 459 2867 630 2927; x_wconf 80' lang='lat' dir='ltr'>violatarum</span> <span class='ocrx_word' id='word_1_219' title='bbox 649 2867 755 2943; x_wconf 80' lang='lat' dir='ltr'>legum.</span> <span class='ocrx_word' id='word_1_220' title='bbox 767 2865 932 2942; x_wconf 86' lang='lat' dir='ltr'>opinionem</span> <span class='ocrx_word' id='word_1_221' title='bbox 957 2867 1105 2928; x_wconf 82' lang='lat' dir='ltr'>conciliat.</span> <span class='ocrx_word' id='word_1_222' title='bbox 1148 2874 1251 2954; x_wconf 79' lang='lat' dir='ltr'>Neque</span> 
     </span>
     <span class='ocr_line' id='line_1_27' title="bbox 151 2957 1252 3042; baseline 0.007 -24"><span class='ocrx_word' id='word_1_223' title='bbox 151 2959 232 3018; x_wconf 90' lang='lat' dir='ltr'>euim</span> <span class='ocrx_word' id='word_1_224' title='bbox 247 2979 296 3018; x_wconf 90' lang='lat' dir='ltr'>vos</span> <span class='ocrx_word' id='word_1_225' title='bbox 311 2960 440 3037; x_wconf 80' lang='lat' dir='ltr'>profecto</span> <span class='ocrx_word' id='word_1_226' title='bbox 462 2957 600 3038; x_wconf 69' lang='lat' dir='ltr'>preterit,</span> <span class='ocrx_word' id='word_1_227' title='bbox 612 2957 728 3042; x_wconf 16' lang='lat' dir='ltr'>,enilege</span> <span class='ocrx_word' id='word_1_228' title='bbox 744 2977 831 3015; x_wconf 86' lang='lat' dir='ltr'>unam</span> <span class='ocrx_word' id='word_1_229' title='bbox 845 2966 959 3016; x_wconf 80' lang='lat' dir='ltr'>tantum</span> <span class='ocrx_word' id='word_1_230' title='bbox 973 2978 1089 3036; x_wconf 86' lang='lat' dir='ltr'>poenem</span> <span class='ocrx_word' id='word_1_231' title='bbox 1103 2981 1170 3024; x_wconf 86' lang='lat' dir='ltr'>esse</span> <span class='ocrx_word' id='word_1_232' title='bbox 1182 2985 1252 3026; x_wconf 87' lang='lat' dir='ltr'>cou-</span> 
     </span>
     <span class='ocr_line' id='line_1_28' title="bbox 153 3047 1252 3129; baseline 0.009 -19"><span class='ocrx_word' id='word_1_233' title='bbox 153 3051 289 3110; x_wconf 75' lang='lat' dir='ltr'>stitutum</span> <span class='ocrx_word' id='word_1_234' title='bbox 303 3051 344 3110; x_wconf 87' lang='lat' dir='ltr'>eis</span> <span class='ocrx_word' id='word_1_235' title='bbox 359 3052 447 3111; x_wconf 77' lang='lat' dir='ltr'>etium</span> <span class='ocrx_word' id='word_1_236' title='bbox 462 3053 511 3129; x_wconf 91' lang='lat' dir='ltr'>qui</span> <span class='ocrx_word' id='word_1_237' title='bbox 526 3050 696 3129; x_wconf 71' lang='lat' dir='ltr'>gravissime</span> <span class='ocrx_word' id='word_1_238' title='bbox 714 3051 743 3107; x_wconf 91' lang='lat' dir='ltr'>in</span> <span class='ocrx_word' id='word_1_239' title='bbox 758 3068 809 3108; x_wconf 90' lang='lat' dir='ltr'>vos</span> <span class='ocrx_word' id='word_1_240' title='bbox 824 3049 1018 3127; x_wconf 87' lang='lat' dir='ltr'>deliquerunt,</span> <span class='ocrx_word' id='word_1_241' title='bbox 1034 3047 1093 3129; x_wconf 73' lang='lat' dir='ltr'>quu&#39;</span> <span class='ocrx_word' id='word_1_242' title='bbox 1107 3058 1252 3120; x_wconf 84' lang='lat' dir='ltr'>sancitum</span> 
     </span>
     <span class='ocr_line' id='line_1_29' title="bbox 106 3142 1252 3222; baseline 0.009 -18"><span class='ocrx_word' id='word_1_243' title='bbox 106 3158 111 3164; x_wconf 83' lang='grc'><em>’</em></span> <span class='ocrx_word' id='word_1_244' title='bbox 151 3154 215 3204; x_wconf 89' lang='lat' dir='ltr'>est:</span> <span class='ocrx_word' id='word_1_245' title='bbox 238 3144 523 3222; x_wconf 87' lang='lat' dir='ltr'>uniusjudicii</span> <span class='ocrx_word' id='word_1_246' title='bbox 544 3163 620 3202; x_wconf 89' lang='lat' dir='ltr'>non</span> <span class='ocrx_word' id='word_1_247' title='bbox 647 3143 739 3222; x_wconf 87' lang='lat' dir='ltr'>plus</span> <span class='ocrx_word' id='word_1_248' title='bbox 767 3161 842 3201; x_wconf 84' lang='lat' dir='ltr'>una</span> <span class='ocrx_word' id='word_1_249' title='bbox 870 3142 1140 3206; x_wconf 84' lang='lat' dir='ltr'>aestimetione</span> <span class='ocrx_word' id='word_1_250' title='bbox 1162 3158 1252 3214; x_wconf 84' lang='lat' dir='ltr'>es&#39;se</span> 
     </span>
     <span class='ocr_line' id='line_1_30' title="bbox 152 3234 1253 3318; baseline 0.009 -22"><span class='ocrx_word' id='word_1_251' title='bbox 152 3238 313 3310; x_wconf 85' lang='lat' dir='ltr'>debere,</span> <span class='ocrx_word' id='word_1_252' title='bbox 349 3246 439 3296; x_wconf 81' lang='lat' dir='ltr'>utra</span> <span class='ocrx_word' id='word_1_253' title='bbox 474 3238 511 3295; x_wconf 94' lang='lat' dir='ltr'>in</span> <span class='ocrx_word' id='word_1_254' title='bbox 544 3237 631 3296; x_wconf 79' lang='lat' dir='ltr'>foro</span> <span class='ocrx_word' id='word_1_255' title='bbox 661 3234 997 3318; x_wconf 33' lang='lat' dir='ltr'>decreta&#39;fuerit,</span> <span class='ocrx_word' id='word_1_256' title='bbox 1019 3237 1253 3306; x_wconf 77' lang='lat' dir='ltr'>vel&#39;luenda</span> 
     </span>
     <span class='ocr_line' id='line_1_31' title="bbox 154 3329 1253 3405; baseline 0.001 -15"><span class='ocrx_word' id='word_1_257' title='bbox 154 3349 243 3390; x_wconf 89' lang='lat' dir='ltr'>esse</span> <span class='ocrx_word' id='word_1_258' title='bbox 277 3329 612 3398; x_wconf 57' lang='lat' dir='ltr'>veh-solvendas</span> <span class='ocrx_word' id='word_1_259' title='bbox 643 3337 839 3405; x_wconf 77' lang='lat' dir='ltr'>utrasque</span> <span class='ocrx_word' id='word_1_260' title='bbox 874 3346 968 3386; x_wconf 87' lang='lat' dir='ltr'>vero</span> <span class='ocrx_word' id='word_1_261' title='bbox 1001 3345 1081 3388; x_wconf 86' lang='lat' dir='ltr'>non&#39;</span> <span class='ocrx_word' id='word_1_262' title='bbox 1111 3332 1253 3400; x_wconf 77' lang='lat' dir='ltr'>licere,</span> 
     </span>
     <span class='ocr_line' id='line_1_32' title="bbox 155 3421 1255 3506; baseline 0.005 -18"><span class='ocrx_word' id='word_1_263' title='bbox 155 3427 224 3488; x_wconf 84' lang='lat' dir='ltr'>Hac</span> <span class='ocrx_word' id='word_1_264' title='bbox 237 3444 307 3506; x_wconf 85' lang='lat' dir='ltr'>¹vero</span> <span class='ocrx_word' id='word_1_265' title='bbox 326 3443 464 3484; x_wconf 81' lang='lat' dir='ltr'>mensura</span> <span class='ocrx_word' id='word_1_266' title='bbox 478 3425 533 3482; x_wconf 89' lang='lat' dir='ltr'>iste</span> <span class='ocrx_word' id='word_1_267' title='bbox 553 3441 611 3482; x_wconf 90' lang='lat' dir='ltr'>non</span> <span class='ocrx_word' id='word_1_268' title='bbox 632 3442 702 3481; x_wconf 87' lang='lat' dir='ltr'>usus</span> <span class='ocrx_word' id='word_1_269' title='bbox 726 3431 792 3480; x_wconf 85' lang='lat' dir='ltr'>est:</span> <span class='ocrx_word' id='word_1_270' title='bbox 813 3421 866 3480; x_wconf 85' lang='lat' dir='ltr'>sed</span> <span class='ocrx_word' id='word_1_271' title='bbox 891 3421 915 3480; x_wconf 91' lang='lat' dir='ltr'>si</span> <span class='ocrx_word' id='word_1_272' title='bbox 941 3421 1005 3498; x_wconf 89' lang='lat' dir='ltr'>quis</span> <span class='ocrx_word' id='word_1_273' title='bbox 1020 3425 1143 3501; x_wconf 78' lang='lat' dir='ltr'>gratiam</span> <span class='ocrx_word' id='word_1_274' title='bbox 1157 3432 1255 3494; x_wconf 86' lang='lat' dir='ltr'>referri</span> 
     </span>
     <span class='ocr_line' id='line_1_33' title="bbox 155 3512 1256 3598; baseline -0.005 -20"><span class='ocrx_word' id='word_1_275' title='bbox 155 3518 212 3578; x_wconf 90' lang='lat' dir='ltr'>sibi</span> <span class='ocrx_word' id='word_1_276' title='bbox 224 3517 364 3597; x_wconf 78' lang='lat' dir='ltr'>postulet.</span> <span class='ocrx_word' id='word_1_277' title='bbox 385 3516 564 3586; x_wconf 80' lang='lat' dir='ltr'>infamis,</span> <span class='ocrx_word' id='word_1_278' title='bbox 584 3514 689 3591; x_wconf 86' lang='lat' dir='ltr'>inquit,</span> <span class='ocrx_word' id='word_1_279' title='bbox 710 3522 807 3586; x_wconf 86' lang='lat' dir='ltr'>esto,</span> <span class='ocrx_word' id='word_1_280' title='bbox 830 3523 869 3572; x_wconf 87' lang='lat' dir='ltr'>et</span> <span class='ocrx_word' id='word_1_281' title='bbox 890 3521 977 3592; x_wconf 83' lang='lat' dir='ltr'>opes</span> <span class='ocrx_word' id='word_1_282' title='bbox 1009 3512 1093 3594; x_wconf 86' lang='lat' dir='ltr'>ejus</span> <span class='ocrx_word' id='word_1_283' title='bbox 1121 3524 1256 3598; x_wconf 85' lang='lat' dir='ltr'>publi.</span> 
     </span>
     <span class='ocr_line' id='line_1_34' title="bbox 155 3601 1256 3688; baseline 0.004 -18"><span class='ocrx_word' id='word_1_284' title='bbox 155 3621 322 3678; x_wconf 79' lang='lat' dir='ltr'>oeu&#39;tur:</span> <span class='ocrx_word' id='word_1_285' title='bbox 344 3608 584 3688; x_wconf 74' lang='lat' dir='ltr'>bineepoenoehae</span> <span class='ocrx_word' id='word_1_286' title='bbox 600 3610 687 3666; x_wconf 89' lang='lat' dir='ltr'>sunt!</span> <span class='ocrx_word' id='word_1_287' title='bbox 728 3605 859 3666; x_wconf 78' lang='lat' dir='ltr'>licent</span> <span class='ocrx_word' id='word_1_288' title='bbox 883 3601 1073 3684; x_wconf 79' lang='lat' dir='ltr'>porroet</span> <span class='ocrx_word' id='word_1_289' title='bbox 1097 3612 1256 3678; x_wconf 84' lang='lat' dir='ltr'>deferre</span> 
     </span>
     <span class='ocr_line' id='line_1_35' title="bbox 155 3699 1255 3776; baseline 0.003 -14"><span class='ocrx_word' id='word_1_290' title='bbox 155 3703 478 3766; x_wconf 80' lang='lat' dir='ltr'>etincorcerem</span> <span class='ocrx_word' id='word_1_291' title='bbox 500 3699 849 3776; x_wconf 79' lang='lat' dir='ltr'>abduceretquod</span> <span class='ocrx_word' id='word_1_292' title='bbox 881 3699 1255 3769; x_wconf 71' lang='lat' dir='ltr'>siconvictu&#39;siue-</span> 
     </span>
     <span class='ocr_line' id='line_1_36' title="bbox 146 3789 1308 3876; baseline -0.003 -22"><span class='ocrx_word' id='word_1_293' title='bbox 146 3797 226 3868; x_wconf 68' lang='lat' dir='ltr'>uit,</span> <span class='ocrx_word' id='word_1_294' title='bbox 257 3797 462 3854; x_wconf 83' lang='lat' dir='ltr'>obnoxius</span> <span class='ocrx_word' id='word_1_295' title='bbox 492 3792 704 3870; x_wconf 78' lang='lat' dir='ltr'>estoiegi,</span> <span class='ocrx_word' id='word_1_296' title='bbox 726 3812 810 3870; x_wconf 84' lang='lat' dir='ltr'>quae</span> <span class='ocrx_word' id='word_1_297' title='bbox 840 3792 927 3862; x_wconf 76' lang='lat' dir='ltr'>luta</span> <span class='ocrx_word' id='word_1_298' title='bbox 955 3804 1020 3852; x_wconf 87' lang='lat' dir='ltr'>est</span> <span class='ocrx_word' id='word_1_299' title='bbox 1048 3806 1256 3876; x_wconf 68' lang='lat' dir='ltr'>contreoe.</span> <span class='ocrx_word' id='word_1_300' title='bbox 1304 3789 1308 3796; x_wconf 90' lang='grc'><strong>’</strong></span> 
     </span>
     <span class='ocr_line' id='line_1_37' title="bbox 158 3885 1274 3964; baseline 0.001 -17"><span class='ocrx_word' id='word_1_301' title='bbox 158 3889 290 3948; x_wconf 78' lang='lat' dir='ltr'>rarios</span> <span class='ocrx_word' id='word_1_302' title='bbox 322 3887 357 3946; x_wconf 85' lang='lat' dir='ltr'>si</span> <span class='ocrx_word' id='word_1_303' title='bbox 385 3886 895 3964; x_wconf 73' lang='lat' dir='ltr'>magistratusgesserint.</span> <span class='ocrx_word' id='word_1_304' title='bbox 938 3885 1274 3956; x_wconf 65' lang='lat' dir='ltr'>Mnemeion-nam.</span> 
     </span>
     <span class='ocr_line' id='line_1_38' title="bbox 157 3976 1259 4068; baseline -0.003 -28"><span class='ocrx_word' id='word_1_305' title='bbox 157 3982 190 4042; x_wconf 91' lang='lat' dir='ltr'>id</span> <span class='ocrx_word' id='word_1_306' title='bbox 204 3981 269 4060; x_wconf 84' lang='lat' dir='ltr'>ejus</span> <span class='ocrx_word' id='word_1_307' title='bbox 283 3982 326 4040; x_wconf 87' lang='lat' dir='ltr'>rei</span> <span class='ocrx_word' id='word_1_308' title='bbox 341 3980 516 4058; x_wconf 85' lang='lat' dir='ltr'>supplicium</span> <span class='ocrx_word' id='word_1_309' title='bbox 530 3987 594 4036; x_wconf 86' lang='lat' dir='ltr'>est:</span> <span class='ocrx_word' id='word_1_310' title='bbox 615 3985 674 4036; x_wconf 86' lang='lat' dir='ltr'>tres</span> <span class='ocrx_word' id='word_1_311' title='bbox 689 3976 776 4054; x_wconf 84' lang='lat' dir='ltr'>igitur</span> <span class='ocrx_word' id='word_1_312' title='bbox 785 3997 882 4055; x_wconf 84' lang='lat' dir='ltr'>poenee</span> <span class='ocrx_word' id='word_1_313' title='bbox 893 3986 962 4035; x_wconf 89' lang='lat' dir='ltr'>sunt</span> <span class='ocrx_word' id='word_1_314' title='bbox 974 3976 1040 4034; x_wconf 72' lang='lat' dir='ltr'>hee!</span> <span class='ocrx_word' id='word_1_315' title='bbox 1072 3979 1119 4038; x_wconf 89' lang='lat' dir='ltr'>An</span> <span class='ocrx_word' id='word_1_316' title='bbox 1132 4001 1190 4044; x_wconf 90' lang='lat' dir='ltr'>non</span> <span class='ocrx_word' id='word_1_317' title='bbox 1204 3987 1259 4068; x_wconf 79' lang='lat' dir='ltr'>igi.</span> 
     </span>
     <span class='ocr_line' id='line_1_39' title="bbox 158 4069 1259 4154; baseline 0.002 -20"><span class='ocrx_word' id='word_1_318' title='bbox 158 4084 208 4134; x_wconf 90' lang='lat' dir='ltr'>tur</span> <span class='ocrx_word' id='word_1_319' title='bbox 222 4072 418 4132; x_wconf 79' lang='lat' dir='ltr'>miserandum</span> <span class='ocrx_word' id='word_1_320' title='bbox 433 4081 463 4132; x_wconf 89' lang='lat' dir='ltr'>et</span> <span class='ocrx_word' id='word_1_321' title='bbox 477 4072 613 4130; x_wconf 77' lang='lat' dir='ltr'>acerbum</span> <span class='ocrx_word' id='word_1_322' title='bbox 635 4078 690 4140; x_wconf 89' lang='lat' dir='ltr'>est,</span> <span class='ocrx_word' id='word_1_323' title='bbox 713 4069 957 4141; x_wconf 80' lang='lat' dir='ltr'>Athenienses,</span> <span class='ocrx_word' id='word_1_324' title='bbox 934 4089 959 4126; x_wconf 80' lang='lat' dir='ltr'>si</span> <span class='ocrx_word' id='word_1_325' title='bbox 979 4071 1098 4146; x_wconf 79' lang='lat' dir='ltr'>gravius</span> <span class='ocrx_word' id='word_1_326' title='bbox 1110 4079 1192 4154; x_wconf 83' lang='lat' dir='ltr'>apud</span> <span class='ocrx_word' id='word_1_327' title='bbox 1206 4103 1259 4143; x_wconf 79' lang='lat' dir='ltr'>vos</span> 
     </span>
     <span class='ocr_line' id='line_1_40' title="bbox 156 4161 1260 4242; baseline 0.011 -18"><span class='ocrx_word' id='word_1_328' title='bbox 156 4165 316 4237; x_wconf 82' lang='lat' dir='ltr'>videbitur,</span> <span class='ocrx_word' id='word_1_329' title='bbox 327 4166 449 4242; x_wconf 82' lang='lat' dir='ltr'>gratiam</span> <span class='ocrx_word' id='word_1_330' title='bbox 471 4183 524 4242; x_wconf 85' lang='lat' dir='ltr'>pro</span> <span class='ocrx_word' id='word_1_331' title='bbox 547 4161 691 4222; x_wconf 89' lang='lat' dir='ltr'>beneficio</span> <span class='ocrx_word' id='word_1_332' title='bbox 710 4171 851 4239; x_wconf 87' lang='lat' dir='ltr'>repetere,</span> <span class='ocrx_word' id='word_1_333' title='bbox 864 4181 952 4238; x_wconf 84' lang='lat' dir='ltr'>quum</span> <span class='ocrx_word' id='word_1_334' title='bbox 967 4165 1129 4240; x_wconf 73' lang='lat' dir='ltr'>gravissimi</span> <span class='ocrx_word' id='word_1_335' title='bbox 1143 4173 1260 4236; x_wconf 86' lang='lat' dir='ltr'>sceleris</span> 
     </span>
     <span class='ocr_line' id='line_1_41' title="bbox 158 4253 436 4337; baseline -0.014 -19"><span class='ocrx_word' id='word_1_336' title='bbox 158 4253 378 4337; x_wconf 73' lang='lat' dir='ltr'>reumperagii</span> <span class='ocrx_word' id='word_1_337' title='bbox 434 4260 436 4268; x_wconf 81' lang='grc'>’</span> 
     </span>
    </p>

    <p class='ocr_par' dir='ltr' id='par_1_12' title="bbox 158 4346 1260 4519">
     <span class='ocr_line' id='line_1_42' title="bbox 202 4346 1260 4430; baseline -0.001 -20"><span class='ocrx_word' id='word_1_338' title='bbox 202 4355 252 4411; x_wconf 89' lang='grc'>34.</span> <span class='ocrx_word' id='word_1_339' title='bbox 273 4351 378 4430; x_wconf 84' lang='lat' dir='ltr'>Turpis</span> <span class='ocrx_word' id='word_1_340' title='bbox 398 4350 447 4408; x_wconf 82' lang='lat' dir='ltr'>lex</span> <span class='ocrx_word' id='word_1_341' title='bbox 460 4358 516 4420; x_wconf 85' lang='lat' dir='ltr'>est,</span> <span class='ocrx_word' id='word_1_342' title='bbox 529 4347 735 4418; x_wconf 85' lang='lat' dir='ltr'>Athenienses,</span> <span class='ocrx_word' id='word_1_343' title='bbox 754 4356 784 4404; x_wconf 90' lang='lat' dir='ltr'>et</span> <span class='ocrx_word' id='word_1_344' title='bbox 797 4346 914 4404; x_wconf 88' lang='lat' dir='ltr'>minime</span> <span class='ocrx_word' id='word_1_345' title='bbox 929 4349 1086 4424; x_wconf 81' lang='lat' dir='ltr'>probando,</span> <span class='ocrx_word' id='word_1_346' title='bbox 1103 4363 1132 4412; x_wconf 87' lang='lat' dir='ltr'>et</span> <span class='ocrx_word' id='word_1_347' title='bbox 1144 4355 1260 4418; x_wconf 76' lang='lat' dir='ltr'>invidiae</span> 
     </span>
     <span class='ocr_line' id='line_1_43' title="bbox 158 4437 1262 4519; baseline 0.002 -13"><span class='ocrx_word' id='word_1_348' title='bbox 158 4466 196 4508; x_wconf 75' lang='lat' dir='ltr'>uo</span> <span class='ocrx_word' id='word_1_349' title='bbox 210 4443 390 4510; x_wconf 79' lang='lat' dir='ltr'>oemulotioni</span> <span class='ocrx_word' id='word_1_350' title='bbox 403 4442 519 4502; x_wconf 80' lang='lat' dir='ltr'>cuidam</span> <span class='ocrx_word' id='word_1_351' title='bbox 540 4440 652 4511; x_wconf 78' lang='lat' dir='ltr'>similis,</span> <span class='ocrx_word' id='word_1_352' title='bbox 666 4458 702 4498; x_wconf 86' lang='lat' dir='ltr'>ne</span> <span class='ocrx_word' id='word_1_353' title='bbox 726 4437 811 4517; x_wconf 82' lang='lat' dir='ltr'>pluro</span> <span class='ocrx_word' id='word_1_354' title='bbox 826 4437 932 4498; x_wconf 82' lang='lat' dir='ltr'>dicam.</span> <span class='ocrx_word' id='word_1_355' title='bbox 977 4441 1015 4500; x_wconf 89' lang='lat' dir='ltr'>Et</span> <span class='ocrx_word' id='word_1_356' title='bbox 1029 4443 1148 4519; x_wconf 82' lang='lat' dir='ltr'>quidem</span> <span class='ocrx_word' id='word_1_357' title='bbox 1159 4446 1204 4506; x_wconf 89' lang='lat' dir='ltr'>his</span> <span class='ocrx_word' id='word_1_358' title='bbox 1218 4451 1262 4508; x_wconf 80' lang='lat' dir='ltr'>us·</span> 
     </span>
    </p>
   </div>
   <div class='ocr_carea' id='block_1_9' title="bbox 1214 4713 1227 4759">
    <p class='ocr_par' dir='ltr' id='par_1_13' title="bbox 1214 4713 1227 4759">
     <span class='ocr_line' id='line_1_44' title="bbox 1214 4713 1227 4759; baseline 0 0"><span class='ocrx_word' id='word_1_359' title='bbox 1214 4713 1227 4759; x_wconf 90' lang='lat' dir='ltr'><em>l</em></span> 
     </span>
    </p>
   </div>
   <div class='ocr_carea' id='block_1_10' title="bbox 0 0 1495 4952">
    <p class='ocr_par' dir='ltr' id='par_1_14' title="bbox 0 0 1495 4952">
     <span class='ocr_line' id='line_1_45' title="bbox 0 0 1495 4952; baseline 0 0"><span class='ocrx_word' id='word_1_360' title='bbox 0 0 1495 4952; x_wconf 95' lang='lat' dir='ltr'> </span> 
     </span>
    </p>
   </div>
  </div>
 </body>
</html>
