2912 4946
260 239 320 297 418
550 240 738 304 concita
759 233 1055 308 TlMOGer'lEM.

259 389 329 451 utile
342 391 427 472 vobis¹
437 395 624 472 perspexerit,
643 397 764 480 indicet,
777 401 813 460 ac
832 419 885 480 per
896 400 989 463 otium
1000 398 1141 461 refrte„
1158 397 1355 478 Horamque

256 492 318 544 tam
337 484 431 543 multa
450 494 528 560 sunt,
543 487 614 546 nihil
633 489 702 550 fecit
722 486 916 564 Timocrates.
937 491 1012 552 -Ncc
1033 492 1112 550 enim
1131 491 1229 569 legem
1242 509 1368 570 propo.

255 571 327 664 suit,
341 593 439 652 nequa
448 575 562 656 copiam
575 577 653 652 fecit,
662 579 686 640 si
700 582 765 660 quis
779 601 845 642 eam
858 583 964 644 lectam
977 580 1075 655 vallet,
1088 581 1247 664 refutandi,
1261 599 1355 660 neque

257 665 348 725 ullum
361 674 478 746 tempus
497 668 649 730 delinitum
672 672 786 752 legibus
805 673 985 734 observavit:
1008 673 1061 734 scd
1080 693 1148 734 cum
1168 673 1357 750 coucio‚‘qua

256 759 338 836 leges
346 758 536 838 dijudicastis,
550 764 694 826 xndunii
704 765 907 836 celebraretur,
917 765 1058 846 postridie
1069 766 1168 826 statim
1180 762 1355 844 x11.leger'n

256 849 331 920 tulit,
345 867 469 928 eamque
482 853 699 935 Saturnalibus,
714 867 925 936 proptereaque
945 867 1050 918 senatu
1072 857 1205 927 dimisso,
1228 876 1281 936 per
1302 876 1355 916 eos

255 939 389 1013 obtinuit,
401 941 450 1018 qui
464 943 546 1018 vobis
555 944 740 1019 insidiantur,
750 958 783 1006 ut
792 949 1049 1010 senatusconsulto
1061 943 1269 1028 legumlatores
1281 967 1355 1009 oon-

208 1075 211 1080 ·
254 1031 444 1114 stituercntur
461 1052 513 1111 per
526 1037 654 1113 speciem
667 1037 942 1100 Panathenaeorum.
1041 1079 1045 1086 ·

296 1127 325 1182 8.
345 1123 420 1183 Volo
447 1135 544 1187 autem
572 1127 652 1190 vobis
675 1129 773 1208 ipsum
800 1131 1094 1192 senatusconsultum.
1107 1131 1243 1202 recitare,
1270 1130 1354 1208 quod

253 1225 349 1275 ratum
368 1215 499 1276 habiturn
513 1228 569 1290 cst,
585 1228 619 1278 ut
631 1220 810 1300 intelligatis,
823 1242 859 1282 ea
878 1223 975 1283 omnia
986 1242 1038 1300 per
1052 1222 1299 1308 conspirationem
1313 1222 1353 1280 ab

252 1309 316 1368 istis
326 1325 391 1366 esse
405 1306 493 1382 iacta,
507 1308 649 1389 nihilque
652 1313 773 1374 fortuito
788 1311 938 1376 accidisse.
959 1315 1042 1396 Cape
1061 1314 1352 1378 senatusconsultum

252 1401 309 1496 hoc
322 1407 353 1460 et
367 1397 473 1477 lege
448 1417 491 1459 ers
504 1410 546 1462 ιιι.

538 1647 540 1658 ·
594 1596 1052 1710 surtariiscousunruu.
1100 1567 1106 1576 ⁸

253 1798 255 1802 .
283 1771 429 1819 Praesidenta
439 1771 501 1819 tribu
518 1769 656 1826 Pandionia,
668 1772 790 1821 undecimo
800 1780 893 1820 ιοιιιιιιι
904 1773 953 1830 die,
960 1771 1105 1819 Timocrates
1116 1768 1187 1826 dixit,
1196 1772 1232 1820 Ut
1240 1779 1266 1820 et
1277 1774 1351 1822 saeris
1446 1783 1447 1826 l

249 1848 343 1909 operari
354 1847 433 1901 liceat,
446 1855 471 1894 et
482 1854 616 1908 sumptuum
627 1848 695 1908 copia
706 1849 746 1904 sit,
758 1854 790 1906 et,
800 1849 821 1896 si
831 1848 887 1909 qaid
896 1849 926 1895 ad
936 1848 1089 1895 eminane:
1102 1845 1212 1904 deluerit,
1224 1857 1350 1912 utsnppe·

175 1924 184 1938 ⁸
249 1923 345 1978 ditetur,
362 1929 389 1969 ιιι
401 1913 519 1970 ιοιιιιοιοὶ
536 1922 672 1990 Ριιᾱίοιίιι
690 1924 765 1971 tribus
782 1924 948 1972 incrastinum
965 1923 1242 1985 legumlatorascreent:
1259 1926 1348 1988 legum-

247 1999 333 2046 latores
350 2005 427 2046 eutem
445 1999 494 2048 sint
515 2013 575 2046 unna
585 2005 610 2046 et
626 1999 690 2047 mille
707 2015 813 2064 numero,
830 2017 844 2049 e
859 2001 957 2063 juretiar
974 2000 1039 2062 legas
1054 2005 1132 2048 ιιιιιιιι
1143 2013 1190 2047 nne
1209 2001 1270 2049 lent
1280 2004 1349 2052 eliu

249 2080 353 2122 senatus.
384 2083 388 2091 ’
684 2094 692 2108 ⁸

205 2214 210 2220 ’
247 2223 387 2302 Nunquid
409 2222 651 2284 animadvertistis
670 2224 746 2282 inter
759 2223 918 2302 legendum
939 2223 1237 2298 senatusconsultum,
1258 2247 1347 2306 quam

244 2315 348 2376 callide
360 2325 463 2374 auctor
476 2316 550 2394 ejus,
563 2335 617 2421 per
630 2316 757 2393 speciem
771 2325 940 2394 sumptuum
951 2325 982 2375 et
992 2316 1123 2394 urgentis
1138 2317 1218 2391 festi,
1228 2318 1347 2379 sublato

245 2406 374 2485 legitimo
402 2416 541 2485 tempore,
562 2408 625 2484 ipsc
653 2406 810 2484 scripserit,
836 2407 974 2493 perendie
994 2401 1075 2486 leges
1095 2407 1237 2468 ferendas
1259 2409 1349 2470 esse?

197 2489 205 2502 ’
245 2498 314 2557 Non
327 2496 440 2558 medius
454 2496 554 2571 fidius,
567 2517 627 2556 non
640 2497 769 2576 inquam,
778 2507 813 2556 ut
825 2487 956 2577 aliquid
948 2518 978 2555 ιιι
993 2498 1066 2558 festo
1079 2486 1280 2577 pulcherrime
1294 2501 1345 2562 'ad-

243 2589 422 2648 ministretur
422 2607 568 2667 ,-—neque
578 2589 656 2649 enim
667 2587 813 2665 reliquum
827 2599 879 2648 aut
896 2589 1072 2667 praeteritum
1092 2599 1156 2647 erat
1174 2591 1346 2670 quicquam,

153 2711 155 2718 s
243 2679 338 2739 -sed
352 2690 386 2738 ιιι
399 2680 515 2740 nemine
529 2679 677 2739 hominurn
692 2681 908 2758 praesentiente,
922 2689 974 2740 aut
986 2680 1164 2758 refragante,
1179 2681 1306 2741 ferretur
1317 2691 1346 2742 et

189 2819 191 2824 .
243 2763 403 2830 sanciretur
416 2771 478 2829 istis
500 2759 536 2830 e'a
553 2771 614 2844 lex,
629 2770 738 2850 quade
753 2790 831 2830 nunc
852 2771 958 2849 agitur.
985 2770 1020 2828 ld
1034 2770 1115 2849 quod
1135 2769 1206 2830 hinc
1229 2774 1345 2854 perspi·

241 2862 327 2921 citur.
349 2861 526 2922 Sedentibus
540 2862 790 2940 legumlatoribus,
802 2862 839 2921 de
852 2861 898 2920 his
913 2881 979 2941 quae
993 2861 1030 2920 de
1045 2862 1211 2941 sumptibus
1221 2875 1253 2923 et
1266 2863 1345 2924 Pan·
1445 2901 1446 2908 ι

241 2955 383 3022 athenaeis
402 2954 511 3032 scripta
534 2963 613 3026 sunt,
634 2972 729 3032 neque
748 2955 898 3012 meliorem
920 2954 1027 3031 legem,
1046 2972 1143 3031 neque
1155 3023 1157 3031 Ι
1169 2952 1347 3016 deteriorem
1445 2981 1446 3036 j

242 3046 397 3126 quisquam
412 3045 495 3120 tulit:
517 3045 623 3122 quibus
644 3053 744 3104 autem
756 3045 794 3105 de
816 3048 903 3105 rebus
924 3043 1021 3123 neque
1043 3045 1195 3105 decretum
1205 3047 1344 3125 jubebat,

77 3119 85 3130 ⁸
186 3215 189 3224 ι
241 3147 272 3197 et
297 3137 379 3216 leges
403 3145 516 3208 vetant,
539 3136 720 3196 Timocrates
743 3137 836 3195 otiose
864 3137 946 3215 leges
969 3137 1047 3208 tulit,
1071 3137 1137 3215 plus
1159 3141 1347 3200 auctoritatis

239 3229 347 3288 habere
360 3237 440 3288 ratus
455 3225 710 3302 senatusconsulto
725 3246 814 3306 quam
832 3227 947 3305 legibus
967 3229 1140 3310 prefinitum
1162 3238 1290 3308 tempus,
1305 3241 1346 3306 et,

239 3330 307 3382 cum
321 3323 403 3382 vobis
418 3310 552 3380 omnibus
570 3322 678 3380 festum
696 3319 920 3393 celebrantibus,
940 3321 1006 3400 lege
1025 3321 1170 3381 sancitum
1185 3323 1236 3396 sit,
1249 3343 1290 3383 ne
1309 3344 1346 3384 eo

203 3443 206 3452 ·
238 3424 392 3518 tempore
388 3414 436 3473 vel
456 3413 617 3504 privatim,
618 3413 666 3473 vel
675 3411 802 3499 publice
825 3411 874 3488 alii
895 3411 986 3498 aliis
979 3412 1098 3498 injurias
1122 3411 1249 3499 faciant,
1269 3435 1346 3476 neve

132 3575 135 3579 ,
237 3507 426 3594 quicquam
418 3505 600 3590 decernatur,
615 3505 671 3564 nisi
692 3505 730 3564 ad
748 3483 857 3564 festum
875 3491 1030 3584 pertineat,
1050 3505 1115 3584 ipse
1136 3505 1211 3566 nihil
1232 3509 1346 3570 veribus

237 3609 294 3672 est,
307 3619 345 3658 ne
365 3617 425 3658 non
444 3617 536 3656 unum
550 3597 676 3684 aliquem
692 3581 845 3674 epopulo,
870 3596 923 3655 sed
943 3605 1037 3654 totam
1058 3595 1210 3656 civitatem
1232 3597 1346 3660 laedere

203 3687 391 3750 'videretur
415 3689 463 3746 An
475 3707 543 3747 vero
557 3686 711 3746 ferendum
725 3695 783 3756 cst,
797 3705 865 3746 cum
879 3705 928 3765 qur
919 3685 1021 3764 leges
1035 3705 1137 3747 omncs
1140 3707 1237 3766 q,uas
1235 3688 1346 3794 paulo

138 3797 142 3809 '
236 3773 305 3842 ants
318 3781 478 3868 audivistis,
493 3779 580 3838 sciret
593 3797 659 3838 csse
673 3787 762 3850 ratas,
776 3777 826 3856 qui
841 3778 929 3837 sciret
941 3777 1022 3852 item,
1035 3777 1153 3838 easdem
1166 3798 1230 3837 nou
1246 3783 1347 3842 sinere

236 3875 330 3933 ullum
352 3873 503 3932 decretum
521 3869 613 3954 aliud,
632 3869 749 3928 tametsi
770 3855 931 3948 legitimum
951 3868 1048 3940 suerit,
1063 3870 1130 3952 plus
1150 3869 1264 3956 habere
1291 3894 1348 3934 au·

234 3955 388 4046 ctoritatis,
411 3963 536 4024 scribere
559 3972 589 4022 ct
610 3961 685 4020 serre
708 3949 792 4048 vobis
812 3961 908 4039 legem
929 3979 966 4020 ex
990 3960 1119 4034 decreto,
1132 3964 1249 4048 quod
1241 3984 1347 4044 rpsum

46 4115 49 4124 ,
143 4041 149 4061 “
183 4043 189 4056 '
235 4059 324 4146 etiam
349 4045 459 4116 sciebat
478 4065 581 4116 cenna
601 4055 686 4144 leges
705 4073 771 4114 esse
784 4051 916 4112 iactum?
950 4053 999 4111 An
1022 4072 1083 4112 non
1084 4053 1264 4138 indignum
1286 4069 1346 4132 est,

154 4183 159 4190 ·
235 4137 305 4237 cum
318 4150 384 4234 ipsa
396 4148 498 4210 civitas
511 4148 681 4234 unicuique
682 4157 815 4206 nostrum
829 4129 1012 4207 securitatem
1023 4129 1202 4234 praestiterit,
1213 4168 1252 4207 ne
1268 4154 1347 4230 quid

233 4241 356 4314 insuave
368 4248 420 4298 aut
432 4242 569 4299 acerbum
584 4248 742 4319 pateretur,
750 4237 807 4298 hoc
818 4247 948 4318 tempore
962 4237 1058 4297 sesto
1050 4238 1218 4300 rnstituto
1186 4259 1313 4348 ,ipsam
1327 4263 1347 4304 a

232 4321 398 4434 Timocrate
411 4327 597 4394 securitatem
610 4331 737 4393 eandem
748 4327 808 4394 ιιοιί
818 4331 999 4410 impetrasse,
1010 4330 1063 4392 sed
1073 4331 1212 4393 maximis
1224 4332 1260 4393 in
1275 4335 1347 4417 ipso
1443 4381 1444 4440 ι
