2932 4952
446 274 961 354 cossarnnosorronsu.
1196 295 1255 352 sss

96 515 98 520 ¹
152 447 282 522 misistis,
297 440 441 508 eamvos‘
451 451 626 530 impetrasse
641 469 756 530 paoem,
771 467 860 530 quam
874 447 1018 510 volu-istis.
1060 449 1131 508 Jure
1153 447 1254 527 igitur,

152 539 365 609 Athenienses,
383 561 450 601 cum
472 543 502 602 in
523 552 812 623 utramquepartem
834 544 963 602 triremes
981 537 1096 601 tantum
1117 537 1256 604 momenti

150 629 288 705 habeant,
299 633 379 693 hunc
390 637 544 695 terminum
554 637 667 694 senatui
683 636 835 708 statuistis,
846 647 944 692 utrum
958 637 982 693 is
999 636 1105 694 debeat
1120 635 1255 714 accipere
1278 646 1280 648 ’

151 725 315 803 praemium,
328 747 432 787 necne.
463 727 552 786 'Nam
576 729 661 788 sires
677 737 788 788 ceteras
804 745 904 786 omnes
918 738 997 786 recte
1013 729 1256 802 administrasset,

150 837 204 896 per
217 837 293 896 quas
308 829 406 880 autem
417 839 463 879 res
474 821 539 882 illas
555 822 592 879 ab
607 821 688 880 initio
702 830 732 878 et
742 821 918 900 paravimus,
933 829 962 878 et
975 839 1053 878 nunc
1067 829 1191 892 tuemur,
1205 841 1255 882 eas

151 929 213 978 noa
226 911 531 985 fecisset—triremes
544 914 715 991 inquam-,
731 913 803 971 nihil
824 913 883 971 illae
907 911 1091 991 prodessent.
1110 925 1116 938 ·
1134 915 1257 976 Summa

150 1021 247 1062 reram
263 1005 341 1063 enim
355 1005 465 1084 populo
479 1005 508 1064 in
524 1005 634 1082 primis,
649 1015 679 1065 et
692 1005 878 1066 incolumitas
893 1014 972 1064 sarta
992 1013 1069 1064 tecta
1088 1008 1257 1084 praestanda

152 1105 223 1155 est-2·
238 1097 293 1156 iste
307 1109 406 1158 autem
417 1098 598 1175 usqueadeo
608 1097 696 1156 licere
708 1099 762 1156 sibi
772 1098 917 1166 existimat
931 1107 961 1156 et
975 1095 1072 1156 dicere
1087 1107 1117 1155 et
1130 1095 1257 1159 seribere
1302 1113 1304 1118 '

152 1188 530 1267 quicquidlibitumfueritr
553 1199 587 1249 ut
601 1201 744 1262 senatum,
759 1192 808 1270 qui
827 1200 856 1250 et
879 1185 984 1250 ceteris
1006 1190 1036 1249 in
1054 1191 1141 1250 rebus
1164 1193 1205 1250 ita
1224 1213 1257 1254 se
1283 1269 1285 1272 J

153 1282 256 1360 gessit,
270 1291 305 1340 ut
319 1282 436 1355 auditis,
452 1293 481 1342 et
494 1284 626 1344 triremes
641 1303 701 1343 non
714 1284 793 1357 fecit,
807 1284 933 1363 praemio·
943 1284 1019 1344 affici
1032 1283 1150 1343 decreto
1160 1285 1257 1365 jusse-

151 1375 198 1433 rit.
241 1375 341 1455 Atque
365 1375 429 1436 haec
450 1395 511 1436 ιιοιι
534 1397 759 1458 pugnare-cum
776 1377 852 1456 lege,
868 1397 928 1439 nec
951 1376 1011 1457 ipse
1035 1375 1121 1448 dicet,
1136 1398 1191 1438 nee
1206 1398 1257 1440 vos

153 1467 328 1528 credetis.

119 1554 120 1559 ἵ
196 1564 226 1620 6.
248 1562 309 1622 Sed
323 1563 411 1624 audio
430 1583 497 1624 eum
520 1566 686 1648 hujusmodl
706 1565 846 1646 quiddam
861 1565 940 1644 apud
959 1583 1012 1624 vos
1028 1527 1184 1637 dicturum,
1198 1585 1258 1625 non

154 1656 279 1716 stetisse
286 1677 338 1736 per
351 1670 486 1718 senatum
500 1676 559 1738 quo
579 1661 675 1720 minus
701 1661 832 1721 triremes
856 1660 1085 1720 conficerentur.
1109 1660 1161 1718 sed
1176 1679 1258 1737 quae·
1306 1679 1309 1684 ·

96 1741 98 1746 ’
155 1751 429 1810 sturemnavalium
449 1752 597 1812 fabrorum
619 1756 719 1834 sugam
734 1739 848 1832 cepisse
864 1761 989 1830 quatuor
1002 1751 1121 1812 talentis
1135 1768 1200 1811 eum
1213 1753 1259 1812 'di-
1307 1771 1311 1780 “

153 1843 244 1901 midio
259 1837 376 1918 ablatis,
386 1855 474 1924 atqu'e
484 1846 526 1906 ita
536 1847 733 1906 calamitatem
743 1849 835 1907 fuisse
847 1846 877 1904 in
888 1865 989 1906 causa.
1023 1847 1087 1924 Ego
1101 1855 1170 1905 ve'ro
1184 1846 1258 1906 illud

137 1931 406 2013 ‚ipsumidemiion
427 1937 564 2017 primum,
578 1940 602 1998 si
626 1934 757 2020 postulat
781 1949 814 1999 ut
832 1949 955 2019 'propter
976 1939 1132 1998 adversum
1155 1947 1269 2000 casum'

154 2039 277 2088 senatus
289 2037 398 2102 corona
410 2041 546 2102 ornetur;
568 2053 638 2092 nam
652 2034 738 2092 nebus
752 2043 891 2112 prospere
912 2031 1002 2110 gestis
1023 2027 1190 2110 hujusmodi
1204 2034 1258 2093 ho·
1305 2052 1308 2056 ·
1400 2071 1403 2078 ·

154 2141 243 2191 nores
254 2123 355 2200 putavi
366 2143 433 2186 esse
447 2126 629 2205 propositos:
652 2127 759 2185 deinde
769 2126 843 2184 illud
852 2126 938 2184 etiam
952 2125 1035 2183 v'obis
1045 2124 1150 2184 dicam.
1172 2125 1259 2205 Nego
1311 2142 1313 2148 ’

154 2235 220 2274 esse
231 2217 355 2295 justum,
370 2229 525 2297 utrumque
541 2215 622 2291 dici‚'
629 2238 689 2278 non
704 2228 775 2280 cont
776 2239 808 2278 ra
821 2218 918 2298 legem
934 2218 1044 2276 donum
1064 2233 1129 2277 esse
1147 2216 1258 2292 datum,

153 2317 187 2366 et
200 2327 258 2367 non
274 2311 406 2370 stetisse
405 2331 457 2390 per
471 2323 605 2372 senatum
620 2332 678 2390 quo
693 2313 789 2370 minus
809 2311 939 2372 triremes
959 2319 1140 2368 curarentur.
1183 2265 1260 2370 Nani
1312 2323 1314 2326 '

138 2398 140 2400 ’
155 2401 181 2461 si
196 2404 346 2480 praemium
359 2397 474 2463 senatui
489 2405 584 2462 etiam
591 2421 651 2462 non
665 2404 749 2462 factis
763 2401 929 2462 triremibus
952 2412 997 2461 est
1021 2401 1163 2470 dandum,
1174 2423 1262 2480 quor·

155 2515 223 2554 sum
241 2494 314 2554 illud
328 2495 424 2554 dicere
439 2497 545 2555 attinet
546 2516 617 2574 ,per
630 2515 715 2573 quem
731 2487 853 2565 steterit,
874 2515 932 2573 quo
955 2496 1052 2553 minus
1072 2495 1159 2554 factae
1180 2495 1262 2555 sint?

124 2597 130 2600 “
155 2588 189 2646 Si
199 2605 260 2647 non
271 2587 350 2660 licet,
364 2589 421 2674 (ιιι
428 2589 521 2666 magis
537 2587 598 2646 sive
616 2604 670 2666 per
680 2587 770 2658 hune,
787 2587 847 2646 sive
860 2607 912 2666 per
928 2587 1016 2646 alium
1036 2587 1159 2660 steterit,
1174 2585 1265 2648 senass
1314 2607 1317 2612 ·

155 2691 221 2742 tum·
231 2680 363 2758 accipere
376 2682 514 2738 coronam
531 2678 647 2738 decuitl
690 2679 838 2738 Praeterea
851 2679 1017 2738 istiusmodi
1030 2679 1128 2748 verba,
1143 2689 1177 2738 ut
1192 2681 1270 2742 mihi·

154 2776 284 2848 videtur,
299 2774 385 2834 Ivobis
406 2775 562 2854 'optionem
584 2775 667 2845 dant,
686 2784 784 2834 utrum
808 2773 982 2840 existimatis
1004 2775 1210 2835 excusationes
1232 2786 1262 2838 et

156 2869 346 2929 verberabis
361 2888 427 2928 esse
450 2869 598 2929 audienda
615 2867 764 2928 hominum
786 2868 816 2926 in
841 2864 892 2928 vos
914 2864 1094 2943 injuriorum,
1113 2889 1151 2929 an
1169 2884 1259 2932 naves

154 2961 362 3042 possidendas.
404 2961 516 3022 Nam
494 2983 519 3022 sr
532 2962 635 3021 vobis'
628 2972 683 3021 rste
694 2961 736 3020 ita
751 2961 922 3030 satisfaciet,
936 2961 1123 3039 perspicuum
1135 2957 1201 3020 erit
1199 2964 1262 3027 eui·
1296 2992 1306 3012 κ

153 3057 229 3118 libet
243 3056 357 3114 senatui
370 3057 552 3135 probabilem
573 3076 693 3116 causam
707 3075 773 3114 esse
787 3055 888 3114 advos
897 3051 1092 3126 afferendam,
1106 3073 1164 3112 non
1179 3055 1260 3116 trire-

154 3148 218 3206 m'es
233 3147 402 3219 faciendas3
423 3169 459 3208 eo
472 3159 561 3228 pacto
575 3159 606 3209 et
626 3149 750 3229 pecunia
764 3155 995 3218 consumetur,e
979 3156 1009 3206 et
1029 3166 1081 3206 vos
1097 3165 1185 3206 naves
1200 3169 1260 3209 ιιοιι

154 3241 322 3300 habebitis.
345 3242 370 3299 si
383 3261 462 3316 vere,
476 3254 510 3302 ut
529 3243 578 3302 lex
597 3243 694 3324 jubet,
710 3253 740 3303 et
753 3249 879 3302 vestrum
890 3239 1097 3322 jusjurandum
1116 3243 1261 3319 postulat,

157 3333 263 3395 aeriter
278 3354 379 3395 omnes
394 3337 514 3396 omnino
528 3357 633 3397 causas
647 3337 831 3407 sustuleritis,
846 3345 876 3394 et
895 3344 1015 3414 propter
1029 3354 1089 3394 non
1103 3335 1197 3394 factas
1213 3338 1263 3395 tri-

144 3447 252 3489 remes
272 3427 424 3508 praemium
447 3430 633 3509 nega-veritis,
657 3451 770 3500 omnes,
791 3428 997 3498 Athenienses,
1013 3428 1106 3488 lactas
1129 3428 1269 3490 triremes

155 3521 240 3581 vobis
254 3520 381 3592 tradent,
394 3521 444 3579 ubi
458 3521 584 3582 viderint
596 3532 693 3583 cetera
707 3520 805 3582 omnia
817 3510 1036 3606 fuisse'apud
1020 3540 1072 3580 vos
1095 3521 1159 3610 lege
1173 3521 1261 3581 infir·
1269 3571 1273 3587 ι
1323 3538 1325 3544 ’

156 3613 261 3672 miore
296 3613 457 3672 Neminem
473 3627 572 3676 autem
584 3616 747 3675 mortalium
763 3614 871 3674 alium
863 3635 893 3672 ιιι
908 3633 1083 3686 causaesse,
1093 3625 1155 3701 quo
1167 3607 1261 3674 minus

155 3707 294 3767 triremes
305 3706 392 3775 factae
403 3705 471 3800 sint,
485 3708 515 3767 id
528 3727 643 3787 quoque
658 3709 812 3789 perspicue
823 3708 1008 3768 ostendam·
1033 3707 1158 3766 Senatus
1173 3707 1262 3782 enim,

155 3802 224 3880 lege
238 3799 382 3870 sublata,'
374 3808 462 3858 rstum
478 3801 532 3861 sibi
545 3805 701 3882 patronum
711 3803 829 3862 creavit.
940 3807 943 3816 '

199 3897 229 3954 7.
251 3893 322 3952 Jam
341 3892 421 3972 quod
441 3894 479 3954 ad
500 3895 710 3986 impudicitiam
725 3897 839 3970 attinet,
854 3893 1054 3976 respondebit,
1068 3914 1122 3954 nos
1137 3913 1204 3954 esse
1217 3895 1263 3954 in-

148 3987 260 4069 jurios,
274 3993 304 4046 e't
316 3986 422 4048 falsa
414 4009 445 4048 m
465 4010 497 4048 ss
516 3989 706 4060 maledieta
694 4009 795 4069 Jacere
811 3989 868 4052 ait:
890 3988 1023 4058 nobis,
1001 4007 1025 4046 sr
1040 3997 1110 4046 vera
1129 4007 1194 4046 esse
1210 3987 1267 4048 illa

154 4081 391 4154 confideremus,
388 4081 435 4142 ad
449 4081 578 4142 sexvlros
590 4069 682 4143 fuisse
690 4081 879 4160 veniendum,
889 4090 923 4140 ut
933 4079 972 4138 ibi
983 4079 1020 4138 ds
1029 4070 1113 4140 mille
1117 4079 1272 4140 drachmis

152 4173 438 4255 periclitaremur,
416 4196 441 4236 sr
455 4176 627 4256 calumniari
641 4176 825 4235 videremur.
848 4193 926 4233 nune
948 4191 1002 4232 nos
1028 4173 1142 4232 fucum
1153 4175 1261 4248 facere,

152 4265 209 4346 qui
233 4267 364 4328 crimina
370 4279 405 4329 et·
421 4269 520 4329 inania
533 4261 692 4335 maledicta
711 4263 929 4348 conquiramus,
941 4274 981 4325 et
984 4284 1042 4326 vos
1052 4259 1261 4339 obtundamus,

151 4361 196 4420 ad
212 4378 306 4468 quos
302 4380 338 4421 ea
351 4361 481 4448 cognitio
492 4381 552 4422 non
565 4361 732 4442 pertineat.-
762 4359 828 4438 Ego
838 4378 907 4419 vero
921 4371 1039 4432 censeo,
1045 4350 1123 4417 rllud
1136 4357 1262 4436 primum
1289 4365 1291 4370 '
1329 4371 1331 4380 ⁴

148 4473 227 4514 cum
238 4455 340 4518 antris
344 4459 528 4521 vestrisesse
537 4455 742 4537 cogitandum,
748 4443 851 4514 multe
853 4455 1014 4516 maximum
1021 4465 1094 4518 esse
1106 4452 1270 4512 discrimen·
