2886 4946
474 562 916 658 DEMOSTHENIS

335 769 396 852 ῙΝ
424 777 688 854 PHILIPPI
715 770 1065 853 EPISTOLAM

603 967 799 1043 onium.
1000 923 1002 929 ⁵

189 1147 218 1210 l.
240 1149 440 1234 Pmumrunr
456 1169 516 1209 non
535 1167 640 1228 pacem
658 1148 766 1210 fecisse
786 1149 948 1224 vobiscum,
967 1139 1176 1224 Athenienses,
1198 1145 1253 1212 sed

146 1241 293 1303 distulisse
306 1241 431 1314 bellum,
436 1260 538 1301 omnes
547 1241 610 1321 jam
620 1241 798 1320 cognovistis
810 1262 817 1300 :
830 1253 996 1322 'postquam
1006 1243 1084 1304 enim
1093 1243 1254 1304 Pharsaliis

148 1337 236 1396 Alum
251 1335 384 1408 tradidit,
400 1343 430 1394 et
443 1334 600 1395 Phocense
614 1337 765 1414 negotium
779 1335 917 1408 confecit,
935 1345 1087 1416 totamque
1100 1337 1254 1398 Thraciam

147 1430 174 1489 vi
188 1428 316 1506 subegit,
329 1426 410 1487 falsis
424 1427 520 1489 causis
530 1427 674 1511 confictis,
685 1435 716 1486 et
730 1427 836 1506 iniquis
848 1427 1007 1487 rationibus
1021 1430 1207 1508 excogitatis,
1222 1445 1253 1490 re

147 1523 267 1602 quidem
281 1522 347 1602 ipsa
353 1522 418 1601 jam
433 1521 503 1582 olim
513 1541 581 1582 curn
594 1523 666 1582 urbe
677 1521 895 1592 nostrabellum
904 1523 989 1602 gerit,
1001 1542 1081 1582 nunc
1096 1533 1193 1582 autem
1202 1544 1254 1603 per

141 1616 254 1676 missas
268 1615 369 1675 literas
387 1616 482 1676 verbis
504 1615 576 1695 ipsis
595 1615 761 1676 confitetur.
800 1614 870 1695 ¹Ego
889 1635 959 1676 vero
981 1635 1078 1696 neque
1092 1617 1255 1695 potentiam
1301 1681 1307 1690 ,

73 1699 78 1708 ’
140 1714 210 1786 ,φίιε
225 1705 310 1770 vobis
332 1709 588 1788 expavescendum
601 1727 680 1780 esse,
696 1727 791 1787 neque
805 1707 907 1768 timide
925 1709 968 1770 illi
981 1708 1185 1779 resistendum,
1201 1709 1255 1772 sed

146 1813 176 1863 ct
184 1802 369 1882 corporibus,
382 1811 413 1861 et
425 1801 567 1882 pecuniis,
577 1811 608 1862 et
620 1801 754 1872 navibus,
769 1810 810 1876 et,
828 1811 862 1862 ut
874 1802 975 1882 paucis
991 1803 1152 1876 absolvam,
1165 1804 1254 1865 rebus

145 1897 283 1956 omnibus
297 1904 431 1976 oportere
444 1914 497 1956 vos
511 1895 550 1954 ad
560 1893 671 1955 bellurn
682 1894 808 1974 accingi,
823 1895 930 1955 docere
941 1897 1078 1956 conabor.

184 1993 215 2049 2.
238 1991 370 2051 Primum
382 1989 460 2058 enim
474 1998 706 2050 consentaneum
721 2000 775 2063 est,
791 1987 999 2064 Athenienses,
1014 1992 1086 2052 deos
1100 1990 1186 2052 nobis
1205 1992 1254 2052 fir·

146 2084 294 2144 missimus
309 2083 406 2143 socios
421 2093 450 2142 ct
471 2083 619 2162 adjutores
639 2081 754 2154 adesse,
768 2101 892 2160 quorum
913 2082 962 2142 ille
982 2084 1122 2162 religione
1136 2085 1255 2158 violata,

146 2177 343 2257 neglectoque
351 2176 554 2256 jurejurando,
563 2195 667 2256 pacem
678 2176 785 2256 injuste
796 2175 900 2236 solvit:
923 2177 1040 2248 deinde,
1051 2179 1254 2258 quibusrebus

127 2329 130 2338 ,
144 2271 209 2351 ejus
222 2289 295 2350 opes
305 2269 448 2330 hactenus
463 2278 558 2342 auctas
568 2279 648 2342 sunt,
658 2270 729 2329 dum
742 2289 857 2348 semper
875 2269 987 2348 aliquos
1001 2269 1119 2350 decipit,
1143 2281 1173 2330 et
1191 2291 1254 2331 rna-

146 2364 257 2442 gnifica
270 2361 408 2442 quoedam
423 2362 588 2444 pollicetur,
603 2362 648 2424 his
659 2363 722 2442 jam
736 2362 892 2423 defunctus
903 2363 1105 2424 estomnibus.
1148 2364 1254 2443 Neque

150 2455 286 2535 ignorant
296 2455 360 2536 ejus
375 2455 503 2532 animum
519 2455 659 2516 Perintbii
672 2465 703 2516 et
713 2456 847 2536 Byzantii
866 2475 1024 2535 eorumque
1039 2456 1185 2530 foederati,
1200 2477 1254 2517 cu·
1288 2518 1292 2526 ,

146 2568 219 2629 pere
233 2549 413 2610 eumeodern
426 2547 514 2608 modo
525 2548 605 2629 ipsos
618 2558 755 2621 tractare,
769 2568 828 2628 quo
841 2548 923 2628 prius
938 2551 1073 2608 tractauit
1082 2548 1254 2629 Olynthios.

146 2643 255 2722 Neque
268 2641 427 2702 Thessalos
443 2641 582 2720 proeterit,
598 2641 655 2700 hoc
670 2642 696 2700 ei
715 2641 896 2722 propositum
912 2661 990 2714 esse,
1003 2651 1036 2700 ut
1055 2643 1191 2703 dominus
1205 2643 1253 2718 sit,

144 2755 207 2796 non
227 2735 289 2795 dux
302 2735 456 2796 sociomm.
498 2733 659 2812 Suspectus
673 2735 762 2796 etiam
779 2729 931 2794 Thebanis
951 2744 1007 2809 est,
1025 2736 1107 2814 quod
1121 2735 1255 2798 Nicaeam

144 2828 286 2910 proesidio
296 2837 386 2901 tenet,
400 2837 432 2887 et
444 2827 475 2885 in
486 2825 747 2906 Amphictyoniam
760 2827 892 2908 irrepsit;
915 2836 945 2886 et
958 2827 1121 2906 legationes
1134 2849 1150 2888 e
1166 2830 1254 2890 Pelo-

147 2941 283 3002 ponneso
298 2921 337 2981 ad
349 2940 382 2981 se
401 2919 498 2992 trahit,
511 2939 673 2998 eorumque
690 2919 863 2980 societatem
878 2919 1020 2979 dissolvit.
1062 2920 1189 2982 Proinde
1204 2922 1254 3002 qui

121 3025 123 3030 ’
145 3015 227 3096 prius
241 3010 305 3094 ejus
317 3013 402 3074 amici
413 3013 542 3084 fuerunt,
552 3007 658 3092 partim
669 3033 736 3072 cum
748 3033 783 3072 eo
799 3032 878 3076 nunc
887 3007 1070 3092 implacabile
1080 3014 1191 3074 bellum
1202 3033 1254 3094 ge-

145 3119 225 3181 runt,
240 3093 345 3189 partim
359 3107 456 3168 minus
470 3106 605 3168 alacriter
618 3127 684 3168 aum
699 3107 857 3187 adjuvant:
879 3105 1006 3166 universi
1030 3117 1127 3168 autem
1151 3129 1254 3190 suspe-

146 3214 229 3266 ctum
242 3202 325 3262 illum
337 3202 458 3272 habent,
472 3210 504 3262 et
513 3201 712 3262 criminantur.
733 3200 987 3274 Proeterea,-nec
997 3201 1073 3260 enim
1084 3201 1114 3260 in
1124 3201 1181 3264 hoc
1190 3225 1254 3266 mo·

144 3297 238 3358 menti
253 3311 357 3376 parum
371 3304 467 3372 est-,
488 3294 589 3354 Asiani
609 3305 734 3374 satrape
750 3313 855 3354 recens
871 3293 1046 3354 intromissis
1065 3296 1255 3361 conductitiis

145 3390 298 3463 militibus,
313 3389 474 3470 expugnari
488 3381 661 3448 Perinthum
670 3387 893 3468 prohibuerunt.
916 3387 1004 3448 Nunc
1018 3407 1088 3450 vcro
1102 3409 1169 3450 curn
1184 3390 1254 3450 Pbi-
1367 3433 1373 3443 .

143 3479 217 3567 lippi
231 3480 397 3544 iuimicitias
409 3475 602 3562 susceperint,
616 3489 656 3554 et,
667 3480 693 3540 si
702 3479 878 3562 Byzantium
889 3478 1029 3560 capiatur,
1040 3477 1254 3562 periculumeis
1279 3471 1289 3482 ”

143 3576 326 3656 impendeat,
340 3596 399 3636 non
413 3576 468 3656 ipsi
481 3585 596 3637 tautum
610 3583 727 3634 strenue
742 3592 823 3634 nunc
836 3594 891 3634 nos
904 3575 933 3634 in
943 3574 1022 3636 bello
1031 3576 1188 3656 juvabunt,
1199 3576 1254 3637 sed

144 3668 210 3749 regi
237 3668 327 3730 etiam
354 3668 511 3730 Persarum
531 3665 752 3748 persuadebunt
773 3677 807 3728 ut
829 3669 915 3729 nobis
935 3663 1091 3748 pecuniam
1112 3667 1254 3747 suppedi-

143 3772 204 3825 tet:
227 3762 278 3841 qui
291 3771 389 3823 mutas
405 3783 474 3843 opes
492 3764 592 3834 babet,
611 3772 737 3841 quantas
752 3781 807 3822 nec
821 3762 925 3840 reliqui
942 3762 1080 3821 universi.
1122 3760 1254 3824 Tantum

143 3873 234 3938 porro
249 3857 390 3916 momenti
403 3857 441 3918 ad
452 3867 569 3918 nostras
579 3855 667 3916 hasce
678 3856 808 3917 actiones
823 3855 917 3928 affert,
931 3865 965 3913 ut
977 3855 1046 3914 olim
1062 3853 1148 3913 etiarn
1160 3853 1253 3942 Lacc7

143 3952 213 4012 uico
226 3950 316 4022 bello,
330 3951 403 4010 utris
426 3970 492 4011 sese
511 3949 706 4029 adjunxisset,
721 3969 772 4011 eos
785 3949 910 4010 victores
928 3945 1072 4007 redderet.
1116 3948 1146 4010 ls
1163 3949 1254 4029 igitur

142 4047 322 4107 nuncetiam
330 4045 480 4106 vobiscum
491 4045 769 4124 conjunctus,facile
777 4043 936 4107 debellabit
945 4039 1253 4124 Philippipotentiam.

150 4205 154 4212 ,
188 4142 218 4199 3.
238 4138 350 4198 Praeter
367 4137 432 4198 baec
445 4157 512 4217 quae
532 4148 615 4200 tanta
629 4146 706 4208 suut,
723 4158 783 4198 non
803 4136 938 4216 equidem
953 4123 1079 4214 negabo,
1101 4157 1169 4198 eum
1186 4140 1254 4200 loca

143 4230 309 4310 complura,
323 4238 354 4290 et
366 4239 479 4310 portus,
493 4241 523 4291 et
537 4232 599 4312 ejus
615 4230 730 4311 generis
744 4230 802 4291 alia
821 4227 952 4310 gerendo
971 4229 1050 4290 bello
1064 4231 1157 4305 utilia,
1172 4233 1252 4312 pacis

143 4322 300 4390 occasione
313 4323 499 4404 proripuisse
510 4324 603 4383 vobis.
625 4324 705 4384 Illud
716 4332 813 4384 autem
827 4321 924 4398 video,
935 4323 1057 4404 quando
1069 4322 1188 4402 irnperio
1201 4323 1252 4383 be·
1283 4333 1290 4344 '

144 4417 313 4480 nerolentia
323 4415 504 4492 coalescunt,
515 4425 545 4478 et
557 4415 660 4480 eadem
673 4415 808 4480 omnibus
821 4416 893 4479 belli
903 4413 990 4480 sociis
1005 4413 1174 4496 expediunt,
1187 4415 1252 4477 diu·
