2932 4952
234 224 345 286 406.
421 240 424 246 ·
517 223 691 327 CONTRA
713 221 1060 325 ahtpsuommuum.
1150 251 1153 266 ν

244 368 377 446 stiterim,
393 394 452 436 non
467 393 535 436 cum
548 375 727 448 laudaretur,
736 395 801 438 'uon
809 376 937 454 denique
946 377 1117 454 priusquam
1125 376 1183 437 hoc
1193 385 1353 458 dsuetum

242 467 335 540 fieret,
345 469 466 528 verbum
480 469 573 530 ullum
587 468 716 530 fecerim.
747 469 812 548 Ego
825 489 905 539 vero,
920 468 1125 540 Athenienses,
1137 469 1252 534 fatebor
1266 480 1356 548 apud

242 578 427 623 insomnem
446 561 607 622 veritatem.
631 561 708 622 Nam
730 569 761 623 et
779 561 937 622 honoribus
951 561 1107 638 indignum
1122 580 1190 622 esse
1207 561 1357 632 sciebam,

241 661 359 726 etcum
372 653 494 714 heecilli
509 647 681 714 cinamenta
694 653 899 726 tribuerentur,
913 653 1041 726 aderam,
1056 662 1086 715 ct
1100 673 1159 714 non
1175 673 1241 712 sum
1254 653 1356 715 refra-

242 745 339 822 getu's.
361 743 477 808 Fateor.
501 743 719 812 Quamobrem?
741 746 840 816 Quod,
857 745 1060 818 Athenienses,
1073 745 1199 824 primum
1212 745 1355 807 imbecil-

241 835 342 898 liorem
360 837 422 896 fore
435 837 576 915 putabam
590 837 689 898 multis
705 838 783 916 apud
801 858 851 898 vos
864 838 1048 901 confidenter
1066 839 1286 909 mentientibus,
1301 859 1354 900 ms
1439 865 1440 870 ¹

239 948 333 988 unum
343 947 412 990 vera
425 928 573 990 dicentem
584 949 592 986 ι
603 929 721 1006 ,deinde
731 929 800 990 nihil
816 950 917 994 eorum
931 951 998 1009 quae
1011 930 1060 991 ille
1069 950 1119 1008 per
1129 930 1260 992 fraudem
1276 950 1354 994 con·

242 1024 432 1100 sequebatur,
442 1021 546 1080 Jorem
561 1020 693 1099 deosque
708 1043 810 1082 omnes
825 1033 927 1094 testor,
943 1024 1115 1101 unquamiu
1130 1033 1259 1084 mentem
1275 1023 1353 1083 mihi

241 1113 322 1174 venit
335 1113 377 1172 illi
390 1113 530 1188 invidere,
551 1133 646 1192 neque
666 1134 719 1174 ros
734 1115 877 1194 insignem
891 1117 1018 1195 aliquam
1032 1115 1149 1178 cladem
1170 1125 1350 1193 accepturos

239 1206 387 1282 videbam,
402 1206 427 1266 si
441 1227 529 1286 quem
543 1207 678 1276 devehis
692 1208 767 1268 male
782 1209 925 1281 meritum,
940 1209 1059 1288 impune
1071 1208 1225 1272 dimissum
1238 1229 1351 1286 provo·

240 1301 358 1373 ceretis,
379 1305 415 1361 'ut
432 1289 479 1360 vel
492 1301 631 1381 deinceps
651 1303 731 1366 vobis
754 1305 828 1364 bene
850 1301 944 1366 facere
958 1298 1069 1390 'vellem
1092 1321 1161 1364 nam
1180 1303 1211 1366 in
1234 1302 1349 1366 donato

236 1393 304 1474 jure
318 1394 452 1464 civitatis,
469 1403 498 1454 et
511 1395 626 1456 coronis
638 1395 773 1468 decretis,
784 1395 888 1456 horum
898 1405 1054 1474 utrumque
1063 1396 1175 1456 inerat:
1198 1395 1251 1456 sed
1262 1406 1348 1473 post-

139 1472 145 1494 ‘
243 1506 332 1567 qnam
346 1507 414 1547 eum
430 1488 518 1556 etiam
531 1488 589 1548 tale
609 1489 757 1568 quippiam
771 1489 929 1550 machinari
943 1489 1039 1562 video,
1059 1509 1117 1567 quo
1131 1489 1194 1562 fiat,
1208 1477 1348 1548 simodo

242 1598 292 1642 eos
307 1579 357 1658 qui
370 1600 423 1641 sus
436 1581 532 1660 gratia
544 1600 597 1640 vos
608 1581 760 1660 decepturi
773 1582 842 1656 sint,
855 1583 904 1643 hic
914 1583 1090 1652 instruxerit,
1105 1591 1139 1642 ut
1158 1601 1259 1642 eorum
1275 1583 1349 1641 ami-

242 1691 436 1750 corum,quos
449 1673 713 1752 peregre'hsbetis,
723 1675 772 1753 qui
783 1675 820 1736 de
835 1675 916 1734 vohis
930 1677 1006 1755 hene
1027 1674 1129 1736 mereri
1144 1674 1276 1747 student,
1298 1676 1347 1754 qni

192 1776 199 1788 '
241 1763 319 1822 illius
334 1774 458 1824 conatus
474 1777 577 1824 contra
591 1785 643 1825 vos
658 1766 778 1826 hostiles
792 1767 963 1845 prohibituri
976 1778 1073 1826 essent
1085 1767 1263 1845 (eujusmodi
1276 1779 1347 1828 suut

243 1856 462 1929 Athenodorus,
478 1857 568 1930 Simo,
584 1845 703 1931 Bianor,
717 1860 880 1919 Archebius
895 1857 1073 1939 Byzantius,
1083 1859 1199 1920 duoilli
1212 1861 1346 1921 Thracia

242 1933 340 2026 ieges)
354 1959 399 2022 ut,
411 1949 539 2028 inquam,
554 1950 658 2011 horum
670 1943 769 2012 nullus
784 1952 809 2011 ei
832 1953 878 2011 vel
891 1953 1049 2024 adversari,
1064 1952 1119 2011 vel·
1131 1952 1344 2032 impedimento

241 2059 308 2120 esse
332 2039 450 2113 audeat,
469 2050 532 2100 tum
550 2042 668 2102 demum
688 2045 773 2103 venio
794 2055 976 2124 accusatum.
1010 2043 1086 2104 Cum
1112 2043 1164 2106 illa
1192 2045 1345 2123 impedire,

242 2125 348 2214 quibus
363 2135 491 2215 acceptis
506 2134 673 2214 reipublicae
695 2156 798 2216 parum
813 2137 964 2197 nociturus
980 2145 1068 2206 esset,
1087 2135 1133 2194 vel
1152 2135 1289 2216 privatim
1309 2139 1344 2198 ah

241 2246 277 2286 eo
292 2225 367 2299 laesi,
378 2216 428 2286 'vel
443 2227 661 2288 calumniatoris
675 2233 761 2288 isse:
781 2229 827 2288 his
841 2239 939 2290 antem
954 2216 1114 2302 adversari,
1127 2248 1182 2308 per
1196 2248 1264 2308 quse
1283 2249 1343 2288 ms·

242 2343 332 2406 gnum
347 2333 456 2382 nostrae
467 2322 578 2383 civitati
593 2322 702 2382 malum
719 2332 857 2398 struatur,
867 2323 938 2384 boni
953 2331 983 2381 et
996 2323 1050 2381 viri
1064 2330 1093 2380 et
1112 2321 1185 2382 civis
1200 2340 1267 2383 esse
1282 2321 1344 2381 offi-

240 2416 322 2477 cium·
333 2417 506 2477 existimem.
529 2417 602 2476 Haee
618 2425 697 2484 sunt,
713 2426 832 2496 propter
845 2435 911 2494 quos
925 2424 988 2475 tum
1003 2412 1075 2474 nihil
1089 2413 1160 2482 disi,
1169 2434 1255 2477 ¹nunc
1269 2413 1342 2474 dico.

281 2514 332 2571 48.
353 2511 459 2572 Restat
477 2509 518 2569 eis
532 2511 599 2575 telis
620 2509 717 2572 adhuc
738 2511 842 2581 oratio,
864 2530 922 2592 qua
943 2529 975 2570 se
996 2510 1078 2568 vohis
1092 2509 1195 2568 fucum
1215 2509 1342 2570 facturos

195 2665 200 2672 ,
240 2607 363 2682 putant:
386 2602 606 2682 Cersobleptem
617 2612 648 2660 et
662 2601 871 2664 Charidemum
885 2601 1054 2662 adversatos
1068 2619 1136 2662 esse
1149 2599 1277 2662 fortasse
1291 2601 1341 2662 rei·

240 2692 368 2775 publices
385 2703 457 2766 tum,
473 2714 538 2754 eum
554 2693 654 2754 hostes
669 2703 787 2760 essent;
809 2713 888 2772 nunc
901 2713 981 2765 uero,
1001 2713 1070 2754 cum
1089 2692 1149 2755 sint
1163 2693 1261 2766 amici,
1273 2695 1340 2756 etin

242 2783 387 2853 civitatem
402 2792 530 2844 nostram
542 2783 676 2858 officiosi,
691 2794 804 2847 veteres
815 2783 944 2846 offensas
958 2804 1023 2844 esse
1034 2783 1179 2844 oblivione
1191 2784 1338 2846 delendas.

242 2877 307 2937 Nec
328 2875 415 2950 enim,
438 2895 505 2935 cum
525 2874 763 2936 Lacedaemonios
781 2885 939 2944 tueremur,
959 2895 1014 2934 nos
1035 2875 1217 2952 injuriarum,
1240 2877 1338 2956 quibus

239 2955 311 3028 belli
326 2967 504 3048 temporibus
519 2969 556 3028 ab
571 2967 613 3026 eis
624 2965 721 3026 affecti
735 2986 879 3042 essemus,
889 2966 985 3038 fuisse
998 2967 1181 3042 recordatos,
1194 2989 1264 3045 nec,
1277 2987 1339 3030 cnm

240 3059 407 3134 Thebanos,
427 3069 457 3116 et
475 3068 622 3137 postremo
637 3077 715 3118 nunc
735 3077 803 3118 cum
826 3058 1009 3122 Euboeenses
1022 3057 1259 3123 defenderemus.
1281 3061 1340 3140 Ego

241 3174 311 3214 vero
332 3170 451 3222 censeo,
467 3151 491 3210 si
506 3169 541 3209 eo
555 3161 704 3230 tempore,¹
718 3170 778 3230 quo
793 3151 990 3232 Cetsobleptae
1002 3163 1032 3212 et
1046 3151 1228 3212 Charidemo
1240 3153 1341 3216 auxilia

240 3243 360 3305 decreta
371 3253 480 3312 essent,
491 3261 546 3302 nos
557 3243 772 3314 obsisteremus,
784 3252 847 3310 tum
855 3241 976 3305 demum
985 3240 1062 3306 hanc
1073 3244 1238 3305 orationem
1249 3245 1340 3307 locun

242 3337 426 3396 habituram:
449 3335 501 3397 sed
518 3354 583 3394 cum
603 3335 665 3402 tals
679 3334 755 3395 nihil
771 3343 885 3416 agatur,
900 3346 952 3397 aut
973 3335 1113 3414 scriptum
1134 3336 1183 3408 sit,
1207 3349 1296 3420 atque
1309 3356 1339 3400 eo

242 3429 367 3491 tendant
380 3428 484 3497 omnia,
498 3437 531 3486 ut
547 3427 747 3506 Cersnbleptee
760 3427 853 3488 duces
868 3427 1048 3510 potentiores
1061 3427 1146 3507 fiant,
1161 3431 1271 3498 vestris
1283 3450 1339 3490 nm-

242 3521 295 3580 niti
310 3519 462 3592 custodiis,
482 3539 569 3597 quam
583 3528 725 3596 oporteat,
746 3518 872 3598 graviter
886 3539 1008 3600 peceare
1028 3517 1101 3589 istos
1114 3522 1252 3584 arbitror.
1283 3524 1339 3584 Nec

243 3614 320 3675 enim
341 3630 459 3690 aequum
472 3623 527 3682 est,
542 3630 610 3672 cnm
622 3611 673 3694 tali
688 3611 818 3680 oratione
839 3621 970 3686 utantur,
985 3613 1078 3692 qualis
1098 3633 1150 3673 eos
1169 3615 1280 3679 deceat
1297 3616 1340 3696 qui

219 3703 223 3708 ’
244 3705 332 3769 saluti
352 3724 414 3764 sure
435 3702 601 3763 consultum
615 3703 715 3776 velint,
729 3704 844 3765 interim
865 3705 895 3766 id
909 3704 1014 3780 moliri,
1030 3716 1064 3764 ut
1082 3705 1204 3786 impune
1221 3709 1254 3771 iu
1274 3709 1340 3774 alios

242 3799 368 3880 grassari
382 3795 423 3855 eis
438 3795 534 3854 liceat.
559 3794 717 3868 Praeterea,
729 3795 753 3858 si
767 3795 960 3860 Charidemus
970 3798 1064 3860 hostis
1076 3799 1175 3862 adhuc
1186 3804 1341 3874 nocuisset,

242 3900 397 3972 postquam
419 3907 485 3948 vero
505 3887 615 3949 amicus
634 3887 723 3949 videri
742 3888 815 3961 vult,
835 3898 964 3953 mutatus
985 3900 1075 3964 esset,
1093 3892 1190 3978 audiri
1213 3894 1340 3958 sommis

242 3981 308 4042 haec
320 3981 500 4058 potuissent:
524 3981 576 4042 sed
589 3981 699 4060 quisse
714 4000 760 4044 res
775 4001 833 4040 non
845 3982 994 4054 itahahet,
1006 4003 1074 4045 nam
1089 3996 1126 4046 e'x
1141 4007 1202 4064 quo
1217 4007 1251 4048 se
1266 3991 1340 4052 robis

179 4125 185 4134 ,
243 4067 369 4130 amicum
384 4092 451 4131 esse
471 4073 603 4154 simulat,
620 4093 657 4132 cx
671 4092 706 4133 eo
720 4092 771 4132 vos
787 4075 947 4153 saepissime
961 4076 1091 4156 decepit,
1109 4077 1134 4138 si
1153 4098 1215 4140 non
1228 4091 1341 4162 propter

241 4161 297 4232 illa
314 4173 360 4224 sst
377 4163 443 4246 odio
462 4165 694 4244 prosequendus,
711 4176 830 4246 propter
847 4166 914 4228 haec
934 4177 1034 4230 tamen
1055 4170 1139 4235 nulla
1156 4171 1185 4231 ei
1204 4173 1281 4234 tides
1300 4183 1339 4232 est

243 4254 389 4318 habenda.
410 4255 478 4315 Jarn
489 4256 569 4337 quod
581 4258 618 4320 ad
630 4257 1105 4342 injuriarumoblivionemattinet,
1113 4264 1157 4325 sic
1168 4267 1338 4344 respondeo.

244 4345 304 4416 ttui
317 4345 444 4413 nocendi
453 4365 543 4412 causa
555 4349 625 4412 tolia
638 4350 793 4426 examinat,
806 4352 1001 4434 implacabilis
1013 4365 1072 4430 est,
1093 4356 1145 4435 qui
1160 4369 1288 4432 verant
1306 4378 1339 4420 ne
