2912 4946
411 253 455 313 nt
475 252 718 340 onerosam
734 239 856 316 'uuna
873 257 924 318 -v1
946 257 970 314 1.
1175 259 1234 321 sor

135 409 276 483 sciebam,
288 417 348 470 tres
366 409 489 472 ancillas
507 411 545 472 ab
558 431 595 472 eo
613 409 769 492 postulavi,
783 429 851 490 quae
864 421 895 472 et
909 410 1157 473 matremfamilias
1169 431 1235 476 csse

63 580 68 584 -
134 501 285 564 mulierem
299 511 330 564 et
340 502 497 582 pecuniam
510 523 601 582 penes
614 504 688 566 istos
701 519 767 566 esse
781 513 898 578 norant,
911 513 946 566 ut
959 523 1019 566 uon
1032 505 1124 566 re'rba
1133 506 1235 582 modo,

132 600 188 659 sed
203 597 381 678 quaestiones
403 599 490 662 etiam
504 599 543 660 de
565 599 797 662 relaberentur.
839 599 915 667 Quae
929 617 998 661 oum
1010 601 1037 660 ei
1055 601 1097 662 sio
1119 602 1235 662 denun-

92 747 93 752 ,
131 697 236 766 masse,
251 693 346 772 etqui
362 691 485 753 aderant
504 713 606 754 omnes
625 711 741 771 aequum
759 691 907 771 postulare
930 712 978 752 me
998 695 1236 773 pronunciarent,

131 789 172 849 ad
190 788 269 846 banc
285 773 446 864 confugere
469 787 672 866 probationem
685 785 799 844 noluit:
821 785 884 856 sed,
899 784 1020 864 perinde
1032 805 1069 846 ac
1084 787 1108 847 si
1126 787 1235 848 talibus

131 881 163 942 in
187 878 312 960 negotiis
337 879 403 939 aliae
427 880 615 960 probationes
635 887 735 940 essent
752 878 964 958 quaestionibus
984 889 1015 939 et
1032 879 1157 940 testibus
1174 880 1235 944 evi·

127 973 291 1055 ‚deutiores
314 993 410 1050 neque
427 961 558 1032 'testibus
584 972 720 1034 adductis
744 971 781 1032 de
806 983 959 1038 numerata
981 971 1061 1046 dote,
1083 989 1180 1051 neque
1203 974 1234 1036 in

128 1065 324 1146 questionem
344 1064 421 1130 datis
443 1065 555 1127 ancillis
574 1065 612 1126 de
634 1063 740 1130 sororis
760 1063 943 1126 matrimonio
957 1065 1093 1137 consciis,
1105 1085 1163 1138 me,
1185 1069 1236 1146 qai

128 1160 196 1222 bac
219 1160 258 1220 ab
282 1178 319 1218 eo
336 1158 532 1237 postulabam,
546 1159 671 1238 superbe
690 1157 811 1218 omnino
831 1169 862 1218 et
878 1157 1089 1229 contumeliose
1107 1159 1234 1219 aeollo-

132 1253 201 1333 quio
224 1270 279 1311 suo
302 1250 419 1330 repulit.
461 1251 541 1320 Quid
564 1250 620 1311 isto
643 1251 705 1312 fieri
728 1260 830 1330 posset
851 1250 969 1336 homine
988 1250 1138 1330 iniquius?
1168 1252 1235 1331 quis

67 1383 70 1389 ,
132 1344 226 1423 magis
239 1344 278 1403 de
291 1343 435 1403 industria
448 1363 480 1404 se
493 1343 628 1422 ignarum
640 1363 705 1405 csse
719 1342 797 1421 aequi
810 1344 939 1423 bonique
952 1342 1124 1404 simularet?
1151 1343 1233 1425 Cape

132 1435 371 1517 provocationem
385 1446 416 1496 et
429 1435 529 1496 recita.
748 1430 752 1438 ’

545 1651 827 1714 PROVOCATIO.

131 1796 193 1856 Vos
207 1805 305 1856 autem
319 1804 350 1855 et
367 1795 499 1876 privatim
513 1806 545 1857 et
559 1795 679 1874 publice
692 1794 905 1874 quaestionibus
920 1792 1065 1856 summam
1077 1795 1166 1856 fidem
1179 1796 1232 1860 ha-

131 1890 223 1952 betis:
245 1899 287 1963 et,
300 1909 367 1949 cum
379 1889 454 1950 servi
468 1898 499 1950 et
511 1888 633 1968 ingenui
647 1887 767 1962 adsunt,
785 1889 816 1950 in
836 1887 1011 1968 explicanda
1024 1890 1233 1963 controversia,

131 2003 192 2043 non
214 1981 327 2042 utimini
344 1981 519 2041 testimoniis
540 1981 745 2060 ingenuorum,
760 1981 813 2041 sed
832 1979 873 2039 ita
885 2000 982 2040 rerum
996 1992 1145 2060 gestarum
1158 1981 1233 2050 reri·

130 2084 221 2136 tatem
234 2073 393 2154 exquiritis,
407 2084 441 2132 ut
452 2091 551 2136 servos
565 2071 736 2153 torqueatis.
779 2071 1110 2151 Nscinjuria,ludices.
1153 2073 1233 2134 Nam

131 2164 285 2246 aliquoties
309 2166 428 2226 testium
455 2164 570 2244 aliquos
592 2165 669 2225 t'alsa
690 2159 837 2226 testificari
861 2175 1045 2244 compertum
1067 2177 1131 2225 est:
1158 2166 1233 2226 nulli

130 2261 199 2326 iero
224 2259 301 2320 servi
326 2257 451 2339 subjecti
472 2257 687 2338 quaestiouibus
709 2278 837 2339 unquam
855 2258 887 2323 in
906 2259 1062 2337 -tormentis
1085 2259 1232 2338 mendacii

26 2393 31 2398 ι
119 2352 273 2433 *comperti
295 2360 373 2412 sunt
414 2351 476 2415 Iste
489 2371 570 2424 vero,
584 2362 629 2412 tot
644 2351 713 2430 jura
726 2361 901 2432 aspernatus
921 2351 1056 2428 adeoque
1070 2351 1231 2430 perspicuis

129 2455 160 2512 et
172 2444 287 2524 magnis
299 2442 518 2524 probationibus
532 2443 742 2524 pretermissis,
757 2445 916 2524 Apbobum
930 2453 1036 2527 testem
1053 2442 1231 2510 adducendo

130 2549 162 2599 ct
182 2539 388 2612 Timocratem,
413 2537 493 2598 hunc
515 2536 553 2596 de
575 2534 656 2608 data,
671 2536 753 2612 illum
773 2537 811 2599 de
831 2546 954 2619 accepta
971 2535 1124 2612 dotem&
1140 2536 1230 2600 fidem
1287 2537 1290 2542 ’

128 2631 229 2693 haberi
241 2651 263 2704 a
274 2630 356 2694 vobis
370 2630 541 2711 postulabit,
553 2649 616 2691 rem
630 2649 697 2692 oum
707 2629 774 2692 istis
788 2631 899 2711 absque
912 2629 1039 2708 testibus
1052 2639 1231 2690 transactam

68 2793 74 2804 .
129 2724 257 2807 fiqgcqs,
295 2723 468 2796 Teutanes
480 2721 626 2792 vecordiae
639 2721 770 2798 damnat.

171 2819 218 2887 13.
240 2817 299 2888 Eos
310 2815 402 2894 igitur
411 2835 506 2894 neque
514 2835 596 2891 aera,
602 2835 700 2894 neque
710 2815 874 2882 aensimilia
883 2815 1022 2890 dicturos,
1036 2825 1098 2876 tum
1108 2836 1126 2878 e
1136 2816 1231 2895 prima

98 2913 101 2928 '
127 2929 228 2982 eorum
251 2909 437 2982 consessione
459 2908 497 2969 de
514 2909 589 2968 dote
605 2928 667 2975 noa
684 2909 812 2986 reddita,
835 2916 899 2984 tum
917 2926 956 2990 ex
972 2907 1173 2980 affirmatione
1188 2908 1230 2986 de

127 3005 230 3074 eadem
249 3005 311 3064 sins
328 3001 458 3074 testibus
475 2999 606 3076 reddita,
630 3011 694 3076 turn
714 3021 755 3078 err
775 3001 841 3080 ipso
859 3011 992 3080 tempore
1012 2999 1093 3080 quod
1115 2998 1147 3058 in
1167 2998 1227 3068 dis,-

125 3099 237 3166 oriman
254 3097 316 3176 jam
334 3095 465 3167 adducta
482 3113 514 3154 re
529 3094 668 3166 ‚faciliori
688 3094 864 3171 amotionem
878 3092 947 3171 :fieri
962 3111 1021 3170 nou
1037 3091 1118 3166 sirit
1129 3101 1228 3171 ‚tuma
1298 3167 1305 3184 ἱ

126 3191 244 3260 nataris
256 3190 346 3256 robus
357 3187 505 3263 amnibus,
517 3187 592 3260 ratis
605 3207 626 3263 ‚a
637 3206 685 3262 mr
697 3197 848 3258 ostensum
859 3205 924 3251 esse
933 3184 1083 3264 mistim.
