2948 4954
396 303 453 365 D'll
475 304 741 367 Ruoulouum
764 307 1009 376 LIBERTATE.
1199 312 1255 370 141

157 453 283 521 sortasse
295 463 614 528 vestrunconn'tlemt.
647 465 693 524 De
704 465 809 546 quihus
818 465 907 544 igitur
916 465 991 526 tuit?
1013 463 1194 525 Oumliheris
1204 485 1262 545 po·

156 555 233 634 pulis
247 565 300 614 aut
311 551 570 636 propter'privatas
582 557 805 628 controversias,
820 577 886 637 quoe
900 558 993 616 dirimi
1001 557 1118 637 publice
1133 577 1191 616 non
1205 579 1258 638 po-

155 656 286 721 toerunt,
307 658 359 708 aut
380 661 536 728 pro-parte
555 656 688 728 agrorum
704 662 756 709 aut
769 648 807 709 de
820 651 925 710 finibus
939 661 992 709 aut
1002 660 1121 730 propter
1139 661 1259 710 conten·

154 739 266 800 tionem
285 733 403 800 honoris
420 751 471 801 aut
484 742 521 801 de
535 742 720 822 principatu:
743 759 808 802 cum
823 751 969 822 potestate
982 761 1140 821 paucorum
1155 741 1192 801 de
1205 744 1259 804 ha-

153 851 218 891 rum
232 853 331 893 rerum
345 834 436 905 nulla,
452 836 504 894 sed
516 833 557 894 de
570 835 741 914 reipublicee·
747 835 840 897 lorma
849 844 880 893 et
887 834 1030 893 libertate.
1074 835 1259 914 Quapmpter

155 942 214 1004 ego
228 927 347 1004 quidem
361 945 443 986 certe
457 927 554 988 dicere
567 947 627 986 non
643 928 784 998 dubitem,
796 927 895 986 utilius
909 927 999 986 rideri
1012 927 1092 997 mihi,
1113 927 1259 990 ut'Groecl

156 1037 260 1078 omnes
274 1019 407 1098 populari
422 1029 501 1083 statu
516 1029 632 1078 utentes
646 1019 798 1077 nobiscum
811 1017 995 1098 belligerent,
1004 1037 1093 1095 quam
1104 1030 1138 1076 ut
1145 1038 1258 1097 pauco·

153 1131 219 1170 rum
233 1112 353 1190 imperio
376 1113 498 1187 subjecti
513 1123 643 1172 nostram
665 1111 819 1170 amicitiam
842 1111 958 1170 colant:
978 1131 1047 1170 cum
1061 1110 1160 1170 liberis
1181 1113 1258 1170 enim

153 1223 260 1283 pacem
279 1225 343 1278 vos,
358 1205 595 1283 quandocunque
615 1204 772 1275 uolueritis,
787 1223 846 1264 non
868 1203 1021 1280 difficulter
1039 1223 1104 1263 esse
1127 1203 1258 1264 facmros

153 1295 295 1364 arbitron
318 1305 349 1356 at
367 1315 434 1358 cum
448 1297 561 1369 iisdem,
576 1297 600 1357 si
613 1317 773 1378 paucorum
795 1307 936 1376 regantur
953 1298 1081 1374 arbitrio,
1095 1317 1141 1357 ne·
1156 1298 1256 1357 amici-

152 1389 224 1447 tiam
234 1389 356 1467 quidem
366 1391 455 1452 tidem
468 1391 531 1448 lore
543 1399 631 1469 putot
653 1389 735 1448 nullo
745 1390 821 1448 enim
835 1389 924 1448 medo
938 1390 998 1448 lieri
1012 1399 1121 1471 potest,
1130 1399 1163 1450 ut
1171 1379 1257 1469 pauci

152 1483 253 1542 multis
267 1493 357 1561 atque
370 1484 448 1543 avidi
461 1483 572 1562 imperii
586 1483 762 1562 aequalitatis
777 1483 917 1543 studiosis
930 1484 1006 1542 hene
1020 1483 1122 1542 velint.

195 1575 225 1632 9.
247 1575 342 1633 Miror
356 1586 463 1647 autem,
483 1575 630 1634 neminem
643 1585 773 1636 vestrum
791 1575 965 1645 existimare,
979 1574 1004 1632 si
1017 1574 1084 1632 Chii
1097 1593 1257 1653 paucorum

153 1677 299 1746 potestate
309 1679 449 1746 regantur
460 1678 490 1726 et
505 1668 669 1748 Mitylenaei
682 1677 714 1726 et
723 1684 803 1726 nunc
818 1667 937 1738 Rhodii,
951 1677 1039 1746 atque
1054 1685 1155 1725 omnes
1166 1683 1257 1744 prope

152 1759 275 1830 dixerim
289 1759 422 1820 homines
446 1761 524 1819 illius
545 1761 690 1820 servitutis
711 1761 818 1840 jugum
840 1761 974 1831 subeant,
995 1770 1121 1818 vestram
1141 1773 1257 1837 quoque

154 1853 366 1934 rempublicam
378 1854 407 1926 in
422 1853 520 1931 aliquo
534 1853 595 1913 fore
603 1853 743 1932 periculo,
756 1872 852 1930 neque
866 1852 1006 1931 cogitare,
1020 1852 1129 1930 passim
1140 1851 1256 1931 Oligar·

153 1945 225 2006 chiis
235 1946 386 2018 institutis,
395 1963 547 2024 nonposse
556 1946 626 2015 heri,
635 1943 776 2024 utpopuli
786 1943 1037 2023 dominatusapud
1047 1945 1256 2022 noerelinqua-

153 2047 218 2097 tur:
241 2039 339 2098 sciunt
352 2038 429 2096 enim
449 2038 545 2098 nullos
565 2037 637 2096 alios
651 2056 750 2096 rursus
765 2037 794 2095 in
808 2037 971 2096 libertatem
986 2056 1032 2094 res
1045 2036 1255 2100 vindicaturos.

155 2129 242 2189 Unde
257 2130 345 2209 igitur
357 2129 507 2188 imminere
520 2130 575 2188 sibi
588 2130 750 2209 periculum
764 2128 934 2208 proerident,
949 2146 1000 2186 eos
1015 2129 1141 2188 emedio
1156 2132 1254 2190 subla-

152 2233 198 2283 tos
215 2224 321 2284 volent.
364 2222 490 2284 Proinde
509 2224 619 2294 careri,
637 2221 687 2300 qui
708 2221 854 2299 aliquibus
867 2221 1001 2299 injuriam
1020 2221 1141 2293 faciunt,
1154 2241 1255 2284 eorum

151 2315 281 2394 ipsorum
294 2315 502 2393 quilaeduntur
511 2315 615 2374 hostes·
625 2313 746 2392 putandi
760 2322 839 2384 sunt,
853 2315 1018 2390 rerumpub.
1034 2323 1131 2372 eutem
1140 2333 1254 2373 everso-

90 2431 95 2444 ·
152 2425 199 2466 res
219 2414 439 2487 paucorumque
453 2405 592 2485 potentiae
606 2405 825 2474 constitutores,
836 2423 1007 2464 communes
1018 2405 1117 2464 hostes
1127 2405 1256 2464 omnium

152 2519 254 2559 eorum
267 2501 372 2578 quibus
383 2499 504 2558 libertas
518 2497 598 2557 cordi
610 2507 664 2569 est,
675 2514 721 2556 me
741 2496 860 2575 quidem
880 2506 1009 2569 auctore,
1021 2497 1235 2577 judicabuntur
1246 2517 1254 2564 ;

152 2591 259 2650 deinde
276 2611 393 2671 aequum
417 2591 504 2649 etism
521 2598 577 2661 est,
592 2600 625 2648 ut
649 2608 712 2661 vos,
726 2589 776 2668 qui
799 2590 899 2669 populi
921 2591 1092 2648 auctoritate
1116 2589 1170 2668 ipsi
1191 2590 1255 2668 regi

149 2683 248 2756 tultis,
263 2684 306 2743 sic
319 2685 350 2742 in
360 2681 544 2744 calamitosos
554 2682 680 2762 populos
695 2681 814 2742 animati
827 2701 891 2742 esse
903 2683 1068 2754 videamini,
1085 2693 1120 2742 ut
1132 2683 1204 2743 alios
1222 2683 1254 2744 in

150 2795 202 2836 ses
212 2795 280 2836 esse
293 2777 437 2835 animatos
446 2775 568 2847 velletis,
581 2775 746 2853 siquando,
760 2773 840 2854 quod
849 2775 899 2836 Dii
908 2775 1093 2856 prohibeant,
1102 2776 1161 2836 tale
1170 2777 1253 2856 quip-

150 2870 229 2947 piam
243 2869 417 2928 aecidissett
439 2869 587 2928 enimvero
601 2869 692 2946 siquis
716 2869 804 2942 dicat,
818 2870 921 2929 merito
935 2869 1070 2929 Rhodios
1084 2871 1185 2949 plecti,
1199 2871 1252 2929 mi-

152 2961 229 3019 nime
244 2971 407 3040 opportuna
416 2979 550 3040 praesens
560 2962 676 3020 occasio
687 2961 725 3020 ad
734 2962 801 3022 haec
813 2961 956 3033 dicenda;
978 2964 1082 3040 quibus
1092 2965 1168 3023 enim
1180 2963 1251 3022 For·

149 3063 225 3114 tuna
236 3054 366 3113 secunda
377 3065 434 3128 est,
447 3055 478 3114 hi
491 3054 670 3114 calamitosis
684 3064 826 3133 perpetuo
840 3056 948 3134 optime
963 3055 1118 3114 consulere
1133 3056 1250 3127 debent,

150 3165 218 3206 cum
232 3165 319 3205 nemo
333 3146 463 3206 omnium
474 3146 652 3218 mortalium,
663 3147 734 3225 quid
749 3148 787 3207 sit
797 3149 928 3206 futurum
942 3148 1123 3227 exploratum
1133 3148 1251 3209 habeat.

192 3239 241 3298 10.
262 3239 361 3318 Atque
371 3257 427 3317 ego
440 3258 520 3317 eaepe
532 3238 580 3296 hic
595 3239 673 3316 apud
688 3257 741 3298 vos
761 3247 1023 3300 commemorantes
1037 3239 1179 3317 quosdam
1198 3259 1251 3299 au·

149 3329 209 3400 dio,
226 3349 295 3390 cum
315 3342 415 3394 nostra
428 3334 499 3390 urbs
519 3331 634 3390 cladem
655 3331 826 3409 accepisset,
840 3339 974 3390 auctores
992 3330 1086 3390 luisse
1104 3332 1249 3412 quosdam

148 3423 211 3501 ejus
224 3423 453 3482 conservandae:
475 3445 491 3482 e
508 3423 614 3502 quibus
628 3441 686 3501 ego
700 3422 874 3501 Argivorum
887 3423 1033 3483 duntaxat
1045 3424 1075 3482 in
1095 3428 1252 3504 praesentia

147 3516 265 3575 brevem
280 3515 456 3574 mentionem
466 3516 580 3575 faciam.
622 3515 720 3574 Nolim
736 3525 834 3574 autem
844 3533 908 3588 nos,
917 3535 1040 3593 quorum
1048 3515 1195 3576 celebrata
1207 3527 1251 3577 est

146 3618 290 3687 perpetus
303 3607 334 3666 in
346 3608 467 3668 afflictos
479 3609 683 3680 beneficentia,
697 3608 856 3668 deteriores
869 3609 925 3668 hac
939 3609 968 3666 in
978 3621 1062 3689 parte
1078 3610 1192 3689 Argivis
1207 3611 1250 3669 vi-

147 3701 220 3772 deri,
233 3701 283 3778 qui
296 3719 364 3758 cum
378 3701 408 3759 in
419 3701 705 3761 Lacedtemoniomm
715 3701 820 3761 vicinia
828 3701 1005 3771 habitarent,
1014 3703 1206 3780 viderentque
1215 3703 1250 3761 il·

145 3793 191 3853 los
202 3802 281 3854 terra
290 3793 581 3871 mariquedemiuari,
590 3813 648 3858 non
662 3793 833 3855 dubitarunt
848 3813 903 3855 nec
917 3795 1000 3854 veriti
1014 3805 1082 3854 sunt
1095 3794 1248 3855 ostendere

146 3905 230 3944 suam
244 3905 314 3964 erga
325 3905 379 3944 vos
392 3886 643 3953 benevolentiam
666 3886 720 3945 sed
742 3897 773 3946 et
794 3887 907 3966 legatos
920 3888 1130 3948 Lacedaemone
1139 3889 1247 3965 profe·

145 3985 221 4048 ctos,
229 3975 441 4055 postulaturos,
448 3973 485 4036 ut
495 3978 603 4051 ferunt,
610 3977 651 4037 ad
662 3994 763 4056 prenae
776 3980 920 4058 quosdam
933 3989 1092 4038 vestrorum
1103 3981 1248 4058 exsulum,

143 4067 342 4143 decreverunt,
356 4069 387 4128 ni
397 4081 465 4130 ante
475 4071 546 4131 solis
555 4087 691 4129 ocomum
704 4073 905 4142 recessissent,
915 4070 1042 4130 hostium
1055 4069 1122 4130 loco
1135 4073 1246 4133 haben·

144 4161 211 4222 dos.
253 4160 321 4221 Nou
333 4159 426 4241 igitur
441 4173 525 4242 turpe
538 4163 637 4236 fuerit,
648 4162 854 4235 Athenienses,
866 4179 934 4222 cunt
950 4162 1127 4240 Argivorum
1138 4153 1244 4247 uulgus
1273 4239 1275 4248 Ι

142 4271 203 4312 non
225 4254 361 4314 metuerit
375 4253 663 4318 Lacedaemoniorum
686 4254 837 4333 imperium
860 4253 915 4313 illis
939 4257 1116 4334 temporibus
1130 4269 1245 4336 autpo-

142 4345 273 4419 tendam,
287 4367 341 4408 vos
351 4347 402 4427 qui
413 4348 610 4408 Athenienses
621 4347 683 4406 sitis
692 4347 852 4408 Barbarum
862 4347 1009 4407 hominem
1018 4349 1065 4406 vel
1073 4349 1170 4427 potius
1180 4368 1245 4407 mu-

142 4439 240 4499 lierem
254 4439 432 4508 formidaret
452 4440 611 4520 praesertim
625 4457 716 4526 quum
733 4439 775 4498 illi
798 4459 877 4518 saepe
888 4461 920 4501 se
933 4441 1026 4500 victos
1038 4459 1105 4500 esse
1120 4459 1138 4498 a
1153 4440 1244 4500 Lace-
