2946 4954
405 377 471 441 on
493 370 610 442 MALE
629 379 764 443 onera
784 379 1036 443 LEGATIONE.
1056 473 1062 490 1
1211 383 1286 456 243,

164 532 378 608 obtinentibus,
394 545 425 594 et
439 535 635 611 Phocensiurn
650 540 736 597 urbes
750 537 850 596 miritae
865 546 959 608 erant,
978 545 1009 594 et
1023 545 1191 614 expugnatu
1210 535 1269 595 dif-

163 625 265 699 ficiles,
280 626 337 685 nisi
351 637 485 699 mutuet
505 630 668 700 obsidione.
711 629 789 700 Nam
810 629 835 688 si
858 629 982 710 singulis
1005 629 1110 688 diebus
1134 629 1266 708 singulas

162 718 293 796 cepisset
315 721 412 790 urbes,
427 722 494 780 duae
518 731 547 780 et
559 723 660 800 viginti
682 723 800 781 luerunt
816 741 948 802 numero.
992 722 1117 800 Propter
1131 740 1166 780 ea
1179 721 1267 800 igitur

157 811 264 869 ‘omnia
278 831 315 870 ne
330 808 401 891 quid
416 833 516 872 eorum
530 815 692 883 mutaretis,
708 813 738 872 in
753 813 860 891 quibus
875 814 990 894 decepti
1002 814 1100 884 eratis,
1114 803 1202 872 istum
1217 811 1266 875 hit

161 903 353 983 reliquerunt.
397 904 456 965 Sed
472 911 593 981 ejurare,
608 907 691 966 nulla
715 907 805 967 allata
828 927 928 981 causa,
947 928 1005 967 non
1026 898 1177 965 ferendum
1191 903 1264 977 erat,

162 1004 195 1054 et
215 995 403 1057 vehementer
426 1008 603 1078 suspectum.
647 998 727 1065 Quid
749 997 814 1058 ais?
836 1001 873 1058 ad
897 1010 941 1061 tot
964 1010 993 1060 et
1014 1008 1096 1081 tanta
1108 1000 1265 1077 bouaq‘uae
1331 1038 1337 1048 ·

162 1088 320 1162 nunciasti,
341 1110 401 1149 non
421 1090 494 1164 abis,
508 1085 565 1150 nec
588 1091 735 1169 legatione
753 1089 909 1170 fungeris?
931 1093 982 1153 sed
1001 1089 1179 1151 manendum
1193 1102 1267 1152 crat.

161 1179 243 1244 Quid
256 1182 290 1239 lit
299 1177 322 1238 l
335 1177 473 1242 Morbum
487 1183 621 1242 simulat:
643 1183 733 1266 frater
747 1185 821 1262 ejus,
833 1184 964 1245 adducto
979 1185 1126 1244 Execesto
1139 1185 1263 1256 medico,

160 1271 273 1330 curiam
288 1274 448 1352 ingressus,
471 1293 569 1336 coram
591 1285 694 1335 senatu
713 1277 806 1354 jurat,
825 1268 970 1355 ‘egrotare
993 1278 1100 1336 istum:
1122 1276 1185 1356 eJus
1199 1277 1264 1336 vice

113 1403 116 1410 ,
158 1363 378 1444 ipsedeligitur.
409 1365 465 1426 -Ut
477 1379 574 1428 autem
589 1369 737 1448 perierant
750 1369 931 1444 Phocenses,
946 1370 1077 1449 quinque
1096 1369 1200 1429 diebus
1216 1383 1272 1430 aut

153 1477 214 1542 *sex
227 1469 307 1536 post,
324 1468 353 1518 et
365 1480 401 1530 ea
415 1461 522 1522 locatio
539 1463 576 1530 ab
596 1463 653 1520 isto
671 1462 807 1520 confecta
828 1471 899 1534 erat,
923 1463 1008 1542 quasi
1030 1461 1110 1520 aliud
1123 1462 1263 1540 quiddam

153 1551 362 1623 conduxisset,
374 1553 530 1633 Dercyllus
536 1553 677 1618 Chalcide
687 1573 829 1627 reversus,
839 1556 921 1615 vobis
930 1555 1103 1616 concionem
1113 1554 1141 1612 in
1152 1555 1263 1616 Piraeeo

155 1641 332 1705 habentibus
343 1647 471 1718 nunciat,
483 1645 654 1705 Phocenses
676 1647 814 1727 periisse;
835 1667 894 1726 quo
909 1667 971 1720 vos,
986 1646 1193 1716 Athenienses,
1208 1651 1261 1707 au*-

157 1734 231 1809 dito,
241 1746 273 1796 et
287 1737 402 1796 illorum
413 1741 506 1798 vicem
515 1738 671 1810 dolebatis,
680 1748 715 1797 ut
726 1757 780 1818 pur
794 1749 866 1813 erat,
876 1750 906 1800 et
919 1741 974 1820 ipsi
985 1739 1139 1820 perterriti,
1148 1739 1260 1810 ‘liberos

157 1837 189 1886 et
202 1848 309 1887 uxores
324 1850 360 1888 ex
369 1831 453 1909 ¹agris
466 1831 496 1890 in
511 1833 613 1891 urbem
634 1832 852 1892 transferendos
867 1834 1081 1912 decernebatis,
1095 1843 1126 1890 et
1138 1833 1262 1894 castella

152 1921 357 1992 instauranda,
369 1934 400 1982 et
414 1922 558 1983 Piraeeum
569 1922 769 1996 muniendum,
781 1934 811 1984 et
825 1925 995 1984 Herculana
1004 1913 1127 1985 sacra'in
1136 1914 1210 1984 urbe
1218 1925 1261 1984 fa·-

155 2015 274 2097 cienda.
317 2014 392 2073 Cum
406 2014 471 2076 haee
485 2017 597 2090 fierent,
608 2027 639 2076 et
650 2025 732 2075 tanta
741 2014 931 2095 perturbatio,
946 2002 1104 2095 tantusque
1118 2016 1260 2077 tumultus

157 2109 261 2166 urbem
273 2109 438 2179 invasisset,
454 2119 515 2168 tum
529 2094 586 2169 iste
599 2109 643 2169 vir
655 2110 795 2186 eloquens
811 2118 841 2168 et
855 2111 970 2188 sapiens
990 2119 1021 2169 et
1041 2100 1162 2182 uocalis,
1175 2116 1229 2170 nec
1244 2129 1263 2170 a

157 2211 273 2273 senatu,
291 2222 347 2262 nee
362 2203 502 2281 apopulo
517 2203 660 2274 delectus,
674 2203 791 2280 legatus
810 2203 871 2260 abit
883 2202 922 2260 ad
937 2221 1014 2274 curn,
1029 2196 1259 2280 quiilla'pe'rpe}

155 2287 258 2352 tranat.
274 2291 364 2353 Nulla
377 2295 478 2354 habita
487 2295 598 2356 radone
611 2295 658 2354 vel
672 2295 773 2364 morbi,
787 2312 846 2372 quo
864 2295 1000 2364 simulato
1013 2293 1190 2373 legationem
1204 2295 1261 2354 du-

156 2386 227 2446 durn
241 2391 375 2461 ejuraret,
389 2408 443 2447 nec
464 2389 544 2467 quod
569 2389 643 2448 alius
667 2388 758 2467 ipsius
782 2387 849 2446 loco
871 2387 986 2466 legatus
1010 2397 1081 2458 erat,
1104 2406 1159 2446 nec
1174 2381 1260 2465 ¹quod

154 2479 222 2558 lege
243 2478 314 2538 talia
334 2479 466 2540 facinora
487 2480 583 2559 capite
607 2481 718 2539 sancita
740 2488 818 2550 sunt,
842 2499 907 2552 nec,
927 2480 1006 2557 quod
1018 2477 1260 2540 absurdissimum
1368 2531 1374 2538 .

153 2583 244 2643 esset,
257 2569 411 2652 postquam
426 2573 618 2642 renunciaret,
631 2591 662 2630 se
683 2593 701 2630 a
722 2572 868 2631 Thebanis
890 2591 955 2631 esse
972 2573 1174 2650 proscriptum,
1190 2594 1258 2634 cum

135 2652 173 2724 ‘ti
188 2677 297 2744 praeter
309 2665 431 2725 Boeotioe
452 2667 542 2724 totius
566 2665 728 2744 imperium,
749 2665 837 2724 etiam
856 2663 1015 2724 Phocensis
1034 2657 1163 2742 'regionis
1175 2668 1260 2745 potiti

147 2760 269 2827 essent,
282 2767 344 2817 tum
355 2758 385 2816 in
396 2759 508 2817 medias
523 2756 654 2828 Thebas,
671 2768 701 2816 et
716 2757 919 2816 Thebanorum
934 2767 1031 2817 eastra
1043 2757 1163 2820 vadere.
1198 2760 1270 2822 Ve·.

155 2870 222 2908 rum
236 2850 277 2908 ita
289 2859 353 2910 erat
368 2859 450 2909 extra
464 2870 495 2909 se
509 2859 621 2929 raptus,
635 2849 676 2908 ita
698 2858 777 2908 totus
802 2849 837 2906 iuv
855 2859 1002 2927 questum
1026 2861 1056 2909 et
1076 2849 1259 2930 largitionem

156 2941 319 3016 immersus,
334 2953 368 3003 ut
382 2935 504 3003 sublatis
519 2953 549 3002 et
563 2943 712 3022 despectis
725 2941 830 3001 ceteris
844 2944 932 3000 rebus
946 2943 1082 3001 omnibus
1096 2941 1198 3003 abiret.

166 3098 170 3104 ³
198 3034 253 3094 40.
269 3039 343 3102 Quae
358 3056 405 3096 res
418 3055 486 3096 cum
502 3036 569 3095 talis
587 3036 634 3108 sit,
659 3035 751 3093 multo
774 3034 862 3092 etiam
887 3033 1020 3111 graviora
1043 3044 1114 3093 sunt
1132 3029 1177 3105 ea,
1190 3033 1257 3112 quae

147 3138 311 3208 'postquam
324 3129 395 3189 illuc
411 3129 501 3199 venit,
516 3126 701 3208 perpetravit.
743 3126 818 3185 Cum
833 3125 908 3184 enim
926 3143 990 3197 ros,
1004 3125 1062 3203 qui·
1072 3125 1181 3186 adestis
1194 3123 1258 3186 onr-

155 3239 221 3292 nes,
235 3231 265 3280 et
275 3219 363 3281 ceteri
379 3220 585 3300 Athenienses,
594 3231 660 3280 tam
674 3220 820 3279 miserest
833 3218 989 3278 crudeliter
1002 3237 1069 3278 curn
1082 3219 1194 3279 miseris
1210 3222 1258 3300 agi

123 3342 128 3347 ·
158 3313 365 3374 Phocensibus
378 3315 532 3385 duceretis,
544 3313 580 3373 ut
592 3333 687 3392 neque
698 3313 860 3372 senatorios
872 3301 1063 3396 spectatores,
1077 3315 1172 3390 neque
1192 3335 1259 3374 sex-

75 3445 81 3453 -
153 3407 231 3466 viros
245 3407 284 3466 ad
306 3406 412 3487 Pythia
427 3406 590 3478 mitteretis,
613 3406 667 3464 sed
686 3405 814 3484 patrium
835 3402 1038 3483 spectaculum
1061 3397 1256 3468 desereretis:

152 3500 209 3559 iste
222 3501 260 3559 ad
274 3499 464 3578 triumphales
476 3500 590 3579 epulas,
605 3497 731 3577 negotiis
746 3506 777 3555 et
788 3497 867 3556 bello
878 3497 1022 3569 conlecto,
1037 3487 1111 3575 quas
1123 3498 1257 3558 Thebani

153 3600 184 3652 ct
198 3591 352 3672 Philippus
372 3593 404 3651 in
422 3591 564 3652 honorem
579 3590 700 3650 deorum
723 3591 932 3661 instruxerant,
946 3589 1086 3675 accessit,
1097 3600 1129 3650 et
1141 3609 1208 3649 curn
1223 3590 1257 3648 li·

153 3684 317 3756 bationum,
330 3694 390 3744 tum
408 3695 539 3744 votorum
550 3685 606 3744 fuit
614 3681 775 3764 particeps,
788 3702 856 3761 quae
868 3682 917 3742 ille
932 3684 970 3743 ob
981 3683 1126 3744 sociorum
1140 3677 1259 3742 nostro-

153 3797 220 3838 rum
234 3779 341 3836 moenia
351 3786 382 3836 et
395 3797 481 3855 agros
491 3787 533 3837 ¹et
551 3796 632 3836 arma
649 3775 765 3855 perdita
784 3779 984 3854 nuncupabat,
1005 3786 1112 3835 etune
1129 3769 1256 3835 ¹coronas

155 3869 292 3948 gestavit,
308 3878 339 3928 et
353 3887 459 3946 paeane
472 3868 620 3927 concinuit
642 3887 709 3926 cum
724 3867 870 3947 Philippo,
882 3875 913 3927 et
926 3865 1104 3926 familiariter
1117 3868 1256 3945 propina-

144 3953 204 4020 ¹vit
220 3959 326 4040 Neque
340 3979 396 4039 ego
410 3961 473 4019 haec
488 3961 539 4030 sic,
553 3960 609 4019 iste
621 3959 705 4018 aliter
719 3979 835 4019 narrare
849 3960 965 4038 poterit,
980 3958 1034 4018 sed
1049 3957 1171 4035 ejuratio
1181 3961 1256 4022 inter

142 4045 275 4132 publica
292 4063 391 4112 vestra
412 4051 591 4112 monimenta
607 4052 638 4110 in
657 4053 812 4124 tabulario,
832 4052 950 4135 quibus¹
965 4048 1096 4108 minister
1120 4047 1255 4130 publicus

151 4157 271 4225 praeest,
281 4156 456 4218 asservatur,
472 4155 502 4204 et
516 4146 666 4206 decretum
677 4146 776 4225 palam
793 4145 829 4203 de
843 4143 899 4202 ista
916 4162 948 4201 re
962 4152 1008 4202 est
1022 4142 1256 4224 scriptumque

152 4247 253 4296 autern
275 4238 315 4296 ibi
340 4237 520 4316 perpetrarit,
536 4236 673 4315 collegeti
687 4238 761 4316 ejurr,
775 4245 805 4295 et
824 4236 844 4293 ii
865 4234 915 4312 qui
938 4235 1108 4306 adfuerunt,
1123 4237 1256 4298 testime-

150 4329 232 4390 nium
245 4331 278 4389 in
291 4349 359 4390 eum
374 4329 492 4390 dicent:
514 4331 564 4409 qui
583 4330 671 4389 iidem
684 4329 749 4388 haec
763 4329 833 4387 mihi
843 4328 1014 4388 retulerunt.
1058 4329 1162 4409 Neque
1176 4330 1254 4388 enim

151 4441 209 4502 ego
223 4443 286 4483 una
298 4423 327 4481 in
340 4421 487 4502 leg-atione
500 4422 553 4496 fui,
568 4421 621 4482 sed
641 4441 705 4482 eam
716 4421 832 4502 ejurari.
876 4420 951 4502 Age,
966 4422 1055 4484 recita
1070 4421 1141 4483 milri
1152 4421 1252 4482 decre·

150 4527 226 4591 turn,
237 4526 267 4577 et
281 4513 393 4590 literas,
403 4524 537 4579 et'testes
551 4521 681 4576 accerse.
