2946 4954
206 291 265 348 276
356 374 357 378 Ἰ
441 291 498 350 DE
519 291 636 352 MALE
658 291 797 352 GESTA
819 289 1067 351 LEGATIONE.

205 446 282 504 enim
298 445 344 504 eis
357 445 467 507 invidia
484 458 553 528 post
565 449 675 510 obitum
689 449 881 523 adversatur),
899 450 1004 527 quibus
1022 451 1074 506 eos
1093 446 1151 504 iste
1167 443 1239 504 dnm
1254 444 1308 504 de·

206 538 412 618 fraudat',1pse
426 541 528 602 merito
541 562 619 602 nunc
633 543 775 621 dignitate
783 541 951 622 privabrtur,
965 551 995 600 et
1008 559 1060 601 vos
1073 539 1131 598 hoc
1141 537 1230 657 mo'do
1245 555 1307 596 rna-

201 631 283 710 jores
296 643 407 692 vestros
422 643 499 694 recte
514 633 705 694 ulciscemini.

248 727 297 783 88.
319 725 439 786 Talibus
450 727 589 800 verbrs,
571 727 774 833 oimprobum
796 737 894 806 caput,
918 735 1018 786 tures
1043 733 1144 803 gestas
1166 727 1308 798 majorum

207 815 403 895 depraedatus,
418 827 450 876 et
463 817 670 892 calumniatus,
684 838 782 880 omma
790 820 909 898 negotia
917 817 1079 898 perdidisti.
1122 815 1232 874 Postea
1241 813 1310 872 istis

207 907 292 982 dictis
307 918 338 968 et
350 909 436 969 lactis
450 909 611 988 praediatus
622 911 706 970 nobis
721 921 752 970 et
763 911 937 990 magnificus
947 909 1094 970 exstitisti.
1116 932 1118 938 ·
1135 908 1212 966 Nam
1226 906 1310 980 illud,

208 1011 368 1080 antequam
382 1001 742 1080 rempublicamomnibns
757 1003 893 1073 cladibus
917 995 1074 1074 affecisset,
1096 999 1253 1066 fatebatur,
1277 1017 1310 1082 se

206 1093 299 1154 fuisse
313 1093 449 1166 scribam,
463 1104 494 1154 et
507 1095 632 1174 gratiam
645 1094 754 1154 habere
769 1095 852 1154 vobis
877 1094 915 1155 de
939 1094 1057 1154 creditis
1080 1091 1311 1171 magistratibus,

208 1197 239 1246 et
259 1187 447 1264 moderatum
460 1177 499 1247 vse
521 1188 682 1266 prebebat.
724 1189 925 1266 Posteaquam
948 1197 1053 1258 autem¹
1069 1185 1182 1246 infinita
1200 1184 1312 1244 scelera

208 1279 384 1358 designavit,
399 1279 586 1358 supercilium
602 1280 696 1358 erigit,
712 1299 747 1340 ac
757 1281 782 1340 si
797 1281 862 1360 quis
877 1280 965 1351 dicat,
982 1278 1136 1338 AEschines
1151 1277 1202 1355 qui
1216 1278 1313 1336 scriba

209 1373 275 1444 luit,
289 1371 386 1432 statim
397 1372 490 1432 hostis
505 1382 561 1445 est,
573 1373 671 1433 statim
694 1361 772 1434 male
795 1373 915 1445 audisse
932 1390 970 1446 jse
984 1372 1073 1443 dicit,
1089 1381 1121 1432 et
1139 1391 1191 1450 per
1214 1373 1310 1430 forum

209 1464 350 1536 ambulat,
363 1459 444 1524 reste
455 1527 456 1532 ,
469 1465 508 1525 ad
532 1464 607 1524 talos
629 1485 723 1544 usqne
746 1467 886 1548 demissa,
899 1465 964 1544 pari
976 1485 1043 1525 cum
1057 1463 1203 1544 Pythocle
1217 1462 1312 1542 gradu

208 1558 360 1631 incedens,
373 1559 483 1618 buccas
497 1559 613 1642 inflans,
627 1557 756 1636 Philippi
769 1560 917 1638 hospitum
932 1570 963 1618 et
980 1558 1139 1620 amicorum
1153 1557 1238 1616 vobis
1247 1557 1311 1635 jam

209 1670 286 1710 unus
300 1660 356 1724 est,
369 1651 419 1728 qui
434 1671 452 1710 a
465 1650 725 1730 populorecedere
738 1652 851 1724 volunt,
865 1661 896 1711 et
909 1659 1113 1730 tempestatem
1128 1658 1218 1726 atque
1232 1645 1311 1706 insa-

209 1743 289 1818 niam
303 1754 451 1822 receptum
468 1752 574 1803 statum
589 1737 826 1822 interpretantur,
842 1745 892 1823 qui
907 1744 1032 1806 nonita
1053 1743 1168 1822 pridem
1183 1742 1311 1801 Tholum

210 1836 308 1895 adbuc
322 1835 474 1896 adorabat.

252 1930 301 1988 89.
323 1928 408 1988 Libet
430 1939 530 1989 autem
543 1931 626 1990 vobis
650 1933 816 1988 summatim
825 1951 1009 2010 percurrere,
1022 1929 1129 2008 quibus
1143 1927 1311 1989 calliditati-

209 2023 264 2080 bus
274 2040 326 2080 vos
340 2011 506 2100 Philippus,
520 2021 641 2080 adscitis
655 2021 716 2080 istis
727 2022 848 2087 ¹nefariis
863 2023 1056 2102 adjutoribus,
1070 2022 1311 2081 circumvenerit:
1371 2049 1376 2054 ·
1469 1993 1470 2058 ι

210 2113 330 2174 omnino
344 2123 443 2173 autem
463 2115 697 2191 operaepretium
712 2122 769 2186 est,
782 2114 964 2193 perpendere
978 2125 1009 2174 ct
1022 2124 1157 2194 spectare
1176 2113 1322 2186 fraudem,

207 2205 385 2276 nniversam.
407 2205 453 2264 Ab
468 2203 549 2264 initio
564 2225 631 2264 cum
646 2225 750 2285 pacem
765 2214 923 2284 expeteret,
936 2207 1097 2266 latronibus
1110 2207 1173 2284 ejus
1187 2225 1312 2284 regnum

211 2299 425 2379 diripientibus,
439 2298 607 2376 clausisque
632 2299 821 2372 mercatibus
844 2309 878 2360 ut
898 2285 987 2358 nullis
1008 2300 1128 2358 omnino
1152 2299 1212 2358 suis
1223 2300 1312 2376 bonis

210 2392 265 2451 frui
280 2402 393 2471 posset,
409 2391 489 2450 misit
502 2391 560 2450 huc
577 2393 627 2469 qui
646 2392 776 2453 humana
793 2392 884 2471 ipsius
898 2393 987 2452 verba
999 2392 1217 2472 renunciarent,
1231 2384 1314 2466 Neo·

209 2487 383 2565 ptolemum,
397 2484 624 2556 Aristodemum,
640 2483 880 2563 Ctesiphontem:
902 2495 936 2543 ut
955 2493 1054 2550 autern
1070 2502 1126 2543 nos
1149 2485 1241 2562 legati
1263 2505 1314 2544 ve-

210 2571 318 2649 nimus,
333 2577 432 2637 statim
446 2577 534 2646 istum
547 2577 698 2650 conduxit,
713 2587 745 2634 ut
764 2575 946 2649 defenderet,
960 2585 990 2636 et
1004 2576 1157 2654 adjuvaret
1169 2577 1314 2638 nefarium

211 2668 421 2740 Philocratem,
437 2679 468 2728 et
480 2669 598 2746 nosqui
615 2669 766 2728 bonafide
786 2690 832 2729 res
848 2689 934 2750 agere
948 2671 1181 2743 institueremus,
1191 2689 1313 2750 supera-

211 2772 266 2822 ret.
296 2761 432 2840 ,Scripsit
445 2771 475 2820 et
488 2761 642 2839 epistolam
656 2762 695 2821 ad
710 2782 771 2832 vos,
787 2781 846 2841 qua
859 2783 891 2822 se
903 2763 951 2822 vel
972 2762 1002 2820 in
1025 2757 1125 2841 primis
1138 2781 1244 2841 pacem
1258 2764 1313 2824 im-

211 2863 394 2935 petraturum
407 2855 530 2933 putavit.
571 2851 672 2926 Nihilo
693 2855 787 2932 magis
811 2866 910 2915 tamen
934 2854 1022 2930 etiam
1044 2855 1086 2915 sic
1108 2855 1134 2914 ei
1153 2855 1313 2934 quicquam

212 2967 477 3032 gererepmagnum
486 2955 590 3007 contra
602 2967 655 3006 vos
670 2946 787 3019 licebat,
802 2947 858 3008 nisi
879 2947 1051 3008 Phocenses
1065 2946 1261 3026 perdidisset:
1283 2949 1315 3008 id

148 3072 152 3084 ·
210 3061 279 3102 vero
293 3040 462 3120 expeditum
476 3059 535 3110 non
545 3049 618 3113 erat.
661 3039 830 3100 Contractae
844 3039 921 3099 enirn
936 3037 999 3119 ejus
1014 3058 1065 3116 res
1076 3049 1161 3098 erant
1173 3050 1315 3119 tanquam

210 3138 272 3206 fato
286 3134 425 3213 quodam,
438 3133 497 3195 hoc
510 3133 609 3204 modo,
622 3142 655 3201 ut
668 3141 720 3192 aut
733 3133 804 3192 nihil
818 3153 918 3193 eorum
932 3152 1000 3211 qnae
1013 3131 1113 3204 vellet,
1129 3142 1229 3212 posset
1242 3153 1315 3192 con-

211 3229 305 3306 sequi,
319 3236 371 3286 ant
383 3245 505 3286 necesse
517 3226 640 3286 haberet
649 3225 778 3298 mentiri,
791 3215 930 3304 pejerare,
946 3235 975 3284 et
995 3235 1084 3285 testes
1096 3245 1158 3284 suae
1176 3224 1318 3310 improbi-

212 3322 281 3380 tatis
302 3321 399 3380 lacere
421 3339 522 3379 omnes
544 3331 575 3378 et
598 3317 722 3378 Grecos
742 3327 774 3377 et
798 3319 952 3380 Barbaros.
999 3319 1031 3378 Si
1051 3320 1129 3379 enim
1143 3318 1316 3392 Phocenses

214 3413 309 3474 socios
323 3413 492 3491 recepisset,
508 3421 539 3472 et
557 3413 711 3474 vobiscum
733 3412 775 3470 eis
789 3413 995 3501 jusjurandum
1010 3413 1151 3485 dedisset,
1166 3413 1315 3474 Thebanis

214 3517 244 3566 et
257 3504 405 3582 Thessalis
421 3505 523 3563 datum
542 3504 750 3584 jusjurandum
766 3505 865 3584 statim
874 3505 987 3572 ,violare
1002 3515 1124 3566 coactns
1137 3517 1227 3578 esset,
1241 3526 1315 3585 quo-

212 3617 276 3662 rum
289 3596 393 3672 saillis
408 3596 552 3670 Boeotiam
567 3598 767 3668 subacturum,
783 3596 828 3656 his
844 3597 974 3678 Pylaeam
999 3589 1182 3674 redditurum
1200 3603 1317 3677 jurave·

211 3703 272 3752 rat:
294 3690 340 3751 sin
354 3709 405 3749 eos
420 3709 480 3748 non
494 3689 663 3767 recepisset,
676 3690 753 3750 sieut
775 3709 835 3750 non
850 3681 1108 3762 admittebat,²non
1121 3691 1316 3769 permissuros
1339 3689 1343 3694 ’

212 3806 265 3846 vos
280 3785 345 3858 sibi,
360 3793 393 3842 ut
407 3781 640 3862 progrederetur,
655 3784 786 3862 putabat,
801 3783 857 3843 sed
878 3782 990 3850 auxilia¹
1009 3776 1149 3844 missuros
1163 3785 1203 3853 ad
1214 3785 1316 3864 Pylas.

213 3872 317 3954 quue,
333 3876 390 3952 nisi
408 3873 526 3954 decepti
540 3874 653 3947 essetis,
667 3875 818 3934 fecissetis.
860 3876 948 3941 Quod
958 3876 989 3935 si
1002 3875 1095 3944 fieret,
1111 3877 1182 3937 satis
1195 3878 1320 3958 videbat

213 3969 269 4028 sibi
289 3971 402 4030 aditum
423 3989 489 4028 esse
509 3967 710 4036 interclusum,
725 3987 820 4045 neque
839 3968 870 4026 id
885 3967 911 4026 ei
926 3977 990 4028 erat
1002 3987 1039 4027 ex
1053 3969 1117 4028 aliis
1132 3989 1317 4048 cognoscen-

215 4062 297 4130 dum,
310 4062 383 4122 sed'
376 4070 499 4140 rpsemet
512 4058 575 4138 ejus
589 4078 632 4117 rer
623 4058 700 4118 sibi
711 4059 795 4118 testis
810 4070 881 4122 erat.
925 4061 967 4119 Ut
990 4061 1068 4119 enim
1089 4061 1215 4140 primum
1237 4062 1317 4123 Pho-

214 4172 316 4215 censes
331 4155 488 4230 subegerat
501 4152 667 4240 Philippus,
681 4163 713 4212 et
733 4152 839 4212 milites
860 4173 961 4213 eorum
979 4149 1139 4228 occiderat,
1160 4174 1195 4215 ac
1210 4156 1319 4216 ducem

212 4257 301 4325 atque
315 4247 518 4330 imperatorem
542 4235 772 4317 onomarchum,
787 4257 850 4304 turn
865 4248 889 4305 si
907 4246 1073 4306 mortalium
1087 4248 1217 4308 οιιιιιίιιιιι
1231 4268 1321 4310 nemo

213 4359 308 4420 neque
323 4337 446 4396 Graecus
450 4357 565 4414 ,neque
580 4337 725 4397 Barbarus
740 4355 824 4418 opem
848 4339 964 4398 tulisset
983 4339 1188 4400 Phocensibus
1192 4351 1323 4419 pnoeter

192 4441 278 4506 ··sos,
292 4451 352 4492 non
376 4429 464 4488 modo
485 4449 543 4489 non
565 4439 757 4508 penetrasset,
772 4441 823 4492 aut
846 4431 997 4512 ingressus
1023 4451 1121 4494 eorum
1144 4434 1326 4512 qumvoluit
