<?xml version="1.0" encoding="UTF-8"?>
<!DOCTYPE html PUBLIC "-//W3C//DTD XHTML 1.0 Transitional//EN"
    "http://www.w3.org/TR/xhtml1/DTD/xhtml1-transitional.dtd">
<html xmlns="http://www.w3.org/1999/xhtml" xml:lang="en" lang="en">
 <head>
  <title>
</title>
<meta http-equiv="Content-Type" content="text/html;charset=utf-8" />
  <meta name='ocr-system' content='tesseract 3.04.00' />
  <meta name='ocr-capabilities' content='ocr_page ocr_carea ocr_par ocr_line ocrx_word'/>
</head>
<body>
  <div class='ocr_page' id='page_1' title='image "./demosthenisetsc08ulpigoog/demosthenisetsc08ulpigoog_0455.png"; bbox 0 0 2912 4946; ppageno 0'>
   <div class='ocr_carea' id='block_1_1' title="bbox 195 271 1017 396">
    <p class='ocr_par' dir='ltr' id='par_1_1' title="bbox 195 271 1017 396">
     <span class='ocr_line' id='line_1_1' title="bbox 195 271 1017 396; baseline 0.005 -24"><span class='ocrx_word' id='word_1_1' title='bbox 195 290 267 374; x_wconf 72' lang='grc' dir='ltr'>ιιι</span> <span class='ocrx_word' id='word_1_2' title='bbox 313 391 314 396; x_wconf 8' lang='grc' dir='ltr'><strong><em>Ν</em></strong></span> <span class='ocrx_word' id='word_1_3' title='bbox 489 285 696 378; x_wconf 70' lang='lat' dir='ltr'>&#39;bonnas</span> <span class='ocrx_word' id='word_1_4' title='bbox 707 271 1017 377; x_wconf 46' lang='lat' dir='ltr'>&#39;rinocruram&#39;</span> 
     </span>
    </p>
   </div>
   <div class='ocr_carea' id='block_1_2' title="bbox 105 457 1362 4527">
    <p class='ocr_par' dir='ltr' id='par_1_2' title="bbox 168 457 1305 1567">
     <span class='ocr_line' id='line_1_2' title="bbox 201 457 1303 551; baseline -0.007 -23"><span class='ocrx_word' id='word_1_5' title='bbox 201 465 319 539; x_wconf 79' lang='lat' dir='ltr'>tendis,</span> <span class='ocrx_word' id='word_1_6' title='bbox 328 465 431 548; x_wconf 78' lang='lat' dir='ltr'>quibus</span> <span class='ocrx_word' id='word_1_7' title='bbox 441 487 496 531; x_wconf 88' lang='lat' dir='ltr'>ncc</span> <span class='ocrx_word' id='word_1_8' title='bbox 503 470 600 550; x_wconf 87' lang='lat' dir='ltr'>optan</span> <span class='ocrx_word' id='word_1_9' title='bbox 613 469 734 540; x_wconf 79' lang='lat' dir='ltr'>meliora</span> <span class='ocrx_word' id='word_1_10' title='bbox 743 470 865 551; x_wconf 85' lang='lat' dir='ltr'>possint</span> <span class='ocrx_word' id='word_1_11' title='bbox 876 480 964 549; x_wconf 84' lang='lat' dir='ltr'>atque</span> <span class='ocrx_word' id='word_1_12' title='bbox 972 469 1045 530; x_wconf 89' lang='lat' dir='ltr'>mter</span> <span class='ocrx_word' id='word_1_13' title='bbox 1055 485 1135 526; x_wconf 81' lang='lat' dir='ltr'>cives</span> <span class='ocrx_word' id='word_1_14' title='bbox 1144 457 1303 532; x_wconf 83' lang='lat' dir='ltr'>concordra</span> 
     </span>
     <span class='ocr_line' id='line_1_3' title="bbox 202 550 1303 640; baseline -0.006 -20"><span class='ocrx_word' id='word_1_15' title='bbox 202 559 368 634; x_wconf 82' lang='lat' dir='ltr'>conciliata,</span> <span class='ocrx_word' id='word_1_16' title='bbox 387 550 581 622; x_wconf 85' lang='lat' dir='ltr'>immortalem</span> <span class='ocrx_word' id='word_1_17' title='bbox 596 563 641 623; x_wconf 89' lang='lat' dir='ltr'>sui</span> <span class='ocrx_word' id='word_1_18' title='bbox 661 563 829 622; x_wconf 79' lang='lat' dir='ltr'>memoriam</span> <span class='ocrx_word' id='word_1_19' title='bbox 844 557 1030 640; x_wconf 84' lang='lat' dir='ltr'>reliquerunt,</span> <span class='ocrx_word' id='word_1_20' title='bbox 1045 579 1096 620; x_wconf 87' lang='lat' dir='ltr'>eos</span> <span class='ocrx_word' id='word_1_21' title='bbox 1110 577 1180 619; x_wconf 88' lang='lat' dir='ltr'>vero</span> <span class='ocrx_word' id='word_1_22' title='bbox 1191 557 1241 636; x_wconf 88' lang='lat' dir='ltr'>qui</span> <span class='ocrx_word' id='word_1_23' title='bbox 1260 553 1303 614; x_wconf 89' lang='lat' dir='ltr'>ita</span> 
     </span>
     <span class='ocr_line' id='line_1_4' title="bbox 201 649 1301 730; baseline -0.005 -20"><span class='ocrx_word' id='word_1_24' title='bbox 201 651 344 725; x_wconf 81' lang='lat' dir='ltr'>vixerant,</span> <span class='ocrx_word' id='word_1_25' title='bbox 363 659 397 714; x_wconf 87' lang='grc' dir='ltr'>ιιι</span> <span class='ocrx_word' id='word_1_26' title='bbox 419 649 467 714; x_wconf 80' lang='grc' dir='ltr'><strong>ιιι·</strong></span> <span class='ocrx_word' id='word_1_27' title='bbox 475 655 618 714; x_wconf 88' lang='lat' dir='ltr'>hactenus</span> <span class='ocrx_word' id='word_1_28' title='bbox 638 655 739 715; x_wconf 86' lang='lat' dir='ltr'>studio</span> <span class='ocrx_word' id='word_1_29' title='bbox 761 651 826 715; x_wconf 85' lang='lat' dir='ltr'>tibi</span> <span class='ocrx_word' id='word_1_30' title='bbox 835 651 974 725; x_wconf 82' lang='lat' dir='ltr'>habuisti,</span> <span class='ocrx_word' id='word_1_31' title='bbox 996 655 1058 712; x_wconf 85' lang='lat' dir='ltr'>foro</span> <span class='ocrx_word' id='word_1_32' title='bbox 1080 649 1301 730; x_wconf 86' lang='lat' dir='ltr'>prohibuerunt.</span> 
     </span>
     <span class='ocr_line' id='line_1_5' title="bbox 168 718 1302 821; baseline -0.004 -19"><span class='ocrx_word' id='word_1_33' title='bbox 168 741 171 746; x_wconf 79' lang='grc'>’</span> <span class='ocrx_word' id='word_1_34' title='bbox 202 745 266 806; x_wconf 87' lang='lat' dir='ltr'>Vos</span> <span class='ocrx_word' id='word_1_35' title='bbox 281 757 390 821; x_wconf 89' lang='lat' dir='ltr'>autem,</span> <span class='ocrx_word' id='word_1_36' title='bbox 404 743 632 819; x_wconf 79' lang='lat' dir='ltr'>Athenienses,¹</span> <span class='ocrx_word' id='word_1_37' title='bbox 624 765 654 806; x_wconf 91' lang='lat' dir='ltr'>m</span> <span class='ocrx_word' id='word_1_38' title='bbox 668 764 732 806; x_wconf 89' lang='lat' dir='ltr'>eam</span> <span class='ocrx_word' id='word_1_39' title='bbox 756 718 890 806; x_wconf 82' lang='lat' dir='ltr'>adducti</span> <span class='ocrx_word' id='word_1_40' title='bbox 890 747 963 806; x_wconf 86' lang='lat' dir='ltr'>estis</span> <span class='ocrx_word' id='word_1_41' title='bbox 977 757 1008 804; x_wconf 87' lang='lat' dir='ltr'>et</span> <span class='ocrx_word' id='word_1_42' title='bbox 1020 743 1190 804; x_wconf 74' lang='lat' dir='ltr'>facilitatem</span> <span class='ocrx_word' id='word_1_43' title='bbox 1213 751 1243 800; x_wconf 89' lang='lat' dir='ltr'>et</span> <span class='ocrx_word' id='word_1_44' title='bbox 1257 739 1302 818; x_wconf 81' lang='lat' dir='ltr'>ig·</span> 
     </span>
     <span class='ocr_line' id='line_1_6' title="bbox 201 821 1303 924; baseline -0.007 -27"><span class='ocrx_word' id='word_1_45' title='bbox 201 839 327 910; x_wconf 87' lang='lat' dir='ltr'>naviam,</span> <span class='ocrx_word' id='word_1_46' title='bbox 342 839 376 898; x_wconf 83' lang='lat' dir='ltr'>&#39;ut</span> <span class='ocrx_word' id='word_1_47' title='bbox 395 835 531 920; x_wconf 83' lang='lat' dir='ltr'>exempla</span> <span class='ocrx_word' id='word_1_48' title='bbox 543 841 615 900; x_wconf 85' lang='lat' dir='ltr'>talia</span> <span class='ocrx_word' id='word_1_49' title='bbox 634 860 702 900; x_wconf 90' lang='lat' dir='ltr'>cum</span> <span class='ocrx_word' id='word_1_50' title='bbox 712 831 872 910; x_wconf 82' lang='lat' dir='ltr'>habeatis,</span> <span class='ocrx_word' id='word_1_51' title='bbox 883 836 920 898; x_wconf 88' lang='lat' dir='ltr'>ea</span> <span class='ocrx_word' id='word_1_52' title='bbox 939 849 1037 924; x_wconf 86' lang='lat' dir='ltr'>tamen</span> <span class='ocrx_word' id='word_1_53' title='bbox 1059 856 1119 896; x_wconf 91' lang='lat' dir='ltr'>non</span> <span class='ocrx_word' id='word_1_54' title='bbox 1140 821 1303 903; x_wconf 66' lang='lat' dir='ltr'>imitemini,</span> 
     </span>
     <span class='ocr_line' id='line_1_7' title="bbox 200 919 1302 1018; baseline -0.007 -28"><span class='ocrx_word' id='word_1_55' title='bbox 200 931 262 990; x_wconf 88' lang='lat' dir='ltr'>sed</span> <span class='ocrx_word' id='word_1_56' title='bbox 270 931 418 993; x_wconf 87' lang='lat' dir='ltr'>Androtio</span> <span class='ocrx_word' id='word_1_57' title='bbox 426 935 515 999; x_wconf 83' lang='lat' dir='ltr'>vobis</span> <span class='ocrx_word' id='word_1_58' title='bbox 524 951 670 992; x_wconf 89' lang='lat' dir='ltr'>sacrorum</span> <span class='ocrx_word' id='word_1_59' title='bbox 686 945 826 1018; x_wconf 80' lang='lat' dir='ltr'>vasorum</span> <span class='ocrx_word' id='word_1_60' title='bbox 837 931 874 1007; x_wconf 82' lang='lat' dir='ltr'>sit</span> <span class='ocrx_word' id='word_1_61' title='bbox 888 931 1031 996; x_wconf 82' lang='lat' dir='ltr'>refector:</span> <span class='ocrx_word' id='word_1_62' title='bbox 1054 919 1238 1008; x_wconf 80' lang='lat' dir='ltr'>Aqdrotio,o</span> <span class='ocrx_word' id='word_1_63' title='bbox 1261 925 1302 984; x_wconf 88' lang='lat' dir='ltr'>dii</span> 
     </span>
     <span class='ocr_line' id='line_1_8' title="bbox 201 1011 1307 1105; baseline -0.005 -23"><span class='ocrx_word' id='word_1_64' title='bbox 201 1022 390 1084; x_wconf 82' lang='lat' dir='ltr'>immortales.</span> <span class='ocrx_word' id='word_1_65' title='bbox 422 1023 474 1085; x_wconf 88' lang='lat' dir='ltr'>Et·</span> <span class='ocrx_word' id='word_1_66' title='bbox 487 1023 564 1085; x_wconf 89' lang='lat' dir='ltr'>hanc</span> <span class='ocrx_word' id='word_1_67' title='bbox 589 1023 677 1084; x_wconf 83' lang='lat' dir='ltr'>ulla&#39;</span> <span class='ocrx_word' id='word_1_68' title='bbox 669 1011 817 1105; x_wconf 74' lang='lat' dir='ltr'>impietate</span> <span class='ocrx_word' id='word_1_69' title='bbox 842 1023 899 1083; x_wconf 89' lang='lat' dir='ltr'>alia</span> <span class='ocrx_word' id='word_1_70' title='bbox 917 1023 1058 1083; x_wconf 87' lang='lat' dir='ltr'>minorem</span> <span class='ocrx_word' id='word_1_71' title='bbox 1083 1017 1211 1081; x_wconf 70' lang='lat' dir='ltr'>ducitis?</span> <span class='ocrx_word' id='word_1_72' title='bbox 1235 1017 1307 1102; x_wconf 86' lang='lat' dir='ltr'>Ego</span> 
     </span>
     <span class='ocr_line' id='line_1_9' title="bbox 201 1111 1304 1200; baseline -0.006 -25"><span class='ocrx_word' id='word_1_73' title='bbox 201 1117 280 1175; x_wconf 88' lang='lat' dir='ltr'>enim</span> <span class='ocrx_word' id='word_1_74' title='bbox 282 1111 426 1190; x_wconf 75' lang='lat' dir='ltr'>arbitror,</span> <span class='ocrx_word' id='word_1_75' title='bbox 437 1112 598 1195; x_wconf 86' lang='lat' dir='ltr'>qui-sacras</span> <span class='ocrx_word' id='word_1_76' title='bbox 609 1117 688 1176; x_wconf 84' lang='lat' dir='ltr'>oedes</span> <span class='ocrx_word' id='word_1_77' title='bbox 698 1115 888 1194; x_wconf 68' lang='lat' dir='ltr'>mgreoiatua</span> <span class='ocrx_word' id='word_1_78' title='bbox 900 1135 950 1194; x_wconf 84' lang='lat' dir='ltr'>qur</span> <span class='ocrx_word' id='word_1_79' title='bbox 942 1113 1102 1176; x_wconf 81' lang='lat' dir='ltr'>&#39;malluria</span> <span class='ocrx_word' id='word_1_80' title='bbox 1115 1122 1145 1172; x_wconf 92' lang='lat' dir='ltr'>et</span> <span class='ocrx_word' id='word_1_81' title='bbox 1157 1111 1304 1200; x_wconf 70' lang='lat' dir='ltr'>eaniqtros</span> 
     </span>
     <span class='ocr_line' id='line_1_10' title="bbox 201 1199 1302 1289; baseline -0.004 -23"><span class='ocrx_word' id='word_1_82' title='bbox 201 1208 338 1288; x_wconf 83' lang='lat' dir='ltr'>attingat,</span> <span class='ocrx_word' id='word_1_83' title='bbox 364 1209 414 1289; x_wconf 93' lang='lat' dir='ltr'>qni</span> <span class='ocrx_word' id='word_1_84' title='bbox 434 1227 512 1270; x_wconf 79' lang='lat' dir='ltr'>curae</span> <span class='ocrx_word' id='word_1_85' title='bbox 534 1209 697 1270; x_wconf 85' lang='lat' dir='ltr'>divinarum</span> <span class='ocrx_word' id='word_1_86' title='bbox 715 1213 816 1270; x_wconf 86' lang='lat' dir='ltr'>&#39;rerum</span> <span class='ocrx_word' id='word_1_87' title='bbox 835 1199 960 1287; x_wconf 78' lang='lat' dir='ltr'>praesit:¹</span> <span class='ocrx_word' id='word_1_88' title='bbox 976 1224 1041 1266; x_wconf 91' lang='lat' dir='ltr'>eum</span> <span class='ocrx_word' id='word_1_89' title='bbox 1066 1225 1125 1265; x_wconf 91' lang='lat' dir='ltr'>non</span> <span class='ocrx_word' id='word_1_90' title='bbox 1149 1203 1239 1264; x_wconf 90' lang='lat' dir='ltr'>modo</span> <span class='ocrx_word' id='word_1_91' title='bbox 1264 1203 1302 1262; x_wconf 89' lang='lat' dir='ltr'>ad</span> 
     </span>
     <span class='ocr_line' id='line_1_11' title="bbox 200 1295 1305 1380; baseline -0.005 -21"><span class='ocrx_word' id='word_1_92' title='bbox 200 1309 316 1360; x_wconf 84' lang='lat' dir='ltr'>certum</span> <span class='ocrx_word' id='word_1_93' title='bbox 331 1300 443 1380; x_wconf 86' lang='lat' dir='ltr'>aliquot</span> <span class='ocrx_word' id='word_1_94' title='bbox 463 1295 576 1367; x_wconf 77' lang='lat' dir='ltr'>dierum</span> <span class='ocrx_word' id='word_1_95' title='bbox 589 1312 711 1380; x_wconf 85' lang='lat' dir='ltr'>tempus</span> <span class='ocrx_word' id='word_1_96' title='bbox 730 1311 843 1361; x_wconf 89' lang='lat' dir='ltr'>castum</span> <span class='ocrx_word' id='word_1_97' title='bbox 864 1319 929 1366; x_wconf 88' lang='lat' dir='ltr'>csse</span> <span class='ocrx_word' id='word_1_98' title='bbox 951 1299 1069 1375; x_wconf 87' lang='lat' dir='ltr'>debere,</span> <span class='ocrx_word' id='word_1_99' title='bbox 1083 1297 1137 1357; x_wconf 87' lang='lat' dir='ltr'>sed</span> <span class='ocrx_word' id='word_1_100' title='bbox 1151 1316 1204 1377; x_wconf 90' lang='lat' dir='ltr'>per</span> <span class='ocrx_word' id='word_1_101' title='bbox 1216 1315 1305 1355; x_wconf 89' lang='lat' dir='ltr'>omne</span> 
     </span>
     <span class='ocr_line' id='line_1_12' title="bbox 201 1385 1306 1486; baseline -0.004 -35"><span class='ocrx_word' id='word_1_102' title='bbox 201 1394 330 1474; x_wconf 82' lang='lat' dir='ltr'>spatium</span> <span class='ocrx_word' id='word_1_103' title='bbox 352 1385 447 1456; x_wconf 74' lang='lat' dir='ltr'>atatis</span> <span class='ocrx_word' id='word_1_104' title='bbox 470 1393 507 1456; x_wconf 93' lang='lat' dir='ltr'>ab</span> <span class='ocrx_word' id='word_1_105' title='bbox 530 1391 696 1465; x_wconf 71' lang='lat' dir='ltr'>istiusmodi</span> <span class='ocrx_word' id='word_1_106' title='bbox 716 1391 828 1453; x_wconf 85' lang='lat' dir='ltr'>studila</span> <span class='ocrx_word' id='word_1_107' title='bbox 854 1392 945 1452; x_wconf 77' lang='lat' dir='ltr'>fuisse</span> <span class='ocrx_word' id='word_1_108' title='bbox 955 1403 1072 1486; x_wconf 79' lang='lat' dir='ltr'>purum</span> <span class='ocrx_word' id='word_1_109' title='bbox 1100 1395 1262 1476; x_wconf 74' lang='lat' dir='ltr'>oportere,</span> <span class='ocrx_word' id='word_1_110' title='bbox 1273 1387 1306 1448; x_wconf 92' lang='lat' dir='ltr'>in</span> 
     </span>
     <span class='ocr_line' id='line_1_13' title="bbox 202 1477 762 1567; baseline 0.007 -25"><span class='ocrx_word' id='word_1_111' title='bbox 202 1483 308 1564; x_wconf 89' lang='lat' dir='ltr'>quibus</span> <span class='ocrx_word' id='word_1_112' title='bbox 323 1496 439 1546; x_wconf 84' lang='lat' dir='ltr'>aetatem</span> <span class='ocrx_word' id='word_1_113' title='bbox 451 1486 504 1546; x_wconf 87' lang='lat' dir='ltr'>iste</span> <span class='ocrx_word' id='word_1_114' title='bbox 515 1477 719 1567; x_wconf 48' lang='lat' dir='ltr'>consumpsit(</span> <span class='ocrx_word' id='word_1_115' title='bbox 759 1547 762 1553; x_wconf 15' lang='grc' dir='ltr'><strong>Α</strong></span> 
     </span>
    </p>

    <p class='ocr_par' dir='ltr' id='par_1_3' title="bbox 105 1573 1362 3600">
     <span class='ocr_line' id='line_1_14' title="bbox 211 1573 1303 1659; baseline -0.001 -23.969"><span class='ocrx_word' id='word_1_116' title='bbox 211 1579 293 1635; x_wconf 80' lang='grc'>43,</span> <span class='ocrx_word' id='word_1_117' title='bbox 312 1579 374 1640; x_wconf 81' lang='lat' dir='ltr'>ao</span> <span class='ocrx_word' id='word_1_118' title='bbox 380 1579 417 1638; x_wconf 89' lang='lat' dir='ltr'>de</span> <span class='ocrx_word' id='word_1_119' title='bbox 430 1577 476 1638; x_wconf 81' lang='lat' dir='ltr'>his</span> <span class='ocrx_word' id='word_1_120' title='bbox 495 1574 613 1659; x_wconf 83' lang='lat' dir='ltr'>quidem</span> <span class='ocrx_word' id='word_1_121' title='bbox 627 1593 701 1658; x_wconf 91' lang='lat' dir='ltr'>per</span> <span class='ocrx_word' id='word_1_122' title='bbox 693 1577 799 1639; x_wconf 89' lang='lat' dir='ltr'>onum</span> <span class='ocrx_word' id='word_1_123' title='bbox 822 1573 971 1639; x_wconf 84' lang='lat' dir='ltr'>curdvero</span> <span class='ocrx_word' id='word_1_124' title='bbox 991 1575 1167 1655; x_wconf 77' lang='lat' dir='ltr'>dehisqnte</span> <span class='ocrx_word' id='word_1_125' title='bbox 1180 1594 1235 1654; x_wconf 91' lang='lat' dir='ltr'>pro</span> <span class='ocrx_word' id='word_1_126' title='bbox 1251 1573 1303 1634; x_wconf 91' lang='lat' dir='ltr'>de·</span> 
     </span>
     <span class='ocr_line' id='line_1_15' title="bbox 201 1659 1307 1750; baseline -0.002 -21"><span class='ocrx_word' id='word_1_127' title='bbox 201 1667 335 1730; x_wconf 67' lang='lat' dir='ltr'>tensione</span> <span class='ocrx_word' id='word_1_128' title='bbox 348 1669 539 1730; x_wconf 79' lang='lat' dir='ltr'>&#39;Iimocratis</span> <span class='ocrx_word' id='word_1_129' title='bbox 533 1681 589 1732; x_wconf 88' lang='lat' dir='ltr'>rste</span> <span class='ocrx_word' id='word_1_130' title='bbox 601 1667 742 1731; x_wconf 87' lang='lat' dir='ltr'>allaturus</span> <span class='ocrx_word' id='word_1_131' title='bbox 757 1681 803 1730; x_wconf 87' lang='lat' dir='ltr'>est</span> <span class='ocrx_word' id='word_1_132' title='bbox 805 1659 910 1750; x_wconf 68' lang='lat' dir='ltr'>,plura</span> <span class='ocrx_word' id='word_1_133' title='bbox 923 1670 1010 1730; x_wconf 91' lang='lat' dir='ltr'>etiam</span> <span class='ocrx_word' id='word_1_134' title='bbox 1023 1667 1150 1730; x_wconf 90' lang='lat' dir='ltr'>dicenda</span> <span class='ocrx_word' id='word_1_135' title='bbox 1163 1659 1307 1728; x_wconf 85' lang='lat' dir='ltr'>haberem&#39;</span> 
     </span>
     <span class='ocr_line' id='line_1_16' title="bbox 202 1753 1308 1842; baseline 0.001 -21"><span class='ocrx_word' id='word_1_136' title='bbox 202 1771 309 1842; x_wconf 86' lang='lat' dir='ltr'>praeter</span> <span class='ocrx_word' id='word_1_137' title='bbox 320 1761 394 1840; x_wconf 86' lang='lat' dir='ltr'>haec,</span> <span class='ocrx_word' id='word_1_138' title='bbox 404 1761 545 1824; x_wconf 79' lang='lat' dir='ltr'>desinam</span> <span class='ocrx_word' id='word_1_139' title='bbox 567 1763 675 1838; x_wconf 80' lang='lat' dir='ltr'>Quem,</span> <span class='ocrx_word' id='word_1_140' title='bbox 685 1775 801 1830; x_wconf 81' lang='lat' dir='ltr'>tametsi</span> <span class='ocrx_word' id='word_1_141' title='bbox 793 1763 1111 1824; x_wconf 78' lang='lat' dir='ltr'>mutilemvobrshanc</span> <span class='ocrx_word' id='word_1_142' title='bbox 1121 1782 1185 1821; x_wconf 85' lang='lat' dir='ltr'>esse</span> <span class='ocrx_word' id='word_1_143' title='bbox 1195 1753 1308 1840; x_wconf 78' lang='lat' dir='ltr'>legem,</span> 
     </span>
     <span class='ocr_line' id='line_1_17' title="bbox 203 1843 1304 1960; baseline 0.001 -47"><span class='ocrx_word' id='word_1_144' title='bbox 203 1863 235 1913; x_wconf 87' lang='lat' dir='ltr'>et</span> <span class='ocrx_word' id='word_1_145' title='bbox 244 1862 347 1914; x_wconf 86' lang='lat' dir='ltr'>contra</span> <span class='ocrx_word' id='word_1_146' title='bbox 356 1873 458 1914; x_wconf 89' lang='lat' dir='ltr'>omnes</span> <span class='ocrx_word' id='word_1_147' title='bbox 446 1854 551 1936; x_wconf 76' lang='lat' dir='ltr'>leges</span> <span class='ocrx_word' id='word_1_148' title='bbox 565 1843 755 1925; x_wconf 84' lang='lat' dir='ltr'>inculcatam,</span> <span class='ocrx_word' id='word_1_149' title='bbox 770 1865 800 1921; x_wconf 90' lang='lat' dir='ltr'>et</span> <span class='ocrx_word' id='word_1_150' title='bbox 814 1855 851 1922; x_wconf 86' lang='lat' dir='ltr'>ab</span> <span class='ocrx_word' id='word_1_151' title='bbox 861 1845 939 1926; x_wconf 84' lang='lat' dir='ltr'>omni</span> <span class='ocrx_word' id='word_1_152' title='bbox 948 1865 1029 1934; x_wconf 80' lang='lat' dir='ltr'>parte</span> <span class='ocrx_word' id='word_1_153' title='bbox 1040 1854 1182 1960; x_wconf 83' lang='lat' dir='ltr'>iniquam,</span> <span class='ocrx_word' id='word_1_154' title='bbox 1196 1875 1304 1932; x_wconf 78' lang='lat' dir='ltr'>negare</span> 
     </span>
     <span class='ocr_line' id='line_1_18' title="bbox 203 1943 1302 2028; baseline -0.002 -22"><span class='ocrx_word' id='word_1_155' title='bbox 203 1963 263 2006; x_wconf 91' lang='lat' dir='ltr'>non</span> <span class='ocrx_word' id='word_1_156' title='bbox 276 1943 363 2026; x_wconf 84' lang='lat' dir='ltr'>posse</span> <span class='ocrx_word' id='word_1_157' title='bbox 378 1949 560 2026; x_wconf 90' lang='lat' dir='ltr'>compertum</span> <span class='ocrx_word' id='word_1_158' title='bbox 573 1949 688 2010; x_wconf 83' lang='grc' dir='ltr'><strong>ιιιιιιιιο.</strong></span> <span class='ocrx_word' id='word_1_159' title='bbox 718 1945 813 2007; x_wconf 89' lang='lat' dir='ltr'>dicere</span> <span class='ocrx_word' id='word_1_160' title='bbox 832 1958 931 2008; x_wconf 89' lang='lat' dir='ltr'>tamen</span> <span class='ocrx_word' id='word_1_161' title='bbox 949 1945 1038 2010; x_wconf 87' lang='lat' dir='ltr'>audio</span> <span class='ocrx_word' id='word_1_162' title='bbox 1053 1947 1209 2028; x_wconf 85' lang='lat' dir='ltr'>pecuniam</span> <span class='ocrx_word' id='word_1_163' title='bbox 1224 1945 1302 2006; x_wconf 91' lang='lat' dir='ltr'>illam</span> 
     </span>
     <span class='ocr_line' id='line_1_19' title="bbox 203 2027 1362 2130; baseline -0.001 -31"><span class='ocrx_word' id='word_1_164' title='bbox 203 2037 344 2100; x_wconf 69' lang='lat' dir='ltr'>solvisse</span> <span class='ocrx_word' id='word_1_165' title='bbox 354 2038 578 2130; x_wconf 84' lang='lat' dir='ltr'>Androtionem,</span> <span class='ocrx_word' id='word_1_166' title='bbox 601 2027 789 2110; x_wconf 79' lang='lat' dir='ltr'>Glaucetem,</span> <span class='ocrx_word' id='word_1_167' title='bbox 804 2049 843 2099; x_wconf 90' lang='lat' dir='ltr'>et</span> <span class='ocrx_word' id='word_1_168' title='bbox 867 2038 1074 2118; x_wconf 87' lang='lat' dir='ltr'>Melauopum;</span> <span class='ocrx_word' id='word_1_169' title='bbox 1095 2037 1223 2119; x_wconf 80' lang='lat' dir='ltr'>proinde</span> <span class='ocrx_word' id='word_1_170' title='bbox 1241 2058 1303 2098; x_wconf 86' lang='lat' dir='ltr'>om·</span> <span class='ocrx_word' id='word_1_171' title='bbox 1360 2034 1362 2042; x_wconf 70' lang='grc'>’</span> 
     </span>
     <span class='ocr_line' id='line_1_20' title="bbox 202 2128 1302 2212; baseline -0.001 -21"><span class='ocrx_word' id='word_1_172' title='bbox 202 2128 285 2191; x_wconf 77' lang='lat' dir='ltr'>nium</span> <span class='ocrx_word' id='word_1_173' title='bbox 301 2131 483 2210; x_wconf 78' lang='lat' dir='ltr'>iniquissime</span> <span class='ocrx_word' id='word_1_174' title='bbox 502 2151 603 2198; x_wconf 86' lang='lat' dir='ltr'>secum</span> <span class='ocrx_word' id='word_1_175' title='bbox 626 2143 724 2192; x_wconf 89' lang='lat' dir='ltr'>actum</span> <span class='ocrx_word' id='word_1_176' title='bbox 745 2133 789 2205; x_wconf 88' lang='lat' dir='ltr'>iri,</span> <span class='ocrx_word' id='word_1_177' title='bbox 805 2133 829 2192; x_wconf 89' lang='lat' dir='ltr'>si</span> <span class='ocrx_word' id='word_1_178' title='bbox 847 2130 1064 2205; x_wconf 82' lang='lat' dir='ltr'>nihilominus&#39;</span> <span class='ocrx_word' id='word_1_179' title='bbox 1056 2151 1118 2212; x_wconf 80' lang='lat' dir='ltr'>ipse</span> <span class='ocrx_word' id='word_1_180' title='bbox 1138 2129 1302 2202; x_wconf 85' lang='lat' dir='ltr'>damnetur,</span> 
     </span>
     <span class='ocr_line' id='line_1_21' title="bbox 115 2211 1304 2324; baseline -0.003 -40"><span class='ocrx_word' id='word_1_181' title='bbox 115 2258 119 2267; x_wconf 52' lang='grc' dir='ltr'>ν</span> <span class='ocrx_word' id='word_1_182' title='bbox 202 2239 272 2284; x_wconf 82' lang='lat' dir='ltr'>cum</span> <span class='ocrx_word' id='word_1_183' title='bbox 285 2211 459 2284; x_wconf 84' lang='lat' dir='ltr'>illiiecerint</span> <span class='ocrx_word' id='word_1_184' title='bbox 471 2225 611 2324; x_wconf 84' lang='lat' dir='ltr'>quicquid</span> <span class='ocrx_word' id='word_1_185' title='bbox 625 2243 742 2302; x_wconf 90' lang='lat' dir='ltr'>aequum</span> <span class='ocrx_word' id='word_1_186' title='bbox 756 2235 811 2296; x_wconf 87' lang='lat' dir='ltr'>est,</span> <span class='ocrx_word' id='word_1_187' title='bbox 826 2242 878 2306; x_wconf 90' lang='lat' dir='ltr'>pro</span> <span class='ocrx_word' id='word_1_188' title='bbox 889 2224 996 2303; x_wconf 81' lang='lat' dir='ltr'>quibus</span> <span class='ocrx_word' id='word_1_189' title='bbox 1011 2243 1076 2283; x_wconf 88' lang='lat' dir='ltr'>eum</span> <span class='ocrx_word' id='word_1_190' title='bbox 1091 2224 1195 2314; x_wconf 79' lang='lat' dir='ltr'>tulisse</span> <span class='ocrx_word' id='word_1_191' title='bbox 1209 2223 1304 2302; x_wconf 86' lang='lat' dir='ltr'>legem</span> 
     </span>
     <span class='ocr_line' id='line_1_22' title="bbox 202 2309 1306 2410; baseline -0.001 -35"><span class='ocrx_word' id='word_1_192' title='bbox 202 2314 280 2376; x_wconf 85' lang='lat' dir='ltr'>banc</span> <span class='ocrx_word' id='word_1_193' title='bbox 294 2309 489 2376; x_wconf 83' lang='lat' dir='ltr'>criminemur.</span> <span class='ocrx_word' id='word_1_194' title='bbox 501 2311 604 2376; x_wconf 89' lang='lat' dir='ltr'>Mihi</span> <span class='ocrx_word' id='word_1_195' title='bbox 611 2335 677 2378; x_wconf 88' lang='lat' dir='ltr'>vero</span> <span class='ocrx_word' id='word_1_196' title='bbox 692 2315 772 2375; x_wconf 91' lang='lat' dir='ltr'>nullo</span> <span class='ocrx_word' id='word_1_197' title='bbox 790 2313 880 2410; x_wconf 82' lang='lat' dir='ltr'>modo</span> <span class='ocrx_word' id='word_1_198' title='bbox 896 2317 1118 2376; x_wconf 89' lang='lat' dir='ltr'>concedendum</span> <span class='ocrx_word' id='word_1_199' title='bbox 1141 2317 1167 2376; x_wconf 91' lang='lat' dir='ltr'>ei</span> <span class='ocrx_word' id='word_1_200' title='bbox 1189 2317 1306 2376; x_wconf 89' lang='lat' dir='ltr'>videtur</span> 
     </span>
     <span class='ocr_line' id='line_1_23' title="bbox 203 2397 1307 2500; baseline 0.002 -32"><span class='ocrx_word' id='word_1_201' title='bbox 203 2407 261 2468; x_wconf 87' lang='lat' dir='ltr'>boc</span> <span class='ocrx_word' id='word_1_202' title='bbox 270 2403 419 2489; x_wconf 71' lang='lat' dir='ltr'>eilbertum</span> <span class='ocrx_word' id='word_1_203' title='bbox 447 2403 563 2470; x_wconf 89' lang='lat' dir='ltr'>Nam</span> <span class='ocrx_word' id='word_1_204' title='bbox 540 2429 563 2500; x_wconf 76' lang='grc' dir='ltr'>ιι</span> <span class='ocrx_word' id='word_1_205' title='bbox 579 2409 679 2470; x_wconf 84' lang='lat' dir='ltr'>lateris</span> <span class='ocrx_word' id='word_1_206' title='bbox 694 2418 723 2470; x_wconf 93' lang='lat' dir='ltr'>te</span> <span class='ocrx_word' id='word_1_207' title='bbox 737 2429 790 2488; x_wconf 92' lang='lat' dir='ltr'>pro</span> <span class='ocrx_word' id='word_1_208' title='bbox 804 2397 867 2470; x_wconf 84' lang='lat' dir='ltr'>istis</span> <span class='ocrx_word' id='word_1_209' title='bbox 882 2409 983 2469; x_wconf 88' lang='lat' dir='ltr'>tulisse</span> <span class='ocrx_word' id='word_1_210' title='bbox 997 2408 1104 2490; x_wconf 84' lang='lat' dir='ltr'>legem,</span> <span class='ocrx_word' id='word_1_211' title='bbox 1120 2429 1196 2488; x_wconf 84' lang='lat' dir='ltr'>quos</span> <span class='ocrx_word' id='word_1_212' title='bbox 1209 2411 1307 2471; x_wconf 87' lang='lat' dir='ltr'>officio</span> 
     </span>
     <span class='ocr_line' id='line_1_24' title="bbox 201 2493 1307 2588; baseline 0 -28"><span class='ocrx_word' id='word_1_213' title='bbox 201 2493 323 2561; x_wconf 74' lang='lat' dir='ltr'>functos</span> <span class='ocrx_word' id='word_1_214' title='bbox 343 2519 407 2561; x_wconf 89' lang='lat' dir='ltr'>esse</span> <span class='ocrx_word' id='word_1_215' title='bbox 427 2499 510 2588; x_wconf 86' lang='lat' dir='ltr'>diois,</span> <span class='ocrx_word' id='word_1_216' title='bbox 525 2521 561 2567; x_wconf 85' lang='lat' dir='ltr'>en</span> <span class='ocrx_word' id='word_1_217' title='bbox 576 2503 692 2563; x_wconf 88' lang='lat' dir='ltr'>nomine</span> <span class='ocrx_word' id='word_1_218' title='bbox 705 2511 740 2566; x_wconf 85' lang='lat' dir='ltr'>tn</span> <span class='ocrx_word' id='word_1_219' title='bbox 755 2500 887 2562; x_wconf 86' lang='lat' dir='ltr'>damnari</span> <span class='ocrx_word' id='word_1_220' title='bbox 904 2512 1004 2580; x_wconf 87' lang='lat' dir='ltr'>aperte</span> <span class='ocrx_word' id='word_1_221' title='bbox 1020 2512 1145 2581; x_wconf 90' lang='lat' dir='ltr'>oportet,</span> <span class='ocrx_word' id='word_1_222' title='bbox 1165 2502 1248 2582; x_wconf 92' lang='lat' dir='ltr'>quod</span> <span class='ocrx_word' id='word_1_223' title='bbox 1262 2521 1307 2561; x_wconf 88' lang='lat' dir='ltr'>re·</span> 
     </span>
     <span class='ocr_line' id='line_1_25' title="bbox 203 2579 1311 2700; baseline 0.001 -46"><span class='ocrx_word' id='word_1_224' title='bbox 203 2589 299 2673; x_wconf 83' lang='lat' dir='ltr'>ceptae</span> <span class='ocrx_word' id='word_1_225' title='bbox 309 2593 413 2672; x_wconf 74' lang='lat' dir='ltr'>teges,</span> <span class='ocrx_word' id='word_1_226' title='bbox 419 2589 582 2654; x_wconf 88' lang='lat' dir='ltr'>secundum</span> <span class='ocrx_word' id='word_1_227' title='bbox 597 2615 670 2700; x_wconf 76' lang='lat' dir='ltr'>quas</span> <span class='ocrx_word' id='word_1_228' title='bbox 684 2593 724 2652; x_wconf 91' lang='lat' dir='ltr'>hi</span> <span class='ocrx_word' id='word_1_229' title='bbox 729 2614 760 2678; x_wconf 88' lang='lat' dir='ltr'>se</span> <span class='ocrx_word' id='word_1_230' title='bbox 774 2579 1020 2673; x_wconf 81' lang='lat' dir='ltr'>pronunciaturos</span> <span class='ocrx_word' id='word_1_231' title='bbox 1026 2593 1172 2674; x_wconf 86' lang='lat' dir='ltr'>jurarunt,</span> <span class='ocrx_word' id='word_1_232' title='bbox 1186 2589 1311 2677; x_wconf 86' lang='lat' dir='ltr'>omnino</span> 
     </span>
     <span class='ocr_line' id='line_1_26' title="bbox 204 2671 1311 2776; baseline 0.001 -31"><span class='ocrx_word' id='word_1_233' title='bbox 204 2675 394 2758; x_wconf 82' lang='lat' dir='ltr'>interdicunt,</span> <span class='ocrx_word' id='word_1_234' title='bbox 409 2707 446 2746; x_wconf 89' lang='lat' dir='ltr'>ne</span> <span class='ocrx_word' id='word_1_235' title='bbox 461 2705 520 2776; x_wconf 88' lang='lat' dir='ltr'>qna</span> <span class='ocrx_word' id='word_1_236' title='bbox 538 2685 639 2758; x_wconf 85' lang='lat' dir='ltr'>lex,</span> <span class='ocrx_word' id='word_1_237' title='bbox 612 2685 667 2745; x_wconf 83' lang='lat' dir='ltr'>nisi</span> <span class='ocrx_word' id='word_1_238' title='bbox 677 2705 744 2764; x_wconf 88' lang='lat' dir='ltr'>quae</span> <span class='ocrx_word' id='word_1_239' title='bbox 757 2707 792 2745; x_wconf 90' lang='lat' dir='ltr'>ex</span> <span class='ocrx_word' id='word_1_240' title='bbox 808 2706 894 2766; x_wconf 89' lang='lat' dir='ltr'>aequo</span> <span class='ocrx_word' id='word_1_241' title='bbox 906 2687 944 2748; x_wconf 86' lang='lat' dir='ltr'>ad</span> <span class='ocrx_word' id='word_1_242' title='bbox 957 2705 1148 2750; x_wconf 76' lang='lat' dir='ltr'>omnesones</span> <span class='ocrx_word' id='word_1_243' title='bbox 1164 2671 1311 2776; x_wconf 82' lang='lat' dir='ltr'>pertineat</span> 
     </span>
     <span class='ocr_line' id='line_1_27' title="bbox 204 2771 1312 2860; baseline -0.002 -21"><span class='ocrx_word' id='word_1_244' title='bbox 204 2779 337 2839; x_wconf 57' lang='lat' dir='ltr'>feratur,</span> <span class='ocrx_word' id='word_1_245' title='bbox 360 2779 405 2838; x_wconf 89' lang='lat' dir='ltr'>sin</span> <span class='ocrx_word' id='word_1_246' title='bbox 420 2788 449 2838; x_wconf 91' lang='lat' dir='ltr'>te</span> <span class='ocrx_word' id='word_1_247' title='bbox 462 2771 572 2838; x_wconf 86' lang='lat' dir='ltr'>bonnm</span> <span class='ocrx_word' id='word_1_248' title='bbox 586 2778 737 2860; x_wconf 75' lang='lat' dir='ltr'>publicum</span> <span class='ocrx_word' id='word_1_249' title='bbox 753 2775 903 2857; x_wconf 72' lang='lat' dir='ltr'>spectasse</span> <span class='ocrx_word' id='word_1_250' title='bbox 916 2779 1068 2858; x_wconf 86' lang='lat' dir='ltr'>rogatione</span> <span class='ocrx_word' id='word_1_251' title='bbox 1079 2789 1130 2842; x_wconf 90' lang='lat' dir='ltr'>tua</span> <span class='ocrx_word' id='word_1_252' title='bbox 1141 2777 1234 2852; x_wconf 89' lang='lat' dir='ltr'>dices,</span> <span class='ocrx_word' id='word_1_253' title='bbox 1249 2779 1312 2839; x_wconf 89' lang='lat' dir='ltr'>noli·</span> 
     </span>
     <span class='ocr_line' id='line_1_28' title="bbox 108 2863 1309 2952; baseline 0.001 -21"><span class='ocrx_word' id='word_1_254' title='bbox 108 2929 112 2937; x_wconf 37' lang='lat' dir='ltr'><em>s</em></span> <span class='ocrx_word' id='word_1_255' title='bbox 202 2857 1309 2966; x_wconf 73' lang='lat' dir='ltr'>solutionisistorumrnemlnisse,—&#39;quaeabistalegeprorsusalienacst——,</span> 
     </span>
     <span class='ocr_line' id='line_1_29' title="bbox 105 2949 1313 3073; baseline 0 -47"><span class='ocrx_word' id='word_1_256' title='bbox 105 2949 113 2964; x_wconf 58' lang='grc'><em>’</em></span> <span class='ocrx_word' id='word_1_257' title='bbox 157 3043 159 3051; x_wconf 16' lang='grc' dir='ltr'>Α</span> <span class='ocrx_word' id='word_1_258' title='bbox 206 2959 266 3026; x_wconf 86' lang='lat' dir='ltr'>sed</span> <span class='ocrx_word' id='word_1_259' title='bbox 270 2965 395 3048; x_wconf 78' lang='lat' dir='ltr'>&#39;legem&#39;</span> <span class='ocrx_word' id='word_1_260' title='bbox 388 2959 480 3044; x_wconf 80' lang='lat' dir='ltr'>ipsam</span> <span class='ocrx_word' id='word_1_261' title='bbox 499 2985 516 3024; x_wconf 89' lang='lat' dir='ltr'>e</span> <span class='ocrx_word' id='word_1_262' title='bbox 537 2965 685 3071; x_wconf 85' lang='lat' dir='ltr'>republica</span> <span class='ocrx_word' id='word_1_263' title='bbox 699 2984 776 3036; x_wconf 86' lang='lat' dir='ltr'>esse,</span> <span class='ocrx_word' id='word_1_264' title='bbox 795 2973 942 3046; x_wconf 88' lang='lat' dir='ltr'>recteque</span> <span class='ocrx_word' id='word_1_265' title='bbox 943 2985 1008 3025; x_wconf 87' lang='lat' dir='ltr'>esse</span> <span class='ocrx_word' id='word_1_266' title='bbox 1026 2965 1126 3038; x_wconf 86' lang='lat' dir='ltr'>latam,</span> <span class='ocrx_word' id='word_1_267' title='bbox 1141 2965 1171 3033; x_wconf 83' lang='lat' dir='ltr'>id</span> <span class='ocrx_word' id='word_1_268' title='bbox 1190 2967 1313 3073; x_wconf 76' lang='lat' dir='ltr'>doceto.¹</span> 
     </span>
     <span class='ocr_line' id='line_1_30' title="bbox 205 3052 1307 3165; baseline 0 -47"><span class='ocrx_word' id='word_1_269' title='bbox 205 3055 285 3118; x_wconf 74' lang='lat' dir='ltr'>liam</span> <span class='ocrx_word' id='word_1_270' title='bbox 298 3057 363 3118; x_wconf 91' lang='lat' dir='ltr'>hoc</span> <span class='ocrx_word' id='word_1_271' title='bbox 369 3052 452 3146; x_wconf 85' lang='lat' dir='ltr'>illud</span> <span class='ocrx_word' id='word_1_272' title='bbox 455 3067 512 3130; x_wconf 87' lang='lat' dir='ltr'>est,</span> <span class='ocrx_word' id='word_1_273' title='bbox 526 3058 609 3138; x_wconf 87' lang='lat' dir='ltr'>cujus</span> <span class='ocrx_word' id='word_1_274' title='bbox 619 3058 712 3165; x_wconf 79' lang='lat' dir='ltr'>gratia</span> <span class='ocrx_word' id='word_1_275' title='bbox 727 3067 756 3118; x_wconf 94' lang='lat' dir='ltr'>et</span> <span class='ocrx_word' id='word_1_276' title='bbox 767 3069 799 3115; x_wconf 90' lang='lat' dir='ltr'>tu</span> <span class='ocrx_word' id='word_1_277' title='bbox 809 3066 838 3117; x_wconf 91' lang='lat' dir='ltr'>te</span> <span class='ocrx_word' id='word_1_278' title='bbox 849 3058 950 3118; x_wconf 89' lang='lat' dir='ltr'>tulisse</span> <span class='ocrx_word' id='word_1_279' title='bbox 964 3057 1059 3130; x_wconf 74' lang='lat' dir='ltr'>dicas,</span> <span class='ocrx_word' id='word_1_280' title='bbox 1065 3067 1095 3118; x_wconf 88' lang='lat' dir='ltr'>et</span> <span class='ocrx_word' id='word_1_281' title='bbox 1108 3077 1165 3138; x_wconf 85' lang='lat' dir='ltr'>ego</span> <span class='ocrx_word' id='word_1_282' title='bbox 1174 3060 1226 3136; x_wconf 93' lang='lat' dir='ltr'>qui</span> <span class='ocrx_word' id='word_1_283' title='bbox 1237 3079 1307 3118; x_wconf 91' lang='lat' dir='ltr'>con-</span> 
     </span>
     <span class='ocr_line' id='line_1_31' title="bbox 205 3139 1312 3236; baseline 0 -24"><span class='ocrx_word' id='word_1_284' title='bbox 205 3143 325 3216; x_wconf 78' lang='grc' dir='ltr'><strong>ιιιιιιιιιιι</strong></span> <span class='ocrx_word' id='word_1_285' title='bbox 336 3149 373 3210; x_wconf 88' lang='lat' dir='ltr'>de</span> <span class='ocrx_word' id='word_1_286' title='bbox 384 3139 420 3210; x_wconf 81' lang='lat' dir='ltr'>ea</span> <span class='ocrx_word' id='word_1_287' title='bbox 430 3151 552 3236; x_wconf 84' lang='lat' dir='ltr'>sentiam</span> <span class='ocrx_word' id='word_1_288' title='bbox 556 3151 745 3221; x_wconf 71' lang='lat' dir='ltr'>,accusarim</span> <span class='ocrx_word' id='word_1_289' title='bbox 758 3161 788 3210; x_wconf 89' lang='lat' dir='ltr'>et</span> <span class='ocrx_word' id='word_1_290' title='bbox 800 3150 906 3231; x_wconf 90' lang='lat' dir='ltr'>dequo</span> <span class='ocrx_word' id='word_1_291' title='bbox 917 3151 1118 3210; x_wconf 83' lang='lat' dir='ltr'>hissen&#39;tentia</span> <span class='ocrx_word' id='word_1_292' title='bbox 1130 3151 1168 3210; x_wconf 89' lang='lat' dir='ltr'>sit</span> <span class='ocrx_word' id='word_1_293' title='bbox 1176 3152 1307 3212; x_wconf 84' lang='lat' dir='ltr'>ferenda.</span> <span class='ocrx_word' id='word_1_294' title='bbox 1307 3139 1312 3153; x_wconf 58' lang='lat'>⁸</span> 
     </span>
     <span class='ocr_line' id='line_1_32' title="bbox 205 3227 1307 3332; baseline 0.001 -28"><span class='ocrx_word' id='word_1_295' title='bbox 205 3235 389 3332; x_wconf 72' lang='lat' dir='ltr'>Quanquam</span> <span class='ocrx_word' id='word_1_296' title='bbox 396 3229 537 3304; x_wconf 78' lang='lat' dir='ltr'>autemid</span> <span class='ocrx_word' id='word_1_297' title='bbox 551 3264 668 3324; x_wconf 91' lang='lat' dir='ltr'>quoque</span> <span class='ocrx_word' id='word_1_298' title='bbox 683 3227 837 3330; x_wconf 82' lang='lat' dir='ltr'>ostendere</span> <span class='ocrx_word' id='word_1_299' title='bbox 859 3249 986 3324; x_wconf 84' lang='lat' dir='ltr'>possem,</span> <span class='ocrx_word' id='word_1_300' title='bbox 1002 3243 1115 3322; x_wconf 89' lang='lat' dir='ltr'>quidvis</span> <span class='ocrx_word' id='word_1_301' title='bbox 1129 3255 1180 3303; x_wconf 85' lang='lat' dir='ltr'>eos¹</span> <span class='ocrx_word' id='word_1_302' title='bbox 1201 3245 1307 3305; x_wconf 84' lang='lat' dir='ltr'>fecisse</span> 
     </span>
     <span class='ocr_line' id='line_1_33' title="bbox 204 3333 1308 3432; baseline 0 -36"><span class='ocrx_word' id='word_1_303' title='bbox 204 3337 415 3437; x_wconf 62' lang='lat' dir='ltr'>potiusquam</span> <span class='ocrx_word' id='word_1_304' title='bbox 437 3341 479 3395; x_wconf 72' lang='lat' dir='ltr'>&#39;aes</span> <span class='ocrx_word' id='word_1_305' title='bbox 496 3337 639 3408; x_wconf 89' lang='lat' dir='ltr'>alienum,</span> <span class='ocrx_word' id='word_1_306' title='bbox 657 3338 698 3396; x_wconf 89' lang='lat' dir='ltr'>ita</span> <span class='ocrx_word' id='word_1_307' title='bbox 719 3347 761 3396; x_wconf 91' lang='lat' dir='ltr'>ut</span> <span class='ocrx_word' id='word_1_308' title='bbox 773 3337 855 3432; x_wconf 81' lang='lat' dir='ltr'>leges</span> <span class='ocrx_word' id='word_1_309' title='bbox 872 3334 988 3416; x_wconf 81' lang='lat' dir='ltr'>J‘ubent,</span> <span class='ocrx_word' id='word_1_310' title='bbox 1012 3333 1194 3406; x_wconf 88' lang='lat' dir='ltr'>dissolvisse.</span> <span class='ocrx_word' id='word_1_311' title='bbox 1230 3338 1308 3406; x_wconf 81' lang='lat' dir='ltr'>Quia</span> 
     </span>
     <span class='ocr_line' id='line_1_34' title="bbox 205 3421 1312 3532; baseline 0 -42"><span class='ocrx_word' id='word_1_312' title='bbox 205 3427 312 3522; x_wconf 72' lang='lat' dir='ltr'>tamen</span> <span class='ocrx_word' id='word_1_313' title='bbox 318 3423 372 3487; x_wconf 83' lang='lat' dir='ltr'>v&#39;oa&#39;</span> <span class='ocrx_word' id='word_1_314' title='bbox 386 3445 422 3487; x_wconf 91' lang='lat' dir='ltr'>ea</span> <span class='ocrx_word' id='word_1_315' title='bbox 423 3427 471 3486; x_wconf 92' lang='lat' dir='ltr'>de</span> <span class='ocrx_word' id='word_1_316' title='bbox 486 3447 518 3488; x_wconf 91' lang='lat' dir='ltr'>re</span> <span class='ocrx_word' id='word_1_317' title='bbox 528 3427 687 3508; x_wconf 89' lang='lat' dir='ltr'>judicaturi</span> <span class='ocrx_word' id='word_1_318' title='bbox 699 3449 757 3490; x_wconf 88' lang='lat' dir='ltr'>non</span> <span class='ocrx_word' id='word_1_319' title='bbox 773 3421 853 3502; x_wconf 88' lang='lat' dir='ltr'>estis,</span> <span class='ocrx_word' id='word_1_320' title='bbox 870 3449 1010 3509; x_wconf 90' lang='lat' dir='ltr'>quorsum</span> <span class='ocrx_word' id='word_1_321' title='bbox 1031 3429 1137 3532; x_wconf 80' lang='lat' dir='ltr'>attinet</span> <span class='ocrx_word' id='word_1_322' title='bbox 1157 3449 1205 3490; x_wconf 89' lang='lat' dir='ltr'>me</span> <span class='ocrx_word' id='word_1_323' title='bbox 1225 3421 1312 3500; x_wconf 81' lang='lat' dir='ltr'>vobis¹</span> 
     </span>
     <span class='ocr_line' id='line_1_35' title="bbox 206 3509 1313 3600; baseline -0.005 -17"><span class='ocrx_word' id='word_1_324' title='bbox 206 3513 242 3584; x_wconf 79' lang='lat' dir='ltr'>eo</span> <span class='ocrx_word' id='word_1_325' title='bbox 256 3515 512 3582; x_wconf 78' lang='lat' dir='ltr'>commemorando</span> <span class='ocrx_word' id='word_1_326' title='bbox 526 3541 605 3580; x_wconf 91' lang='lat' dir='ltr'>nuuc</span> <span class='ocrx_word' id='word_1_327' title='bbox 619 3509 820 3581; x_wconf 69' lang='lat' dir='ltr'>obturbare?</span> <span class='ocrx_word' id='word_1_328' title='bbox 1310 3593 1313 3600; x_wconf 31' lang='grc' dir='ltr'>Ι</span> 
     </span>
    </p>

    <p class='ocr_par' dir='ltr' id='par_1_4' title="bbox 168 3595 1310 4527">
     <span class='ocr_line' id='line_1_36' title="bbox 214 3595 1309 3692; baseline 0.005 -19.151"><span class='ocrx_word' id='word_1_329' title='bbox 214 3615 303 3673; x_wconf 90' lang='lat'>44.</span> <span class='ocrx_word' id='word_1_330' title='bbox 309 3611 451 3672; x_wconf 78' lang='lat' dir='ltr'>Arbitror</span> <span class='ocrx_word' id='word_1_331' title='bbox 464 3623 605 3692; x_wconf 87' lang='lat' dir='ltr'>praeterea</span> <span class='ocrx_word' id='word_1_332' title='bbox 618 3613 689 3686; x_wconf 80' lang='lat' dir='ltr'>lore,</span> <span class='ocrx_word' id='word_1_333' title='bbox 700 3623 733 3672; x_wconf 89' lang='lat' dir='ltr'>ut</span> <span class='ocrx_word' id='word_1_334' title='bbox 745 3633 801 3673; x_wconf 91' lang='lat' dir='ltr'>nec</span> <span class='ocrx_word' id='word_1_335' title='bbox 811 3609 857 3672; x_wconf 89' lang='lat' dir='ltr'>his</span> <span class='ocrx_word' id='word_1_336' title='bbox 872 3595 1054 3672; x_wconf 80' lang='lat' dir='ltr'>sermonibus</span> <span class='ocrx_word' id='word_1_337' title='bbox 1068 3613 1309 3690; x_wconf 62' lang='lat' dir='ltr'>abstineamus</span> 
     </span>
     <span class='ocr_line' id='line_1_37' title="bbox 203 3697 1309 3812; baseline 0 -43"><span class='ocrx_word' id='word_1_338' title='bbox 203 3710 273 3788; x_wconf 83' lang='lat' dir='ltr'>ipse</span> <span class='ocrx_word' id='word_1_339' title='bbox 280 3697 439 3812; x_wconf 79' lang='lat' dir='ltr'>scripserit,</span> <span class='ocrx_word' id='word_1_340' title='bbox 452 3724 491 3764; x_wconf 91' lang='lat' dir='ltr'>ne</span> <span class='ocrx_word' id='word_1_341' title='bbox 505 3705 571 3782; x_wconf 88' lang='lat' dir='ltr'>quis</span> <span class='ocrx_word' id='word_1_342' title='bbox 584 3701 780 3768; x_wconf 89' lang='lat' dir='ltr'>Atheniensis</span> <span class='ocrx_word' id='word_1_343' title='bbox 793 3705 947 3778; x_wconf 84' lang='lat' dir='ltr'>vinciatur,</span> <span class='ocrx_word' id='word_1_344' title='bbox 967 3704 1065 3784; x_wconf 89' lang='lat' dir='ltr'>inique</span> <span class='ocrx_word' id='word_1_345' title='bbox 1087 3709 1187 3765; x_wconf 82' lang='lat' dir='ltr'>secum</span> <span class='ocrx_word' id='word_1_346' title='bbox 1209 3720 1309 3769; x_wconf 91' lang='lat' dir='ltr'>actum</span> 
     </span>
     <span class='ocr_line' id='line_1_38' title="bbox 205 3796 1310 3888; baseline 0.003 -28"><span class='ocrx_word' id='word_1_347' title='bbox 205 3797 253 3874; x_wconf 76' lang='lat' dir='ltr'>tri,</span> <span class='ocrx_word' id='word_1_348' title='bbox 265 3801 289 3859; x_wconf 88' lang='lat' dir='ltr'>si</span> <span class='ocrx_word' id='word_1_349' title='bbox 304 3797 372 3858; x_wconf 89' lang='lat' dir='ltr'>mali</span> <span class='ocrx_word' id='word_1_350' title='bbox 382 3797 537 3888; x_wconf 81' lang='lat' dir='ltr'>quippiam</span> <span class='ocrx_word' id='word_1_351' title='bbox 548 3797 611 3875; x_wconf 85' lang='lat' dir='ltr'>ipse</span> <span class='ocrx_word' id='word_1_352' title='bbox 627 3797 716 3864; x_wconf 79' lang='lat' dir='ltr'>ierat:</span> <span class='ocrx_word' id='word_1_353' title='bbox 740 3805 779 3868; x_wconf 87' lang='lat' dir='ltr'>et,</span> <span class='ocrx_word' id='word_1_354' title='bbox 795 3806 828 3856; x_wconf 87' lang='lat' dir='ltr'>ut</span> <span class='ocrx_word' id='word_1_355' title='bbox 839 3796 919 3873; x_wconf 82' lang='lat' dir='ltr'>leges</span> <span class='ocrx_word' id='word_1_356' title='bbox 933 3817 1020 3876; x_wconf 87' lang='lat' dir='ltr'>quarn</span> <span class='ocrx_word' id='word_1_357' title='bbox 1036 3797 1193 3880; x_wconf 66' lang='lat' dir='ltr'>lenissima·</span> <span class='ocrx_word' id='word_1_358' title='bbox 1208 3801 1267 3862; x_wconf 88' lang='lat' dir='ltr'>sint</span> <span class='ocrx_word' id='word_1_359' title='bbox 1278 3813 1310 3862; x_wconf 82' lang='lat' dir='ltr'>et</span> 
     </span>
     <span class='ocr_line' id='line_1_39' title="bbox 205 3875 1308 3998; baseline -0.001 -45"><span class='ocrx_word' id='word_1_360' title='bbox 205 3886 457 3982; x_wconf 69' lang='lat' dir='ltr'>moderatissimos,</span> <span class='ocrx_word' id='word_1_361' title='bbox 469 3911 485 3949; x_wconf 92' lang='lat' dir='ltr'>e</span> <span class='ocrx_word' id='word_1_362' title='bbox 500 3909 531 3948; x_wconf 89' lang='lat' dir='ltr'>re</span> <span class='ocrx_word' id='word_1_363' title='bbox 542 3891 778 3949; x_wconf 86' lang='lat' dir='ltr'>tenuissimorum</span> <span class='ocrx_word' id='word_1_364' title='bbox 794 3895 860 3974; x_wconf 76' lang='lat' dir='ltr'>esse</span> <span class='ocrx_word' id='word_1_365' title='bbox 874 3890 904 3948; x_wconf 85' lang='lat' dir='ltr'>in</span> <span class='ocrx_word' id='word_1_366' title='bbox 913 3889 1048 3970; x_wconf 88' lang='lat' dir='ltr'>primis..</span> <span class='ocrx_word' id='word_1_367' title='bbox 1049 3875 1171 3974; x_wconf 78' lang='lat' dir='ltr'>Operae</span> <span class='ocrx_word' id='word_1_368' title='bbox 1185 3894 1308 3998; x_wconf 80' lang='lat' dir='ltr'>pretium</span> 
     </span>
     <span class='ocr_line' id='line_1_40' title="bbox 168 3975 1310 4070; baseline 0.001 -25"><span class='ocrx_word' id='word_1_369' title='bbox 168 4017 173 4030; x_wconf 93' lang='lat'>·</span> <span class='ocrx_word' id='word_1_370' title='bbox 206 3983 311 4045; x_wconf 80' lang='lat' dir='ltr'>fuerit</span> <span class='ocrx_word' id='word_1_371' title='bbox 303 3975 404 4062; x_wconf 75' lang='lat' dir='ltr'>igitur,</span> <span class='ocrx_word' id='word_1_372' title='bbox 413 4001 465 4041; x_wconf 90' lang='lat' dir='ltr'>vos</span> <span class='ocrx_word' id='word_1_373' title='bbox 478 4001 591 4055; x_wconf 83' lang='lat' dir='ltr'>omnen,</span> <span class='ocrx_word' id='word_1_374' title='bbox 605 3992 640 4040; x_wconf 91' lang='lat' dir='ltr'>ut</span> <span class='ocrx_word' id='word_1_375' title='bbox 654 4001 689 4040; x_wconf 88' lang='lat' dir='ltr'>ue</span> <span class='ocrx_word' id='word_1_376' title='bbox 703 3981 791 4040; x_wconf 71' lang='lat' dir='ltr'>suco*</span> <span class='ocrx_word' id='word_1_377' title='bbox 784 3992 840 4040; x_wconf 81' lang='lat' dir='ltr'>rato</span> <span class='ocrx_word' id='word_1_378' title='bbox 854 3981 1006 4040; x_wconf 84' lang='lat' dir='ltr'>verborum</span> <span class='ocrx_word' id='word_1_379' title='bbox 1020 3979 1216 4070; x_wconf 87' lang='lat' dir='ltr'>decipiamini,</span> <span class='ocrx_word' id='word_1_380' title='bbox 1228 3985 1310 4063; x_wconf 88' lang='lat' dir='ltr'>prius</span> 
     </span>
     <span class='ocr_line' id='line_1_41' title="bbox 206 4061 1309 4166; baseline -0.001 -29"><span class='ocrx_word' id='word_1_381' title='bbox 206 4075 317 4166; x_wconf 83' lang='lat' dir='ltr'>aliquid</span> <span class='ocrx_word' id='word_1_382' title='bbox 328 4073 483 4134; x_wconf 86' lang='lat' dir='ltr'>audivisse.</span> <span class='ocrx_word' id='word_1_383' title='bbox 507 4075 584 4134; x_wconf 90' lang='lat' dir='ltr'>Nam</span> <span class='ocrx_word' id='word_1_384' title='bbox 593 4094 616 4132; x_wconf 79' lang='grc' dir='ltr'>ιι</span> <span class='ocrx_word' id='word_1_385' title='bbox 608 4063 733 4134; x_wconf 78' lang='lat' dir='ltr'>&#39;dixerit</span> <span class='ocrx_word' id='word_1_386' title='bbox 735 4061 900 4152; x_wconf 76' lang='grc' dir='ltr'><strong>ιι,ιιιειιιιιι</strong></span> <span class='ocrx_word' id='word_1_387' title='bbox 912 4071 1137 4134; x_wconf 85' lang='lat' dir='ltr'>Atheniensium</span> <span class='ocrx_word' id='word_1_388' title='bbox 1148 4075 1309 4136; x_wconf 89' lang='lat' dir='ltr'>vinciatur.</span> 
     </span>
     <span class='ocr_line' id='line_1_42' title="bbox 206 4165 1310 4246; baseline -0.002 -16"><span class='ocrx_word' id='word_1_389' title='bbox 206 4191 244 4232; x_wconf 90' lang='lat' dir='ltr'>ne</span> <span class='ocrx_word' id='word_1_390' title='bbox 257 4187 311 4228; x_wconf 84' lang='lat' dir='ltr'>vos</span> <span class='ocrx_word' id='word_1_391' title='bbox 323 4175 487 4246; x_wconf 81' lang='lat' dir='ltr'>praetereat,</span> <span class='ocrx_word' id='word_1_392' title='bbox 502 4185 569 4226; x_wconf 91' lang='lat' dir='ltr'>eum</span> <span class='ocrx_word' id='word_1_393' title='bbox 584 4167 706 4226; x_wconf 88' lang='lat' dir='ltr'>mentiri.</span> <span class='ocrx_word' id='word_1_394' title='bbox 737 4165 839 4245; x_wconf 88' lang='lat' dir='ltr'>Neque</span> <span class='ocrx_word' id='word_1_395' title='bbox 854 4166 929 4225; x_wconf 87' lang='lat' dir='ltr'>enirn</span> <span class='ocrx_word' id='word_1_396' title='bbox 944 4167 1001 4226; x_wconf 86' lang='lat' dir='ltr'>boc</span> <span class='ocrx_word' id='word_1_397' title='bbox 1015 4167 1140 4246; x_wconf 83' lang='lat' dir='ltr'>rogavit,</span> <span class='ocrx_word' id='word_1_398' title='bbox 1154 4168 1207 4228; x_wconf 86' lang='lat' dir='ltr'>sed</span> <span class='ocrx_word' id='word_1_399' title='bbox 1224 4169 1310 4240; x_wconf 89' lang='lat' dir='ltr'>illud,</span> 
     </span>
     <span class='ocr_line' id='line_1_43' title="bbox 205 4252 1310 4342; baseline -0.003 -17"><span class='ocrx_word' id='word_1_400' title='bbox 205 4276 240 4325; x_wconf 89' lang='lat' dir='ltr'>ut</span> <span class='ocrx_word' id='word_1_401' title='bbox 253 4260 406 4340; x_wconf 73' lang='lat' dir='ltr'>exigendae</span> <span class='ocrx_word' id='word_1_402' title='bbox 419 4252 538 4320; x_wconf 84' lang='lat' dir='ltr'>mulctae</span> <span class='ocrx_word' id='word_1_403' title='bbox 552 4261 710 4320; x_wconf 89' lang='lat' dir='ltr'>auctoritas</span> <span class='ocrx_word' id='word_1_404' title='bbox 724 4261 806 4320; x_wconf 89' lang='lat' dir='ltr'>vobis</span> <span class='ocrx_word' id='word_1_405' title='bbox 821 4259 1008 4334; x_wconf 88' lang='lat' dir='ltr'>adimeretur,</span> <span class='ocrx_word' id='word_1_406' title='bbox 1022 4269 1114 4340; x_wconf 90' lang='lat' dir='ltr'>utque</span> <span class='ocrx_word' id='word_1_407' title='bbox 1127 4261 1245 4321; x_wconf 71' lang='grc' dir='ltr'>ιιιιιιιιινΙ</span> <span class='ocrx_word' id='word_1_408' title='bbox 1217 4284 1310 4342; x_wconf 86' lang='lat' dir='ltr'>grum,</span> 
     </span>
     <span class='ocr_line' id='line_1_44' title="bbox 208 4343 1305 4444; baseline 0 -30"><span class='ocrx_word' id='word_1_409' title='bbox 208 4377 275 4417; x_wconf 87' lang='lat' dir='ltr'>cum</span> <span class='ocrx_word' id='word_1_410' title='bbox 289 4351 489 4433; x_wconf 87' lang='lat' dir='ltr'>jurejurando,</span> <span class='ocrx_word' id='word_1_411' title='bbox 508 4351 721 4432; x_wconf 86' lang='lat' dir='ltr'>disceptatione</span> <span class='ocrx_word' id='word_1_412' title='bbox 738 4363 769 4444; x_wconf 83' lang='lat' dir='ltr'>et</span> <span class='ocrx_word' id='word_1_413' title='bbox 770 4343 890 4432; x_wconf 89' lang='lat' dir='ltr'>jndicio</span> <span class='ocrx_word' id='word_1_414' title='bbox 909 4353 1014 4425; x_wconf 83' lang='lat' dir='ltr'>latum,</span> <span class='ocrx_word' id='word_1_415' title='bbox 1034 4353 1146 4413; x_wconf 90' lang='lat' dir='ltr'>irritum</span> <span class='ocrx_word' id='word_1_416' title='bbox 1169 4353 1305 4414; x_wconf 83' lang='lat' dir='ltr'>efficeret</span> 
     </span>
     <span class='ocr_line' id='line_1_45' title="bbox 208 4435 1307 4527; baseline -0.002 -19"><span class='ocrx_word' id='word_1_417' title='bbox 208 4449 315 4525; x_wconf 86' lang='lat' dir='ltr'>Neque</span> <span class='ocrx_word' id='word_1_418' title='bbox 329 4462 365 4505; x_wconf 90' lang='lat' dir='ltr'>ea</span> <span class='ocrx_word' id='word_1_419' title='bbox 377 4444 466 4507; x_wconf 88' lang='lat' dir='ltr'>verba</span> <span class='ocrx_word' id='word_1_420' title='bbox 481 4443 580 4523; x_wconf 79' lang='lat' dir='ltr'>alege</span> <span class='ocrx_word' id='word_1_421' title='bbox 595 4447 709 4527; x_wconf 77' lang='lat' dir='ltr'>seligat,</span> <span class='ocrx_word' id='word_1_422' title='bbox 725 4435 792 4526; x_wconf 78' lang='lat' dir='ltr'>qum</span> <span class='ocrx_word' id='word_1_423' title='bbox 811 4458 882 4507; x_wconf 87' lang='lat' dir='ltr'>sunt</span> <span class='ocrx_word' id='word_1_424' title='bbox 894 4446 1110 4508; x_wconf 83' lang='lat' dir='ltr'>humanissima</span> <span class='ocrx_word' id='word_1_425' title='bbox 1130 4447 1242 4520; x_wconf 88' lang='lat' dir='ltr'>auditu,</span> <span class='ocrx_word' id='word_1_426' title='bbox 1254 4447 1307 4508; x_wconf 86' lang='lat' dir='ltr'>scd</span> 
     </span>
    </p>
   </div>
   <div class='ocr_carea' id='block_1_3' title="bbox 0 0 1466 4946">
    <p class='ocr_par' dir='ltr' id='par_1_5' title="bbox 0 0 1466 4946">
     <span class='ocr_line' id='line_1_46' title="bbox 0 0 1466 4946; baseline 0 0"><span class='ocrx_word' id='word_1_427' title='bbox 0 0 1466 4946; x_wconf 95' lang='lat' dir='ltr'> </span> 
     </span>
    </p>
   </div>
  </div>
 </body>
</html>
