2948 4954
389 321 445 380 DE
466 321 729 386 RHODIORUM
749 325 996 390 LIBERTATE.
1191 323 1247 386 139

147 471 325 534 defendisse.
365 475 442 542 Quae
453 466 527 540 ,curn
545 479 763 558 conspicientur
774 482 812 540 ab
825 480 970 551 omnibus,
985 479 1123 554 efficietis,
1133 489 1169 540 ut
1179 499 1244 542 om-

148 585 202 624 nes
211 565 318 644 plebeii
330 566 362 626 in
369 567 535 630 civitatibus
550 571 703 632 amicitiam
717 585 842 634 vestram
862 573 1071 634 incolumitatis
1094 592 1156 632 sues
1178 582 1242 632 tan·

146 679 235 736 quarn
248 669 390 720 tesseram
403 681 467 722 esse
474 663 626 741 judicent:
649 684 743 742 neque
751 666 910 725 verovobis
920 666 1012 725 ullum
1025 665 1120 744 majus
1132 666 1243 726 bouum

146 749 243 810 offerri
257 763 358 830 queat,
373 773 460 832 quam
484 756 510 814 si
530 775 631 815 omnes
653 755 730 817 ultro
741 757 944 818 benevolentia
955 776 1008 816 vos
1022 757 1109 816 nullis
1120 758 1243 837 suspici·

146 843 251 903 onibus
265 846 394 906 obnoxia
407 858 629 926 prosequantur.
739 919 744 922 „

150 976 152 982 -
189 940 220 996 3.
239 938 333 998 Miror
343 949 452 1014 autem,
462 961 529 1000 cum
543 941 662 1004 eosdem
674 943 761 1002 video
772 943 895 1004 suadere
906 941 1025 1014 civitati,
1037 957 1069 1002 ut
1078 961 1129 1020 pro
1142 943 1241 1002 delen·

149 1029 233 1090 sione
249 1031 449 1110 AEgyptiorum
475 1033 629 1096 Persarum
652 1035 713 1114 regi
732 1036 911 1106 adversetur,
922 1035 953 1098 in
966 1050 1057 1094 causa
1071 1034 1181 1094 Rhodii
1193 1055 1245 1114 po-

130 1123 213 1203 apuli
236 1124 364 1184 eundem
384 1125 467 1186 illum
487 1127 634 1188 bominem
656 1129 821 1190 formidare.
863 1129 939 1188 Cum
960 1126 1014 1188 hos
1035 1147 1100 1190 esse
1122 1128 1245 1191 Graecos

147 1217 356 1278 sciantomnes
366 1239 383 1286 ;.
396 1219 463 1278 illos
478 1221 533 1278 sub
547 1220 624 1280 illius
636 1221 758 1301 imperio
771 1221 886 1282 cadere.

155 1373 158 1380 ,
187 1313 220 1370 4.
241 1311 354 1388 Opinor
365 1321 463 1372 entem
476 1312 643 1374 meminisse
656 1324 783 1374 vestrum
797 1314 952 1393 quosdam,
965 1334 1033 1375 curn
1045 1315 1083 1375 de
1100 1313 1181 1393 regio
1193 1333 1244 1374 ne·

149 1402 230 1481 gotio
241 1403 459 1476 deliberaretur,
467 1424 513 1464 me
526 1425 580 1484 pro
593 1406 736 1466 concione
745 1407 896 1468 monuisse.
904 1405 1038 1488 primum,
1047 1426 1084 1468 ac
1093 1407 1149 1467 nisi
1161 1407 1248 1468 fallor

117 1567 121 1572 1
150 1495 244 1554 solum
257 1495 345 1556 etiam
362 1505 415 1556 aut
435 1497 579 1557 duntaxat
595 1517 661 1557 cum
672 1498 774 1570 altero,
787 1499 877 1558 videri
896 1497 966 1558 mihi
980 1500 1127 1578 sapienter
1139 1518 1191 1559 vos
1201 1500 1247 1560 fa·
1355 1525 1357 1532 ⁴

150 1598 261 1660 ctnros,
275 1589 302 1649 si
314 1608 432 1649 causam
445 1591 654 1664 instructionis,
669 1611 728 1651 non
741 1591 905 1652 inimicitias
919 1611 985 1668 quse
995 1609 1061 1650 cum
1074 1610 1110 1650 eo
1123 1591 1247 1652 interce·

151 1681 256 1740 derant
267 1682 496 1760 proemnderetis,
511 1683 564 1742 sed
578 1683 603 1742 si
616 1692 647 1743 et
657 1684 905 1744 adversuscertos
918 1682 1017 1742 hostes
1030 1702 1082 1742 vcs
1097 1683 1249 1762 pararetis,

152 1781 184 1832 et
195 1773 277 1833 illum
292 1775 389 1848 etiam,
404 1775 429 1835 si
447 1779 500 1835 vos
520 1777 665 1836 lacessere
687 1777 862 1849 institueret,
880 1775 1100 1836 ulcisceremini.
1141 1775 1250 1854 Neque

152 1885 221 1927 vero
233 1887 290 1946 ego
303 1886 371 1926 cum
387 1868 452 1928 haec
465 1868 612 1940 dixissem,
626 1869 708 1928 vobis
726 1889 785 1928 non
799 1879 878 1928 recte
899 1867 996 1928 dicere
1014 1868 1182 1941 sumvisus,
1194 1870 1248 1931 sed

151 1959 234 2020 vobis
249 1960 337 2020 etiam
352 1960 453 2020 eadem
465 1959 649 2040 placuerunt.
691 1961 779 2026 Quod
793 1959 880 2038 igitur
891 1978 969 2018 nunc
988 1958 1094 2032 dicam,
1109 1959 1140 2020 id
1160 1963 1249 2022 orati-

150 2051 215 2112 onis
225 2059 297 2112 tunc
304 2051 411 2114 habites
422 2054 541 2132 sequela
554 2053 623 2110 erit:
645 2051 802 2130 egoenim,
816 2052 841 2111 si
855 2071 905 2110 rex
919 2071 965 2110 me
974 2051 1033 2111 illic
1048 2051 1203 2130 degentem
1216 2055 1247 2113 in

151 2144 305 2204 consilium
316 2145 476 2216 adhiberet,
489 2144 565 2201 idem
580 2142 608 2201 ei
620 2142 772 2202 suaderem
783 2141 862 2220 quod
876 2143 976 2202 vobis:
999 2143 1042 2202 Ut
1055 2161 1107 2220 pro
1116 2163 1170 2203 sua
1182 2144 1251 2206 diti·

150 2255 207 2296 one
221 2237 333 2294 bellum
344 2245 467 2313 gereret,
481 2233 506 2292 si
520 2233 584 2311 quis
600 2232 803 2310 adversaretur
816 2233 984 2292 Graecorum
996 2253 1004 2302 ;
1026 2238 1252 2312 quoeveronihil

150 2329 273 2388 adeum
292 2326 459 2396 attinerent,
476 2346 577 2386 eorum
598 2325 780 2387 dominatum
796 2326 840 2384 uti
860 2344 978 2404 prorsus
997 2345 1057 2386 non
1069 2327 1249 2394 vendicaret.

152 2421 242 2488 Quod
258 2420 285 2478 si
307 2421 426 2479 omniuo
450 2419 630 2491 decrevistis,
645 2419 849 2491 Athenienses,
863 2417 1002 2498 quicquid
1016 2419 1082 2478 Rex
1099 2423 1249 2500 occuparit

152 2513 369 2574 antevertendis
388 2523 419 2572 et
442 2512 620 2592 decipiendis
642 2512 814 2592 oppidorum
837 2511 1061 2590 magistratibus,
1074 2513 1248 2588 concedere,

152 2625 212 2665 non
230 2616 310 2664 recte
328 2603 495 2664 decrevistis
517 2616 550 2663 ut
570 2624 625 2683 ego
636 2604 748 2682 judico.
764 2621 768 2630 ’
789 2604 842 2664 sin
855 2604 971 2664 tuendae
981 2604 1103 2684 justine
1116 2625 1207 2668 causa
1218 2617 1251 2669 et

151 2698 230 2758 bella
240 2697 381 2776 gerenda,
395 2697 421 2758 ei
441 2697 479 2755 sit
499 2697 751 2776 opus,etqnidvis
771 2696 993 2776 perpetiendum
1016 2715 1081 2757 esse
1101 2700 1249 2776 putabitis,

153 2790 275 2869 primum
297 2798 378 2848 tanto
391 2788 488 2846 miuus
506 2789 563 2848 hoc
582 2807 701 2849 necesse
713 2789 795 2850 vobis
808 2789 997 2867 erit,quanto
1015 2793 1197 2875 constantius
1209 2793 1252 2854 ita

152 2880 305 2948 sentietis;
326 2879 431 2940 deinde
442 2880 595 2940 consilinm
609 2890 640 2941 et
645 2881 789 2961 judicium
799 2891 930 2942 ¹vestrum
937 2883 1115 2959 probabitur.

152 3001 168 3029 .·
197 2977 228 3032 5.
247 2974 314 3033 Jam
327 2982 362 3032 ut
371 2973 482 3050 scietis,
491 2993 587 3052 neque
600 2994 647 3033 me
658 2975 814 3053 quicquam
827 2973 893 3033 novi
914 2973 1009 3034 dicere
1022 2975 1073 3052 qui
1085 2976 1249 3040 libertatem

152 3064 395 3125 Rhodiisrestitui
401 3065 531 3144 jubeam,
541 3085 636 3144 neque
648 3066 751 3137 vos,'si
763 3065 832 3126 mihi
847 3064 1031 3136 auscultatis,
1044 3064 1249 3140 facturos,rem

153 3159 383 3237 quandamque
397 3157 518 3217 et'lacta
537 3159 745 3238 estetprofuit
763 3157 844 3218 vobis
866 3157 896 3216 in
918 3156 1086 3217 memoriam
1099 3162 1263 3221 revocabar
1317 3236 1318 3246 ἵ

154 3253 220 3312 .Vos
233 3252 420 3312 Timotheum
428 3251 588 3330 ,aliquando
598 3271 663 3311 cum
676 3251 796 3329 imperio
809 3249 940 3319 misistis,
953 3248 1155 3323 Athenienses,
1166 3271 1252 3332 opem

154 3347 283 3408 laturum
296 3346 546 3417 Ariobarzani,'ad
560 3343 708 3405 decretum
720 3343 777 3402 bac
786 3343 901 3418 adjecta
911 3340 1052 3413 clausula,
1062 3353 1096 3402 ut
1107 3363 1144 3404 ne
1157 3344 1252 3407 foedus
1339 3357 1341 3362 ’

155 3439 265 3499 iactum
282 3457 351 3499 cnm
363 3438 450 3516 Rege
459 3437 591 3498 violaret.
632 3436 709 3497 Cum
723 3444 820 3494 autem
834 3433 882 3494 ille
896 3433 1009 3494 videret
1027 3433 1252 3499 Ariobarzanem

155 3536 254 3616 palam
268 3533 425 3594 descivisse
439 3552 458 3590 a
474 3532 568 3610 Rege,
585 3532 703 3590 Samum
717 3537 815 3590 autem
838 3527 975 3606 praesidio
997 3527 1089 3588 teneri
1109 3546 1129 3587 a
1142 3529 1253 3608 Cypro·

155 3629 294 3700 themide,
308 3631 403 3706 quern
418 3625 559 3704 Tigranes
581 3625 673 3702 Regis
695 3623 852 3702 praefectus
866 3620 930 3682 urbi
942 3621 1121 3699 prefecerat,
1134 3620 1176 3682 illi
1189 3622 1255 3700 qui·

155 3721 225 3780 dem
239 3740 325 3799 opem
338 3719 412 3778 ferre
423 3718 578 3788 recusavit,
593 3717 668 3776 hanc
678 3735 747 3776 vero
757 3715 906 3774 obsidione
919 3714 1010 3774 cinxit
1023 3713 1186 3792 auxilioque
1200 3733 1254 3778 suo

155 3813 308 3880 liberavit:
330 3831 387 3872 nec
400 3812 432 3870 in
443 3811 522 3871 hunc
536 3830 630 3888 usque
645 3810 723 3870 diem
741 3808 849 3869 bellurn
868 3818 1022 3887 propterea
1034 3807 1117 3868 vobis
1139 3805 1254 3868 illatum

155 3915 224 3965 est:
243 3923 331 3964 nemo
344 3904 421 3964 enim
435 3907 479 3963 'est
492 3903 542 3981 qui
554 3903 618 3982 pari
630 3901 816 3962 contentione
834 3910 926 3960 certet
939 3901 1103 3979 rapinarum
1121 3918 1213 3960 causa
1225 3913 1256 3964 at

158 4015 231 4075 opes
247 3997 377 4076 proprias
389 3995 588 4056 defendendi:
608 3995 662 4054 sed
680 4014 732 4074 pro
750 3993 796 4052 his
807 4013 876 4071 qum
885 3993 922 4051 de
935 4011 990 4050 suo
999 3990 1177 4066 auferuntur,
1191 4013 1254 4056 orn-

159 4107 217 4146 nes
230 4107 343 4166 summa
355 4088 384 4148 vi
402 4098 556 4167 pugnam
578 4088 618 4148 de
635 4087 740 4148 finibus
763 4096 862 4147 autem
881 4081 1079 4164 propagandis
1093 4085 1255 4165 opibusque
1292 4099 1295 4108 '

159 4179 314 4258 augendis,
327 4200 387 4240 non
401 4182 469 4240 item
481 4201 490 4240 r
506 4189 646 4259 appetunt
658 4179 700 4237 illi
710 4179 827 4257 quidem
838 4175 940 4246 aliena,
952 4175 1074 4236 sinemo
1086 4177 1256 4256 probibeatr

157 4273 207 4333 siu
214 4273 383 4344 obsistatur,
397 4293 430 4333 se
443 4275 480 4333 ab
492 4273 541 4332 his.
550 4273 601 4350 qni
615 4271 760 4333 adversati
767 4277 838 4330 sunt
850 4268 943 4326 laesos¹
951 4287 1019 4328 esse
1032 4287 1091 4331 non
1100 4279 1215 4347 putant.

197 4371 230 4426 6.
252 4364 438 4424 Artemisiam
453 4383 539 4445 porro
561 4384 599 4422 ne
613 4364 829 4425 adversaturam
851 4358 969 4438 quidem
981 4380 1047 4420 esse
1059 4361 1128 4420 huic
1150 4362 1257 4438 agendi

160 4457 379 4529 consuetudini,
392 4456 444 4517 ubi
456 4463 559 4518 nostra
570 4457 642 4516 urbs
652 4454 713 4534 jam
728 4453 878 4532 negotium
896 4453 1066 4532 susceperit,
1080 4451 1182 4530 paucis
1206 4473 1258 4513 au·
