2912 4946
377 273 553 346 ιοιιιιιι·
574 237 921 346 ιιιιιιοιιιιοιιιιι
945 285 975 374 r.¹
1120 371 1124 381 Ι
1161 287 1220 366 ιιι

123 449 218 501 autem
237 441 359 515 civibus,
381 433 414 504 ιιι
434 437 621 507 maledictum
635 445 688 506 ad
696 465 782 550 quarn
797 445 991 526 paucissimos
1004 446 1158 532 pertineat,
1174 445 1219 505 di·
1239 515 1241 520 ,

122 530 276 610 scipnhrm,
291 543 341 596 aut
355 557 378 594 st
372 537 491 609 'vultis
512 539 662 598 doctorem
684 538 758 618 ej'us,
774 538 970 598 Philocratem
990 537 1170 626 Eleusiniam
1184 538 1220 598 il·

120 621 191 694 lum,
205 627 298 685 solum
313 630 402 688 talem
416 651 480 691 esse
490 641 594 692 statuo.
617 631 685 690 Non
698 631 768 709 quin
783 631 881 710 plures
895 631 964 703 sint,
965 632 1118 691 —utinam
1138 632 1218 716 enim

119 735 205 776 nemo
227 719 300 779 alius
317 721 518 802 Aristogitone
533 723 777 794 delectaretur-3
795 721 849 781 sed
862 723 932 800 quia
953 721 983 781 in
1006 739 1053 795 eo,
1073 723 1162 802 quod,¹
1186 733 1219 782 ιιι

118 808 202 889 vobis
216 814 470 887 contumeliosum,
481 815 578 875 dicere
588 831 700 884 vereor,
714 834 808 893 neque
821 815 894 874 alios
908 833 982 875 ame
993 815 1077 875 cives
1085 815 1219 876 accusari

118 883 237 978 publice
254 903 351 966 decet.
376 907 494 966 Deinde
507 907 584 966 idem
599 907 710 996 efficiet
720 907 806 969 etiam
828 906 964 966 inunum
985 907 1097 968 directe
1117 907 1224 968 oratio..

117 993 163 1052 Ac
178 995 257 1076 quali
271 1015 337 1056 eum
352 1017 418 1058 esse
433 999 609 1104 praeditum
602 991 720 1078 ingenio
741 1017 863 1059 necesse
885 1000 933 1070 sit,
954 996 1003 1078 quir
996 987 1219 1080 Aristogitone

117 1085 257 1176 gaudeat,
276 1088 433 1149 subtilius
425 1091 570 1170 roquirere
584 1091 728 1162 omittam,
747 1111 784 1150 ne
800 1081 898 1150 multis
912 1092 955 1149 uti
969 1091 1132 1180 maledictis
1147 1091 1219 1151 milri

117 1180 307 1241 sitnecesse:
329 1182 511 1244 illudentem
526 1183 603 1255 dico,
624 1203 649 1242 ιι
641 1183 810 1263 improbus
824 1193 875 1244 ιιι
881 1171 1055 1275 rlristoglto,¹
1070 1184 1133 1243 sine
1146 1203 1218 1244 con-

115 1271 267 1344 troversia,
281 1284 312 1333 et
325 1277 458 1347 acerbus,
476 1286 507 1336 et
524 1276 729 1346 calumniator,
750 1285 781 1334 et
793 1273 859 1343 talis
874 1275 994 1352 qualem
1005 1289 1038 1336 se
1055 1295 1118 1336 esse
1124 1277 1218 1355 polli-

115 1373 208 1437 cetur,
230 1365 346 1445 largior,
360 1367 493 1428 concedo
508 1369 569 1441 tibi,
583 1368 777 1438 Philocrates,
793 1366 860 1426 talis
874 1365 941 1426 cur'n
955 1368 1008 1440 sis,
1030 1369 1074 1428 tui
1094 1369 1217 1430 similem

113 1465 149 1516 ut
163 1457 322 1526 delendas:
338 1481 441 1520 namsi
434 1461 595 1539 reliqni'
571 1479 649 1520 cives
663 1479 775 1527 omnes,
788 1459 871 1519 etita
885 1469 955 1519 sunt
968 1459 1074 1532 affecti,
1083 1471 1118 1520 ut
1131 1481 1217 1548 opor-

115 1556 168 1617 tet,
193 1560 225 1610 et
249 1551 329 1629 leges
351 1555 519 1624 observant,
542 1553 614 1612 nihil
642 1552 721 1612 istud
745 1551 913 1630 reipublicae
934 1542 1218 1614 incommodatumm

113 1642 256 1702 arbitror:
282 1644 327 1701 sin
349 1663 443 1724 caupo
466 1655 512 1704 est
533 1639 740 1724 improbitatis,
757 1654 792 1704 et
805 1661 915 1720 mango
939 1641 1162 1738 sordidissimus,
1186 1657 1217 1706 et

112 1734 246 1810 pmpola,
258 1745 288 1794 et
301 1755 337 1794 ea
351 1755 417 1813 quae
432 1735 645 1814 unquamegit,
659 1743 772 1794 tantum
791 1753 850 1793 uon
871 1731 1025 1796 ιιιιιιιῖιι
1038 1733 1216 1816 ponderibus

66 1873 73 1884 .
113 1825 255 1910 adhibitis
265 1827 407 1900 vendidit,
424 1828 496 1906 quid
509 1829 635 1899 istum,o
649 1828 756 1905 inepte,
771 1826 871 1888 acuis?
894 1827 999 1906 Neque
1012 1825 1090 1888 enim
1102 1831 1217 1890 meher-

113 1918 184 1979 cule
200 1939 274 1979 coco
294 1920 374 1979 ullus
395 1939 468 1980 usus
488 1930 535 1980 est
555 1921 641 1980 cultri
664 1917 786 1990 hebetia,
811 1939 907 1999 neque
928 1922 955 1980 ei
969 1922 1019 2000 qui
1037 1941 1090 2001 per
1109 1941 1142 1982 se
1154 1925 1218 1984 vult

113 2010 236 2088 negotia
243 2012 361 2083 lacessi,
370 2021 401 2071 et
410 2012 487 2070 mala
498 2013 560 2072 dari
572 2013 717 2082 omnibus,
727 2013 920 2072 calumniator
928 2013 1100 2073 venditurus
1109 2016 1217 2088 omnia,

112 2105 274 2180 quicquam
282 2105 412 2182 prodest.
446 2104 549 2164 Talem
561 2107 660 2174 autein
671 2103 735 2164 esse
749 2105 837 2163 istum
852 2103 953 2163 scienti
962 2105 1014 2164 tibi
1023 2105 1129 2168 dicam.
1150 2108 1217 2168 Me-

113 2195 226 2254 ministi
245 2207 278 2254 ut
292 2195 496 2274 llegemonern
510 2196 591 2256 loesae
614 2196 776 2277 majestatis
790 2215 872 2254 reum
882 2196 995 2255 fecerit.
1018 2196 1059 2256 Ut
1072 2195 1110 2258 ab
1128 2217 1217 2259 accu-

44 2329 47 2334 -
111 2287 211 2347 sando
226 2288 359 2347 Demade
372 2290 628 2368 acceptapecunia
642 2288 796 2370 destiterit.
820 2287 864 2348 Ut
875 2288 1061 2367 Agathouem
1074 2291 1216 2352 olearium
1283 2313 1289 2326 ⁸

110 2380 236 2440 ιιιιιιιιιιι
247 2380 359 2440 lecerit
389 2381 466 2439 Cum
480 2379 557 2440 enim
572 2381 684 2440 dudum
699 2380 861 2444 clamitaret
875 2388 905 2440 et
914 2381 1132 2456 vociferaretur,
1141 2382 1216 2462 proh

111 2471 216 2532 divum
237 2481 324 2550 atque
343 2471 605 2544 hominum'fidem,
626 2484 655 2537 et
668 2491 722 2553 pro
735 2471 878 2532 concione
893 2471 1000 2530 ctelum
1014 2471 1098 2531 te'rrae
1113 2474 1217 2535 misce-

109 2577 171 2639 ret,
186 2566 364 2644 questiones
376 2565 528 2626 habendas
550 2566 724 2640 clamitaret,
744 2567 867 2643 accepta
880 2582 1056 2644 quacunque
1072 2566 1217 2668 mercede,

110 2677 283 2738 quanquam
307 2677 533 2737 praesenseram
561 2657 587 2716 is
610 2658 818 2732 absolveretur,
842 2656 996 2716 obmutuit.
1016 2657 1056 2716 ln
1072 2661 1216 2722 accusatu

109 2753 154 2812 do
177 2749 319 2810 Democle
339 2750 546 2829 perduellionis
567 2767 627 2822 reo,
647 2731 864 2809 accusationem
879 2767 937 2827 quo
938 2749 1072 2828 rejecit?
1088 2751 1217 2814 Αιιιιιι-
1239 2825 1248 2840 ,

109 2843 199 2902 finita
219 2853 298 2910 sunt,
321 2859 444 2920 quorum
467 2839 547 2900 mihi
555 2841 721 2900 meminisse
742 2839 874 2916 omniurn
893 2838 1070 2900 laboriosum
1091 2854 1155 2903 est:
1187 2857 1216 2905 te

110 2945 213 2996 autern
226 2935 314 2994 etiam
328 2935 463 3012 exempla
474 2933 586 2992 illarum
602 2933 749 2994 actionum
763 2932 871 2994 babere
891 2932 953 2992 scio
953 2952 1029 3014 ,qut
1021 2933 1087 2993 ι11ι
1098 2945 1217 3016 propter

108 3029 224 3110 proedae
238 3029 408 3089 societatem
423 3029 598 3089 subservias.

111 3123 207 3181 1.1.
229 3122 302 3190 Quis
322 3121 411 3200 igitur
423 3131 469 3182 est
471 3142 538 3202 ,qur
531 3121 640 3182 talem
656 3120 774 3182 tuetur?
793 3122 899 3193 bonus,
914 3139 951 3180 arr
963 3117 1080 3192 malus?
1101 3121 1215 3185 Malus.

109 3213 340 3282 Quamobrem?
362 3214 439 3276 Nam
454 3223 484 3276 et
500 3215 544 3274 sui
563 3213 701 3273 similium
714 3225 761 3273 est
770 3211 911 3292 proditor
923 3211 953 3272 ιι
965 3214 1108 3273 bonorum
1123 3215 1217 3276 bostis

108 3319 220 3366 natura
234 3317 264 3366 et
278 3324 406 3385 genere.
428 3305 482 3366 nisi
494 3305 559 3386 quis
568 3304 784 3366 calumniatoris
798 3315 828 3364 et
841 3304 966 3364 hominis
980 3305 1104 3385 improbi
1115 3325 1228 3368 semen

108 3411 146 3459 et
160 3399 298 3470 radicem,
307 3409 359 3458 ut
363 3398 501 3476 agricola,
516 3395 708 3476 relinquenda
722 3417 788 3456 esse
801 3407 903 3466 censet
915 3396 1027 3476 reipub.
1053 3398 1142 3467 Quod
1156 3419 1217 3460 non

108 3503 163 3552 est
182 3490 347 3564 honestum,
371 3487 575 3563 Athenienses,
598 3500 697 3595 atque,
718 3490 759 3549 ita
775 3509 822 3549 me
843 3489 889 3548 dii
899 3501 1009 3563 ament,
1023 3487 1108 3552 nefas
1128 3494 1214 3553 etiam
1237 3551 1243 3560 ,

107 3603 180 3645 esse
190 3583 334 3644 existimo.
348 3581 453 3661 Neque
462 3583 539 3645 enim
549 3579 674 3663 majores
684 3583 767 3642 vobis
781 3582 835 3641 has
849 3581 945 3642 curias
958 3582 1122 3644 edificasse
1134 3595 1218 3662 puto,

108 3685 150 3736 ιιι
162 3676 243 3736 istud
260 3671 410 3736 bominum
430 3695 524 3754 genus
538 3676 569 3736 in
591 3678 634 3735 eis
657 3685 796 3756 tanquam
812 3673 985 3736 viviradices
1004 3677 1218 3756 propagaretis,

107 3767 171 3830 sed
186 3777 298 3840 conus,
310 3777 345 3828 ut
355 3767 543 3842 coerceretis,
556 3777 586 3826 et
598 3767 750 3846 puniretis,
761 3783 855 3846 neque
868 3767 1024 3846 quisquam
1033 3769 1218 3840 aemularetur

107 3869 170 3922 aut
183 3869 333 3939 appeteret
355 3860 579 3940 improbitatem.
602 3859 730 3918 Omnino
744 3869 840 3918 autem
855 3859 886 3918 id
901 3868 947 3918 est
966 3855 1159 3936 improbitatis
1173 3863 1218 3921 in·

67 3951 75 3962 '
107 3953 245 4034 gestium,
267 3962 302 4010 ut
317 3952 379 4012 sine
396 3952 510 4031 magnis
528 3950 646 4030 reprimi
664 3949 887 4020 difficultatibus
901 3947 982 4009 haud
995 3952 1099 4030 possit.
1141 3954 1218 4014 Cum

105 4046 193 4116 enim
208 4043 369 4123 Aristogito
382 4045 412 4104 in
425 4044 586 4103 manifestis
599 4042 711 4118 injuriis
725 4052 890 4114 accusetur,
901 4052 935 4100 ιι
944 4061 1004 4100 non
1013 4041 1083 4112 olim
1093 4045 1219 4121 perierit,

106 4123 189 4220 quid
202 4137 371 4210 faciendum
386 4148 442 4207 est,
456 4146 509 4195 aut
524 4133 701 4195 dicendum?
742 4134 800 4200 Qui
814 4153 849 4192 eo
863 4131 944 4192 'venit
963 4133 1166 4212 improbitatis,
1185 4149 1219 4198 ut

99 4235 177 4315 jam
190 4241 361 4300 accusatus,
375 4229 534 4299 clamitare,
547 4225 870 4298 calumniari,'minitati
884 4224 1124 4287 non-desisteret.
1135 4231 1137 4236 '
1147 4229 1220 4296 Qui·
1301 4281 1304 4288 .

100 4328 172 4385 bus
186 4323 262 4382 enirn
276 4341 330 4381 vos
346 4341 394 4380 res
409 4321 552 4381 maximas
566 4319 732 4388 credebatis
744 4317 880 4390 ducibus,
891 4317 960 4395 quia
972 4337 1107 4379 nummos
1120 4321 1146 4378 ei
1164 4341 1217 4399 po·

104 4415 235 4490 stulanti
257 4414 462 4487 nondabant,
484 4413 526 4474 eis
548 4433 603 4478 nec
623 4412 725 4484 fimeta
743 4409 955 4485 committenda
966 4429 1034 4472 esse
1046 4411 1202 4480 dictitabat

671 4506 688 4562 3
712 4524 730 4563 u
