2886 4946
406 295 415 404 f
496 319 737 388 PH1L1PP10A
760 321 817 384 ιν.
1151 325 1211 385 103

101 478 163 541 fist
180 487 212 540 et
229 477 376 552 fortassis,
388 477 592 554 Athenienses,
612 478 756 554 fortassis,
768 487 811 540 -ut
832 495 886 542 vos
903 496 984 539 nunc
1008 477 1208 554 sciscitamini,

7 603 8 618 r
102 571 173 652 quid
190 571 253 654 agit
277 571 441 652 Philippus,
463 583 493 633 et
511 591 571 652 quo
584 572 796 653 proficiendum
817 572 860 634 sic
883 580 914 632 et
935 572 985 632 ille
996 572 1129 634 solicitus
1144 571 1211 648 erit,
1283 595 1285 603 ⁴

100 686 157 746 quo
167 676 281 736 nostrae
293 667 374 726 urbis
394 667 487 746 copiae
507 687 539 727 se
552 666 739 741 contulerint,
756 686 816 746 quo
827 677 974 746 erupturae
984 667 1053 728 sint.
1089 655 1091 658 ⁵

143 761 172 819 7.
196 760 287 824 Quod
298 759 323 820 si
335 759 384 820 cui
398 759 643 820 videnturhaecct
652 759 751 839 magni
760 768 904 840 sumptim,
914 769 945 819 et
953 759 1062 820 laboris
1072 758 1218 840 ingentis,

103 861 133 912 et
145 852 352 932 occupationis
363 871 438 924 esse,
451 851 570 913 omnino
582 861 661 913 recte
672 851 825 913 videntur:
847 851 899 912 sed
914 850 938 912 si
952 851 1029 912 idem
1048 870 1151 912 secum
1163 870 1213 911 re-

102 954 198 1024 putet,
210 965 277 1024 quae
292 945 404 1025 reipub.
415 955 484 1024 post
496 957 636 1006 eventura
649 945 718 1020 sint,
729 945 784 1006 nisi
796 945 861 1005 haec
874 945 970 1006 fecere
983 944 1116 1017 voluerit,
1129 945 1217 1006 inve--

101 1039 162 1100 niet
174 1039 316 1120 expedire
325 1049 360 1100 ut
373 1039 500 1101 officium
513 1041 590 1101 ultro
598 1040 750 1102 faciamus.
791 1041 869 1102 Nem
880 1040 905 1101 si
915 1040 1109 1120 quisdeorum
1120 1059 1218 1121 spon-¹

101 1151 150 1192 sor
163 1133 252 1192 nobis
267 1132 453 1211 sit-neque
463 1133 540 1193 enim
554 1132 719 1192 mortalium
729 1133 781 1193 ulli
794 1143 878 1194 tanta
886 1132 923 1193 de
932 1153 963 1194 re
971 1131 1046 1194 fides
1054 1132 1155 1194 heberi
1163 1143 1212 1195 tu-

102 1237 133 1286 to
146 1235 303 1306 posset—‚
317 1245 396 1299 eum,
410 1227 435 1285 si
445 1246 498 1286 vos
509 1227 600 1286 otium
614 1225 722 1303 agatis,
732 1234 763 1284 et
774 1226 929 1306 negligatis
942 1225 1051 1302 omnia,
1069 1245 1134 1286 non
1143 1235 1219 1286 tan-.

103 1319 172 1378 dem
187 1318 220 1378 in
234 1338 288 1380 vos
302 1320 382 1400 ipsos
401 1318 581 1391 invasurum,
598 1326 684 1396 turpe
698 1318 828 1396 quidem,
841 1318 957 1400 Jupiter
971 1318 1070 1399 diique
1082 1339 1193 1381 ‹omnas
1202 1323 1218 1380 l

100 1411 201 1486 fuerit,
216 1421 306 1492 atque
326 1412 480 1492 indignum
501 1412 594 1484 vobis,
608 1423 639 1474 et
663 1411 800 1492 prasenti
816 1411 959 1491 dignitate
976 1413 1048 1492 reip.
1071 1421 1102 1473 et
1119 1413 1219 1473 rebus-

102 1505 197 1584 gestis
212 1505 368 1585 majorum,
381 1506 419 1566 ob
432 1505 578 1586 privatum
591 1515 722 1566 vestrum
735 1504 827 1564 otium
840 1504 965 1584 reliquos
975 1504 1096 1566 Graecos
1106 1525 1219 1568 omnes·

102 1599 232 1674 objicere
249 1597 397 1660 servituti.
437 1597 484 1658 Ac
507 1617 563 1678 ego
580 1596 700 1677 quidem
718 1597 780 1676 ipse
804 1607 929 1658 mortem
951 1607 1087 1678 oppetere
1101 1598 1212 1674 malim,

104 1709 195 1770 quam
209 1689 284 1752 talia
298 1689 433 1758 suadere.
473 1689 582 1750 Verum
596 1690 621 1750 si
635 1690 700 1770 quis
715 1689 788 1749 alius
797 1689 829 1748 id
843 1689 923 1764 dicit,
936 1690 1075 1771 vobisque
1089 1711 1212 1771 persua·

105 1782 167 1854 det,
177 1792 266 1853 esto;
286 1801 325 1843 ne
339 1782 487 1843 defendite
500 1801 564 1855 vos,
579 1783 695 1863 abjicite
709 1782 825 1843 omnia:
845 1783 891 1843 sin
906 1782 963 1843 hoc
974 1782 1082 1843 nemini
1094 1783 1220 1844 consul-.
1260 1799 1264 1823 ¹

104 1887 165 1936 tum
181 1876 312 1950 videtur,
325 1885 485 1956 contraque
498 1876 669 1956 praescimns
684 1896 795 1950 omnes,
815 1896 875 1955 qno
892 1877 1026 1957 pluribus
1042 1899 1110 1938 eum
1124 1879 1213 1958 potiri

104 1972 251 2043 sinamus,
264 1989 301 2029 eo
323 1987 378 2028 nos
398 1970 538 2029 acuerem
559 1969 642 2029 illum
661 1978 692 2029 ct
711 1969 906 2048 potentiorem
926 1970 1038 2032 hostem
1052 1969 1215 2035 habituros}

104 2065 186 2130 Quid
202 2060 445 2140 subterfugimus,
460 2072 512 2121 aut
525 2063 597 2141 quid
607 2071 789 2150 cunctamur,
803 2071 855 2122 aut
864 2064 994 2142 quando,
1004 2065 1223 2143 Athenienses,

104 2157 204 2218 officio
216 2155 305 2235 fungi
318 2153 469 2215 volemusi
491 2153 568 2214 Cum
582 2156 746 2234 perJovem
760 2155 922 2216 necessitas
937 2156 1034 2235 aliqua
1047 2159 1149 2219 fuerit-f
1170 2160 1224 2220 ‘At-

104 2271 172 2331 quse
185 2250 346 2310 liberorum
360 2248 510 2308 hominnm
525 2249 686 2310 necessitas
699 2249 758 2308 dici
769 2258 866 2329 queat,
877 2269 939 2309 non
948 2249 1035 2310 modo
1043 2255 1107 2327 jam
1117 2250 1218 2328 adest,

104 2344 158 2405 sed
168 2341 350 2424 jampridem
360 2341 447 2401 etiarn
461 2341 492 2401 se
504 2342 625 2403 obtulit:
641 2343 750 2403 servilis
761 2343 966 2404 autemillane
975 2343 1101 2422 ingruat,
1113 2347 1213 2426 utique
1256 2351 1260 2357 '

103 2436 339 2516 estoptandnnr.
380 2433 460 2504 Quid
474 2454 543 2494 vero
552 2434 691 2496 interest?
712 2433 801 2502 Qu'od
811 2435 922 2495 homini
932 2435 1024 2505 libero
1035 2439 1160 2498 maxima
1170 2449 1216 2500 est
1321 2513 1324 2518 ι

104 2529 281 2602 necessitas,
299 2546 397 2589 rerum
420 2537 568 2608 gestarum
591 2528 722 2590 dedecus
733 2548 742 2598 ;
764 2548 859 2608 eaque
880 2528 1073 2606 majorhaud
1092 2530 1154 2591 scio
1174 2551 1230 2592 au¹¹

105 2623 169 2684 ulla
182 2622 239 2682 sit:
261 2641 346 2682 servo
369 2631 478 2694 autam,
491 2620 589 2701 plagas
612 2630 644 2682 et
666 2621 797 2701 corporis
812 2622 977 2693 cruciatus;
999 2623 1079 2702 quod
1092 2625 1169 2686 absit
1181 2635 1217 2688 ut
1287 2673 1292 2680 .

106 2716 169 2790 fiat,
179 2723 213 2776 st
226 2714 308 2774 dictu
318 2713 470 2793 indignum
478 2723 541 2774 est.

147 2813 177 2870 8.
200 2809 248 2868 Ac
264 2807 340 2868 illud
354 2807 484 2888 quidem,
500 2807 707 2882 Athenienses,
726 2808 765 2870 ad
788 2829 825 2870 ea
843 2829 907 2871 esse
931 2829 1037 2891 segnes
1061 2821 1091 2871 et
1102 2812 1215 2886 tardos,

107 2924 177 2983 quae
187 2900 370 2981 ‚camoribus
382 2911 412 2962 et
424 2901 613 2962 facultatibus
627 2903 793 2982 praestanda
807 2903 975 2982 reipublicae
990 2905 1107 2965 suntab
1123 2907 1225 2967 omni-2

107 2999 177 3072 bus,
191 2994 570 3074 nonestcomprobandn'm
586 3015 668 3067 sane,
682 2997 753 3074 quin
765 2997 888 3056 multum
897 2998 1004 3056 abest:
1024 3008 1217 3060 veruntamen

109 3087 311 3152 excusationis
325 3086 433 3167 aliquid
449 3086 548 3148 habet
588 3087 649 3148 Sed
663 3109 718 3148 nec
732 3108 778 3162 ea,
792 3109 860 3168 quae
877 3087 1026 3148 audienda
1041 3100 1120 3162 sunt,
1134 3109 1231 3171 quee··

108 3203 167 3263 que
190 3183 222 3242 in
237 3179 478 3241 deliberationem
490 3179 589 3240 venire
606 3179 725 3257 debent,
740 3181 942 3257 audisaudis,
957 3181 987 3240 id
1008 3201 1076 3242 vero
1090 3195 1218 3244 meretur

107 3295 227 3338 omnem
238 3272 503 3354 reprehensionem.
532 3273 606 3333 ·Vos
619 3275 709 3354 igitur
720 3295 775 3336 nec
789 3275 889 3334 audire
902 3274 1072 3354 priusquani
1086 3297 1133 3336 res
1141 3277 1217 3358 ipssa

109 3371 212 3432 adsint
224 3379 259 3428 ut
268 3389 360 3439 nune,
369 3388 423 3428 nec
436 3367 497 3427 ulla
510 3367 547 3427 de
560 3387 592 3428 re
606 3368 767 3428 deliberare
781 3368 883 3429 soletis
895 3369 1064 3453 parotium:
1085 3371 1218 3430 sedcum

111 3465 162 3524 iile
177 3471 283 3524 contra
296 3481 349 3520 vos
364 3479 446 3520 arma
457 3459 586 3539 expedit,
600 3460 678 3520 idem
699 3480 785 3540 agere
799 3470 830 3521 et
846 3471 949 3520 contra
962 3461 1068 3522 instrui
1081 3462 1220 3522 omitten-

109 3552 433 3630 admonuissent
447 3553 513 3631 quis
527 3552 637 3633 aliquid
649 3552 709 3614 tale
723 3552 835 3624 dixerit,
847 3553 958 3630 ejicitis.
989 3553 1149 3634 Postquam
1164 3576 1217 3614 au-

110 3660 171 3710 tem
180 3647 373 3728 periisseaut
380 3644 508 3706 obsideri
526 3645 635 3724 aliquid
649 3645 844 3721 intellexistis,
857 3656 920 3706 tum
934 3647 1051 3718 deinum
1069 3647 1176 3708 auditis
1187 3658 1232 3710 st·

109 3741 300 3804 instruimini.
343 3739 412 3800 Fuit
432 3749 531 3798 autem
551 3739 690 3800 audiendi
708 3751 826 3819 tempus
843 3751 874 3800 et
888 3740 1135 3800 consulendi-tum
1149 3760 1231 3800 cum·

110 3857 165 3898 vos
180 3834 338 3896 noluistis:
359 3833 400 3892 rei
415 3843 513 3892 autem
525 3833 663 3912 gerendae
677 3845 706 3892 et
722 3844 881 3912 apparatus
894 3833 1053 3894 adhibendi
1063 3853 1141 3893 nunc
1151 3853 1220 3895 cnm

111 3929 231 3992 auditis.
275 3927 379 4006 ltaque
392 3946 429 3989 ex
438 3927 495 3998 ista
504 3927 726 3998 consuetudine,
735 3928 790 3987 soli
798 3928 964 3988 mortalium
978 3925 1109 3986 omnium
1119 3939 1223 3991 eontra

112 4019 378 4104 quamaliisolent
387 4018 546 4080 factitatis:
567 4040 636 4079 narn
645 4039 748 4082 omnes
760 4021 809 4080 alii
818 4020 951 4080 homines
961 4029 1029 4079 ante
1038 4020 1158 4098 negotia
1167 4021 1220 4084 de-

111 4119 238 4177 liberare
248 4113 360 4181 soient;
375 4131 439 4184 vos,
447 4121 515 4191 post
524 4114 652 4190 negotia.
695 4112 785 4182 Quod
796 4113 882 4192 igitur
892 4119 938 4172 est
946 4112 1101 4191 reliquum,
1112 4125 1142 4175 et
1150 4115 1220 4177 olim

111 4212 225 4272 factum
239 4206 379 4286 oportuit,
394 4205 448 4265 sed
459 4225 560 4285 neque
572 4227 651 4266 nunc
664 4215 829 4276 serumest,
844 4205 875 4264 id
886 4195 1000 4266 'dicante

153 4307 185 4364 9.
197 4301 290 4361 Nihil
298 4298 428 4359 omnium
438 4319 533 4358 rerum
548 4299 586 4358 ad
595 4319 630 4358 ea
639 4300 838 4383 negotia-quae
848 4299 962 4360 instant
974 4299 1143 4380 reipublicae
1153 4323 1220 4382 per-

113 4397 184 4463 inde
198 4405 248 4456 eat
257 4413 342 4473 opus,
357 4403 390 4452 ut
400 4391 541 4478 paeana.
584 4391 669 4454 Ultro
683 4403 780 4450 autem
791 4391 916 4453 felicitas
928 4393 1068 4472 quaedam
1077 4395 1163 4454 nobis
1174 4397 1222 4456 of·

113 4485 546 4570 fertur,qnasirecteutarm1r,
560 4484 693 4548 fortassis
708 4485 885 4548 etiamnunc
900 4485 1011 4567 aliquid
1031 4485 1102 4564 utile
1115 4487 1222 4552 confici
