2932 4952
245 289 302 379 3βο
575 342 578 354 ,
613 286 784 346 CONTRA
800 283 979 350 MIDIAM.

245 437 442 522 tate'spoliari
465 450 589 522 oportet,
612 454 721 522 negata
741 447 820 504 omni
843 445 939 517 venia,
960 444 1039 504 ornni
1062 443 1235 518 defensione,
1254 445 1316 504 ornni

246 540 393 614 aequitate,
405 557 471 616 quae
480 537 566 596 etiam
579 537 676 615 palam
689 538 829 598 convictis
843 538 1010 614 injuriarum
1020 538 1219 598 conceduntur
1231 537 1316 597 omnia.

246 627 407 706 Postquam
424 619 565 690 autemin
576 629 706 690 ordinem
720 631 827 708 coegit,
839 651 927 710 quem
939 629 1040 701 voluit,
1055 641 1086 690 et
1097 651 1149 690 ros
1160 631 1213 690 hoc
1226 631 1249 690 ei
1260 651 1318 690 con·

246 719 388 793 donastis,
404 740 547 799 suumque
568 719 766 800 impudentem
780 723 919 796 animum,
938 723 1084 801 quotalia
1098 723 1218 783 consilia
1237 723 1320 795 nectit,

245 813 382 892 explevit,
397 824 458 874 tum
470 814 573 877 saltem
583 814 640 874 hoc
655 814 740 873 lecit:
749 814 909 889 judicatum
922 817 1019 889 solvit,
1028 814 1146 895 propter
1158 816 1323 894 quodhorni·

247 926 311 965 nam
322 907 465 987 perdidit;
477 917 509 967 at
523 929 560 968 ne
575 908 735 968 teruncium
745 907 863 985 quidam
874 909 904 967 in
917 909 997 969 hnnc
1012 929 1106 988 usque
1117 908 1203 968 diem.
1223 908 1320 970 Potius·

245 1018 302 1076 que
311 1001 428 1059 actione
448 1000 527 1058 unde
543 999 571 1058 ri
590 997 730 1078 postulari
743 1019 802 1058 non
822 1010 950 1060 recusat.
974 1001 1059 1059 Alter
1080 1001 1170 1079 igitur
1183 999 1324 1079 ignominia

245 1100 364 1158 notatus
379 1103 497 1170 propter
509 1102 623 1152 nostras
644 1091 731 1162 rixas,
746 1092 840 1171 periit,
855 1093 937 1165 alter,
959 1093 1006 1152 cui
1021 1093 1089 1152 mali
1103 1093 1173 1151 nihil
1187 1093 1322 1171 quicquan

245 1182 360 1256 accidit,
382 1203 498 1242 sursum
512 1183 647 1243 deorsum
662 1185 755 1264 leges,
775 1181 909 1254 arbitros,
924 1185 1021 1243 omnia
1040 1205 1107 1264 quae
1124 1185 1215 1244 libido
1232 1183 1325 1254 tulerit,

245 1273 351 1334 versat.
372 1275 418 1334 Ac
431 1275 709 1341 sententiamlatam
723 1276 753 1334 in
768 1276 916 1347 arbitrum,
936 1277 1022 1353 quarn
1038 1295 1087 1334 reo
1101 1295 1160 1334 non
1176 1285 1273 1334 vocato
1284 1293 1326 1352 per

244 1365 364 1426 insidias
378 1367 487 1440 elicuit,
507 1368 569 1446 ipsa
581 1367 636 1426 sibi
650 1376 740 1427 ratam
755 1368 841 1426 lecit:
864 1388 922 1447 qua
935 1388 1003 1428 vero
1015 1367 1079 1446 ipse
1094 1367 1163 1426 mihi
1181 1365 1328 1436 tenebatur,

243 1470 374 1532 vocatus,
388 1463 496 1533 sciens,
511 1461 711 1521 vadimonium
720 1461 867 1533 deserens,
882 1462 990 1523 irritam
1001 1461 1081 1520 lacit.

243 1586 246 1592 ·
285 1554 334 1612 26.
358 1556 452 1634 Atqui
466 1554 491 1614 sl
505 1555 558 1614 iste
573 1564 656 1613 tanta
668 1573 755 1632 poena
765 1553 868 1632 dignos
878 1554 993 1632 judicat
1006 1573 1067 1625 eos,
1083 1573 1101 1612 a
1115 1554 1222 1632 quibus
1236 1553 1330 1611 absens

245 1645 420 1706 damnatur:
442 1666 515 1725 quas
538 1665 641 1725 poenas
655 1647 747 1718 istum
769 1647 839 1706 dare
857 1648 940 1706 vobis
961 1647 1116 1727 oportebit,
1137 1647 1178 1706 ita
1191 1645 1331 1718 manifeste
1424 1635 1428 1644 ’

217 1779 222 1798 .
243 1739 324 1817 leges
343 1750 455 1798 vestras
481 1758 534 1818 per
554 1739 759 1798 contumeliam
779 1739 960 1799 violantem?
986 1740 1063 1798 Nam
1084 1740 1109 1798 si
1133 1737 1298 1817 ignominia,
1312 1733 1333 1794 sl

244 1830 353 1909 legum,
366 1832 391 1890 si
400 1831 590 1910 judiciorum,¹
604 1831 628 1890 si
642 1850 736 1890 rerum
751 1831 876 1910 denique
887 1831 1015 1892 omnium
1029 1832 1163 1910 privatio,
1178 1831 1256 1891 illius
1269 1829 1333 1907 inju-

210 1989 214 2000 ,
245 1921 295 1980 riae
314 1923 405 2002 digna
418 1941 506 2002 poena
520 1935 575 1995 est,
595 1923 783 1982 contumelia
804 1933 883 1983 certa
903 1943 993 2002 parva
1010 1923 1074 1995 erit,
1088 1943 1155 1982 meo
1172 1920 1334 2000 qnidcmin·

244 2014 332 2088 dicio,
346 2035 434 2075 mors.
467 2013 509 2074 Ut
521 2025 619 2074 autem
634 2005 704 2074 vera
722 2035 768 2074 me
788 2015 885 2076 dicere
906 2024 1031 2088 constet,
1055 2035 1131 2075 voca
1152 2014 1225 2074 mihi
1245 2013 1336 2072 harum

242 2127 337 2169 rerum
352 2118 454 2182 testes,
466 2119 496 2169 et
509 2109 684 2170 arbitrorum
700 2108 793 2169 recita
806 2109 913 2188 legem.

727 2263 893 2324 nassas
955 2239 960 2248 '

275 2393 423 2460 Nicostratus
430 2394 610 2456 Myrrhinnsins,
618 2394 718 2442 Phanias
728 2395 881 2456 Aphidnaeus,
890 2392 987 2450 soinrns,
995 2395 1193 2452 Demosthenem,
1202 2395 1242 2443 oni
1249 2392 1344 2442 testimo·

189 2515 194 2521 ,
240 2469 305 2518 nium
315 2471 424 2528 dicimus,
433 2479 458 2519 et
472 2471 568 2518 Midiam
580 2471 620 2532 qni
639 2487 653 2518 a
665 2472 824 2518 Demosthene
834 2476 967 2524 accusatur,
977 2485 1047 2530 qnnm
1060 2472 1090 2519 ob
1102 2472 1238 2519 meledicta
1248 2470 1304 2516 diem
1315 2463 1344 2512 illi

241 2547 349 2602 dixisset,
358 2549 485 2609 sumpsisse
496 2549 608 2595 arbitrum
618 2548 760 2618 Stratonem,
769 2552 794 2592 et
804 2561 875 2606 qnnnr
888 2545 1011 2594 vadimonii
1023 2547 1075 2594 dies
1086 2547 1144 2610 lege
1158 2547 1280 2612 proefinita
1290 2545 1348 2590 ades·

243 2631 279 2670 set
290 2625 387 2670 Midinm
405 2624 467 2683 apud
479 2624 590 2671 arbitrum
608 2639 634 2670 se
654 2638 699 2669 non
712 2623 810 2678 stitisse,
821 2623 863 2668 sed
875 2621 1008 2669 deseruisse
1023 2623 1201 2672 vadimonium.
1220 2625 1347 2670 Damnatam

195 2729 197 2734 ·
240 2699 315 2762 igitur
326 2687 423 2749 Midiem
434 2703 552 2748 absentem
565 2699 653 2748 seimus
669 2705 777 2747 conatum
789 2712 843 2746 esse
851 2699 991 2760 persuadere
999 2697 1112 2746 'Stratoni
1129 2701 1239 2756 arbitro,
1249 2705 1274 2746 et
1283 2695 1349 2750 noble,

158 2791 165 2806 ¹
244 2780 284 2840 qui
296 2780 438 2842 temporibus
454 2778 503 2825 illis
514 2777 642 2825 novemviri
654 2791 753 2832 eramus,
768 2785 794 2823 nt
807 2776 928 2822 arbitrium
940 2769 1140 2832 rescinderemus,
1157 2776 1281 2824 drachmis
1295 2773 1351 2834 ‹inin-

163 2863 166 2868 “
242 2849 355 2917 qnegenis
372 2853 503 2916 promissis.
529 2854 599 2914 Quod
610 2853 648 2901 nbi
666 2847 835 2908 recesserimus,
852 2851 920 2898 noble
941 2851 1070 2898 minitatum
1084 2852 1195 2915 insuper
1211 2849 1349 2900 discessisse·

242 2935 280 2981 Ob
289 2934 350 2994 rheno
362 2948 454 2980 oausam
467 2933 553 2980 seimus
564 2933 694 2980 Stratonem
706 2947 720 2979 e
731 2930 807 2978 Midie
817 2929 931 2979 insidiose
943 2929 1143 2990 choumrentnrn,
1160 2943 1189 2982 et
1201 2941 1286 2982 contra
1297 2941 1355 2977 omno

238 3015 279 3085 jsrs
292 3019 316 3058 et
326 3011 457 3072 aequitatem
469 3008 596 3072 ignominia
608 3013 710 3057 notatum
725 3022 787 3054 esse.

236 3149 448 3210 ‘Recitantiam
463 3148 633 3209 arbitrorum
647 3147 754 3226 legem.

744 3267 837 3363 narr.

242 3512 277 3560 eis
289 3511 359 3558 licent
370 3521 470 3566 sumere,
482 3495 639 3573 quemcunque
648 3511 766 3560 r'olneri'nt
776 3509 894 3588 arbitram.
918 3511 988 3568 Quod
999 3509 1019 3556 ei
1030 3497 1210 3562 communiter
1222 3513 1368 3574 sumpserint,

242 3583 391 3650 acquiescant
408 3586 431 3633 in
443 3589 494 3646 ejns
505 3587 628 3641 sententie,
645 3588 762 3649 neqneeb
780 3587 825 3634 hoc
836 3585 859 3632 in
873 3585 936 3632 alind
948 3587 1064 3646 judiciam
1075 3590 1177 3638 eadem
1190 3592 1296 3638 crimine
1310 3588 1367 3634 dele-

240 3672 308 3712 rant:
327 3663 369 3726 sed
381 3678 432 3724 qnae
444 3663 472 3709 ab
483 3663 684 3724 arbitro-Jndioatn
692 3661 779 3710 luerint
792 3669 841 3709 rate
850 3661 957 3708 habento.

235 3803 238 3809 '
272 3797 334 3853 27.
354 3794 433 3872 Age,
449 3810 523 3851 voca
537 3791 624 3850 etiam
645 3792 841 3852 Stratonem
833 3809 939 3870 ipsum,
964 3809 1031 3848 eum
1053 3793 1114 3868 qui
1140 3795 1228 3855 talia
1234 3791 1370 3876 pertulit

245 3886 329 3947 Stare
349 3885 436 3946 enim
446 3884 473 3944 ei
492 3885 655 3978 profecto
642 3884 760 3943 licebit:
783 3884 841 3956 hic,
860 3883 1067 3954 Athenienses,
1084 3901 1228 3968 pauper
1247 3887 1375 3949 fortassis

242 3979 460 4083 est,improbus¹
480 3985 609 4036 nonest·
642 3975 702 4044 Qui
721 3995 788 4036 cum
803 3975 872 4035 civis
895 3976 943 4045 sit,
965 3985 1152 4036 etomnes
1159 3980 1373 4063 expeditiones

238 4068 359 4154 juvenis
369 4071 480 4142 obierit,
490 4089 589 4148 neque
602 4069 721 4131 sceleris
732 4068 888 4147 quicquam
903 4053 1060 4138 admiserit,
1079 4081 1183 4133 numo
1199 4077 1318 4135 tacitus
1332 4071 1377 4132 ad·

162 4228 169 4242 .
220 4231 224 4239 Ι
242 4171 313 4232 stat,
327 4181 386 4220 non
402 4149 464 4220 aliis
475 4163 564 4239 modo
575 4161 878 4221 communibusbonis
883 4159 1033 4264 spoliatus,
1044 4161 1109 4220 sed
1119 4163 1288 4244 loquendi
1297 4167 1378 4227 enan

240 4250 478 4341 lamentandique
492 4263 652 4332 potestate:
668 4253 811 4332 ncjurene
822 4272 860 4310 an
871 4252 975 4330 injuria
986 4250 1049 4309 hoec
1063 4253 1137 4314 sibi
1150 4263 1340 4330 acciderint,
1347 4275 1380 4316 ne

243 4346 274 4406 id
286 4343 496 4423 quidem‘apud
511 4365 561 4421 ros
575 4346 665 4405 audet
677 4364 824 4425 exponere
836 4363 843 4403 :
860 4354 889 4403 et
899 4344 963 4404 haec
979 4341 1149 4428 aMidia
1138 4369 1320 4432 perpessus
1332 4359 1379 4421 est,

240 4446 274 4494 et
286 4455 304 4495 a
318 4433 419 4494 Midiae
433 4435 549 4514 opibus,
566 4447 651 4516 atque
665 4437 829 4518 insolentia,
849 4439 887 4496 ob
905 4443 1154 4518 paupertatem,¹
1170 4447 1382 4510 solitudinem-
