2948 4954
465 665 468 682 '
552 657 893 746 AUGERI

599 885 849 962 lusurus
926 825 931 835 ¹

251 1097 525 1167 ORATIONIS
547 1096 617 1164 AD
640 1097 868 1168 PHILIPPI
890 1097 1183 1167 EPISTOLAM.

631 1313 814 1388 Propositum.
1003 1304 1008 1310 ¹
1274 1353 1282 1384 ,

200 1463 296 1533 Quuu
309 1469 419 1524 timeret
430 1469 635 1524 Demosthenes
649 1485 686 1524 ne
695 1469 888 1540 Athenienses,
897 1459 1020 1545 Philippi
1033 1467 1148 1542 epistole
1159 1467 1278 1542 perculsi

163 1563 195 1615 et
208 1557 271 1627 ejus
288 1554 413 1626 potentia
430 1554 547 1620 attoniti,
564 1554 665 1607 abello
677 1554 859 1620 abstinerent,
870 1557 973 1610 omittit
985 1553 1095 1627 quidem
1106 1549 1155 1626 p‘e'r
1166 1555 1277 1624 'singula¹

163 1645 286 1698 refutare
300 1637 454 1707 epistolam,
467 1641 496 1690 nt
504 1637 628 1690 hortetur
635 1647 704 1690 'sues
713 1637 788 1693 eires
799 1642 832 1694 ut
847 1635 910 1694 torti
922 1638 1014 1693 auimo
1028 1634 1205 1710 etimpavide
1215 1636 1275 1692 bel·
1338 1673 1342 1681 ι

165 1728 226 1784 lum
239 1723 408 1780 indicentem
417 1719 576 1792 Philippum
585 1720 762 1777 erleiseautur'.
1279 1712 1283 1722 “

642 1881 800 1939 Exordium.

203 2002 332 2068 Eridens
344 2006 387 2057 est
404 2017 452 2072 per
463 2001 584 2073 Philippi
603 2004 707 2071 literas,
718 2003 797 2058 illum
808 2017 863 2056 non
884 1970 980 2058 lesisse
992 1967 1101 2073 peoemi
1113 1956 1282 2064 edmund

168 2086 325 2154 distulisse:
344 2101 439 2140 serum
450 2085 490 2158 illi
505 2085 581 2140 head
590 2084 687 2140 timide
696 2089 740 2140 est
749 2085 942 2152 resistendum,
950 2101 1006 2142 neo
1014 2085 1089 2143 illius
1099 2086 1224 2156 potentie
1233 2090 1283 2148 est.

166 2169 397 2243 pertimescende.
767 2232 770 2242 Ι
806 2224 810 2240 ,
884 2227 904 2236 ‚,

639 2274 819 2347 Coutmsts'o.

203 2363 243 2449 l0.
255 2395 399 2466 Philippus
410 2395 623 2448 hebebiteontra
632 2411 662 2448 se
670 2394 736 2448 deos
747 2393 917 2448 immortales
924 2407 1043 2466 qnorum
1054 2393 1211 2462 religionem
1221 2353 1281 2472 vid·

169 2479 240 2532 lavit
255 2478 344 2532 soluta
355 2493 434 2547 paoe,
445 2477 538 2546 plures
550 2477 665 2530 Graeeos
678 2493 747 2546 quos
760 2476 879 2546 decepit,
893 2493 925 2530 ae
942 2477 1062 2547 denique
1074 2475 1222 2550 Persarum
1237 2493 1285 2556 re·¹

171 2575 236 2632 gem
245 2562 324 2631 cujus
337 2577 403 2632 opes
414 2565 443 2614 et
456 2562 592 2614 auxilium
604 2562 698 2628 magui
707 2563 772 2613 sunt
785 2559 926 2614 momenti.

147 2673 151 2679 ·
205 2649 246 2699 2⁰.
266 2644 384 2713 Philippi
395 2659 438 2696 res
450 2657 533 2711 parra
545 2643 694 2696 offensione
704 2641 889 2696 dissolventur
900 2659 986 2712 quum
999 2643 1089 2713 pravis
1101 2639 1204 2696 artibus
1216 2658 1281 2720 eoa·

167 2728 285 2782 luerint:
304 2724 504 2782 Macedoniam
519 2741 568 2796 per
577 2742 606 2778 se
620 2724 758 2780 infirmans
769 2725 890 2779 reddidit
901 2726 948 2780 ille
958 2725 1134 2780 infirmiorem
1147 2725 1214 2794 ipsis
1223 2725 1282 2780 hel-

169 2811 203 2866 lis
215 2814 245 2866 et
256 2809 481 2882 expeditionibus
497 2813 561 2878 quui
571 2807 680 2880 plebeni
693 2808 907 2869 Macedonicam
916 2813 1088 2889 vexaverunt
1099 2814 1128 2863 et
1139 2810 1281 2864 exhause-

168 2897 244 2950 runt.
260 2893 267 2914 '
710 2893 713 2900 '
962 2893 966 2904 '
1028 2893 1032 2902 “
1081 2903 1083 2908 “

202 2980 243 3032 3⁰.
261 2967 309 3028 It's
318 2973 389 3028 male
400 2973 535 3029 hahentii
547 2973 595 3046 qui
612 2971 686 3027 ciros
697 2971 787 3040 ipsum
799 2976 865 3028 snut
874 2975 1015 3041 satellites,
1027 2977 1056 3028 et
1065 2976 1151 3028 duces
1163 2973 1283 3044 peregri·

168 3073 270 3112 norum
282 3057 412 3126 militum,
422 3061 455 3111 ut
463 3057 516 3127 ipsi
528 3057 556 3110 in
569 3055 622 3110 illis
634 3071 689 3108 uon
698 3056 817 3110 multans
824 3055 861 3110 sit
869 3057 998 3126 presidii.
1035 3057 1181 3128 Expendit
1190 3061 1286 3134 orator

171 3158 221 3198 eur
233 3140 276 3196 illi
286 3142 422 3196 haetenus
434 3141 482 3196 lidi
500 3138 694 3209 remanserint,
706 3143 736 3194 et
751 3139 889 3212 quomodo
901 3141 957 3194 illae
970 3143 1055 3195 tantae
1067 3142 1212 3211 opes'mox
1224 3141 1287 3220 sint¹

170 3221 365 3280 dissolvendae.
951 3217 955 3223 ’
1236 3215 1239 3224 “

205 3312 246 3362 4⁰.
264 3307 388 3362 Fortuna
398 3303 518 3378 Philippi
536 3321 592 3359 non
609 3307 652 3360 est
664 3305 858 3377 anteponenda
869 3305 985 3360 fortunae
998 3303 1225 3362 Atheniensium:
1250 3309 1282 3362 et

171 3389 214 3444 his
224 3391 301 3444 mele
313 3407 359 3444 res
374 3394 567 3443 successerunt
578 3389 644 3442 dum
661 3388 701 3442 illi
719 3390 801 3456 hene,
818 3391 883 3460 quia
895 3390 941 3444 ille
960 3390 1086 3458 guaviter
1098 3391 1156 3460 agit
1173 3387 1240 3445 dum
1252 3391 1287 3446 hi.

172 3472 300 3542 segniter.
336 3471 415 3526 illius
427 3471 569 3540 diligentia
580 3471 714 3525 ethorum
725 3471 836 3542 ignavis
846 3471 1025 3542 panluiusius
1038 3477 1226 3542 exponuntur.

208 3560 248 3612 ἔπ’.
268 3554 420 3610 Concludit
432 3553 650 3618 Atheniensibus
657 3554 812 3624 promptius
823 3569 884 3608 esse
896 3555 1044 3622 egendum,
1057 3560 1090 3609 ut
1101 3555 1183 3624 digne
1193 3555 1281 3625 majo,

155 3637 248 3693 -ribus
259 3653 290 3692 se
301 3641 408 3707 gerant,
418 3652 472 3693 neo
483 3639 585 3691 sedent
595 3638 656 3692 siro
668 3655 684 3690 e
695 3637 866 3691 Maeedonis
884 3638 1016 3692 oriundo:
1036 3654 1100 3694 eum
1112 3638 1165 3707 ipsi
1177 3637 1280 3694 debent

175 3720 210 3774 ad
221 3721 326 3775 bellum
336 3737 366 3774 se
377 3735 482 3790 parare,
495 3724 556 3774 tum
569 3724 675 3776 eeteros
686 3721 801 3774 Grseeos
812 3719 891 3774 laen's
900 3737 956 3776 nou
966 3719 1060 3778 serbis
1072 3721 1202 3775 exeitsre.

208 3803 294 3857 Diots
304 3807 347 3856 est
357 3804 446 3856 oratio
461 3803 560 3856 eodem
579 3817 652 3856 anuo
664 3817 721 3872 quo
732 3803 835 3872 soripte
845 3805 889 3858 est
900 3803 1025 3874 epistola,
1037 3805 1057 3860 i.
1067 3818 1093 3858 e.
1105 3801 1194 3873 primo
1206 3819 1280 3860 suno

176 3885 338 3958 olympiadis
349 3901 399 3953 ex,
411 3883 463 3941 sub
473 3883 664 3960 Theophrasto
676 3883 814 3940 archonte.
