2920 4950
231 249 278 307 74·
507 247 668 310 ORATIO
692 248 750 310 DE
769 243 1058 310 CHERSONESO.

231 403 272 462 tio
286 401 382 477 datur,
393 399 450 464 sed
463 402 537 464 illud
550 404 679 465 omnium
694 422 815 484 operum
825 403 1022 483 justissimum
1035 399 1217 480 maximeque
1232 415 1339 460 neces-

231 496 339 556 sarium
356 496 539 574 relinquitur,
553 497 633 577 quod
653 497 703 558 isti
716 497 754 558 dc
768 497 914 558 industria
929 497 1106 558 transiliunt.
1128 496 1289 562 Quodnam
1302 494 1339 553 il·

230 586 283 646 lud
297 588 363 648 esti
384 597 418 648 ut
430 607 499 649 eum
518 589 704 662 ulciscamur,
724 589 774 668 qui
789 590 867 670 prior
887 589 998 651 bellum
1019 590 1104 650 nobis
1125 587 1233 648 intulit.
1269 584 1339 646 Nisi

230 678 306 740 forte
316 680 390 742 illud
399 681 565 742 mehercule
575 683 688 755 dicunt,
699 681 821 762 quod,sl
831 682 978 744 abstineat
986 681 1089 743 Attica
1100 681 1252 759 Piraeoqne
1263 677 1338 740 Phi·

230 771 341 852 lippus,
354 793 450 854 neque
464 774 570 855 injuria
582 776 682 835 urbem
697 775 788 835 afficit
799 794 896 854 neque
909 775 1018 836 bellum
1037 774 1125 835 facit:
1146 775 1197 852 qui
1210 772 1235 832 si
1244 773 1294 854 jus
1308 781 1341 834 et
1442 827 1446 834 1

231 885 349 946 aeqnurn
361 866 420 927 ista
431 867 535 947 regula
548 867 709 929 metiuntur
722 877 753 928 et
765 868 838 928 istos
851 867 933 950 pacis
952 867 1059 928 limites
1073 865 1269 938 constituunt,
1284 884 1339 926 eos

230 958 331 1037 utique
345 979 401 1020 nec
414 979 500 1040 aequa
513 980 568 1020 uec
581 959 703 1022 serenda
717 957 815 1022 dicere
828 979 884 1021 nee
898 969 964 1020 tuta
979 961 1072 1033 uobis,
1084 959 1289 1040 perspicuum·
1283 965 1341 1018 cst

231 1053 384 1124 omnibus;
409 1073 444 1116 ac
461 1065 605 1138 praeterea
623 1055 738 1128 accidit,
753 1065 788 1115 ut
807 1055 894 1116 haec
886 1073 950 1135 rpsa
970 1074 1038 1134 quau
1055 1054 1186 1133 dicunt,
1183 1051 1342 1114 contraria

233 1144 291 1204 sint
304 1133 541 1209 accusationibus
554 1167 628 1227 quas
642 1158 745 1208 contra
757 1145 917 1227 Diopithea
932 1148 1040 1208 lerunt

273 1240 303 1298 3.
325 1239 401 1300 Nam
411 1259 461 1319 qur
472 1242 619 1313 convenit
629 1251 663 1301 ut
676 1239 811 1321 Philippo
821 1239 936 1319 qurdurs
947 1237 1054 1320 egendi
1062 1237 1340 1310 licentramdemue,

232 1329 322 1390 modo
335 1331 463 1392 Atticam
475 1352 535 1394 non
549 1332 686 1401 invadata
709 1333 870 1412 Diopithen
882 1352 952 1394 vero
960 1353 1016 1394 nec
1026 1331 1188 1392 Thracibus
1199 1328 1341 1410 opitulari

232 1421 373 1497 sinamus,
384 1435 437 1486 aut
448 1427 473 1484 ιι·
485 1427 645 1503 opituletur,
661 1425 809 1487 concitare
821 1425 932 1486 bellum
946 1423 1102 1486 dicamus?
1125 1423 1186 1486 Sed
1198 1423 1267 1482 heac
1280 1421 1342 1482 sci·

231 1511 303 1574 licet
311 1516 506 1596 exagitantur,
516 1537 621 1578 aenon
629 1517 725 1578 minus
737 1527 806 1578 sunt
817 1519 990 1597 graviaque
999 1527 1093 1598 agunt
1102 1515 1274 1578 mercenarii
1284 1515 1342 1574 mi·

232 1605 310 1680 lites,
331 1629 398 1668 cum
420 1609 649 1691 Hellespontum
661 1611 849 1691 populantur,
863 1619 894 1670 ct
906 1609 1013 1690 injuste
1026 1609 1098 1670 iacit
1110 1607 1269 1688 Diopithes
1284 1623 1341 1668 na-

232 1699 311 1780 uigia
327 1701 548 1782 intercipiendo,
561 1722 657 1782 neque
671 1698 728 1762 hoc
742 1712 788 1762 est
799 1701 1037 1782 permittendum.
1074 1701 1247 1776 Esto,fiant
1259 1701 1339 1772 heac,

233 1791 306 1852 nihil
318 1795 498 1855 contradico.
519 1795 718 1857 Veruntamen
734 1794 841 1855 decere
853 1795 986 1869 arbitror,
1001 1795 1026 1855 si
1039 1815 1075 1856 ex
1084 1794 1253 1856 animoista
1267 1813 1341 1854 con·

234 1885 335 1947 solunt
348 1889 574 1968 aequitatemque
587 1888 780 1970 spectandam
794 1897 911 1970 putant,
919 1899 952 1949 ut
964 1889 1212 1968 quemadmodum
1220 1889 1342 1950 consti·
1420 1880 1426 1890 ’

233 1988 314 2063 tutus
335 1990 442 2042 nostroe
461 1982 540 2044 urbis
554 1981 655 2062 cupias
669 1981 811 2062 dissipare
825 1990 981 2055 conantur,
995 1982 1100 2044 ducem
1116 2001 1227 2055 aarum,
1240 1991 1343 2060 suapte

233 2073 782 2156 iudustriupnrtustipendiasolventenr
787 2075 1173 2157 ,ιιιιιιιίιοιιιιὶιιιιιιιίιιιιάο,Ι
1186 2076 1341 2138 itaosten·

234 2163 317 2238 dant,
331 2185 356 2225 ιι
348 2166 452 2227 vobis
467 2168 533 2228 haee
545 2187 686 2249 persuasa
700 2169 818 2243 tuerint,
831 2169 919 2230 etiam
936 2169 1063 2249 Philippi
1082 2169 1242 2230 exercitum
1262 2170 1342 2230 dila

233 2277 365 2339 paurum.
388 2261 517 2327 Quod
488 2282 545 2321 nrsr
536 2262 779 2334 demonstrarint,
792 2262 864 2322 nihil
878 2262 958 2323 aliud
971 2281 1022 2322 eos
1034 2279 1121 2343 agere
1134 2261 1276 2341 cogitate,
1283 2263 1342 2324 nisi

235 2362 270 2412 ut
277 2341 378 2412 denuo
387 2353 596 2436 rempublicam
606 2363 737 2415 nostram
748 2354 1120 2416 ineumredueantstatuns
1124 2373 1202 2434 ,quo
1205 2373 1341 2435 resprae-

235 2454 334 2504 sentes
348 2465 450 2507 omues
464 2447 622 2526 peirerunt
653 2447 742 2508 Scitis
762 2443 839 2508 enim
853 2447 998 2528 profecto,
1012 2447 1083 2508 nihil
1097 2446 1227 2506 omnium
1239 2469 1341 2510 rerum

235 2549 297 2598 tans
310 2539 455 2618 proluisse
468 2539 604 2620 Philippo
621 2540 658 2601 ad
672 2550 803 2602 nostram
815 2543 918 2602 urbem
932 2540 1138 2621 superandam,
1151 2559 1242 2620 quarn
1255 2544 1341 2621 quod

234 2629 314 2710 prior
327 2642 428 2692 omues
438 2632 609 2695 occasiones
623 2635 750 2713 arripuit
774 2633 956 2713 Namqueis,
964 2652 1031 2693 cnm
1042 2652 1160 2713 semper
1168 2635 1341 2712 expeditum

235 2722 385 2784 circumse
396 2726 666 2804 atqneinstructum
677 2725 1222 2803 exercitumhsbent,etquidfacturus
1232 2727 1341 2808 sitjarn

236 2825 323 2876 antea
335 2815 511 2885 deliberarit,
534 2819 691 2898 derepente
705 2837 780 2898 quos
795 2818 907 2879 libitum
922 2827 968 2878 est
981 2818 1167 2898 aggreditur:
1187 2837 1245 2880 nos
1255 2839 1340 2896 vero,

235 2907 286 2968 ubi
295 2909 359 2989 jam
372 2910 483 2990 aliquid
496 2911 609 2972 iactum
622 2931 688 2972 esse
698 2911 874 2985 audivimus,
886 2919 949 2970 tum
957 2910 1076 2972 demum
1087 2911 1302 2976 tumultuariae
1310 2924 1341 2974 et

236 2991 331 3062 teum
343 3021 494 3082 paramus,
511 3005 587 3065 lude
600 3007 734 3066 nimirum
749 3005 865 3079 accidit,
878 3015 914 3065 ut
924 3004 973 3064 ille
986 3005 1174 3086 omniaque
1186 3007 1340 3080 invaserit,

237 3113 352 3155 summa
368 3115 437 3158 oum
450 3099 661 3178 tranquillitate
674 3099 814 3178 potiatnrr
834 3117 890 3160 nos
909 3107 1009 3158 autem
1030 3098 1124 3159 serius
1137 3101 1345 3178 utiquaadse-

235 3188 350 3250 mamus
360 3198 392 3250 et
404 3191 512 3251 frustra
524 3193 673 3272 impensas
686 3210 788 3254 omnes
801 3191 953 3264 iaciamus,
967 3192 1093 3253 ostensis
1105 3191 1223 3272 quidem
1241 3194 1339 3254 inimi·

235 3279 312 3340 citiis
325 3290 356 3340 et
368 3286 428 3360 ejus
445 3285 586 3344 conutibus
600 3283 765 3346 obsistendi
775 3283 938 3358 voluntate,
950 3285 1003 3344 sed
1016 3284 1160 3365 neglectis
1175 3285 1342 3349 messioni-

55 3407 65 3424 ι
171 3399 174 3404 ·
235 3373 292 3432 bus
305 3382 335 3433 et
349 3376 437 3435 rebus
448 3375 563 3437 iniectis
573 3377 703 3438 dedecus
716 3377 805 3438 etiam
818 3377 936 3458 insuper
949 3378 1152 3458 suscipiamus.

274 3470 305 3526 4.
327 3467 374 3528 Ne
387 3468 476 3548 igitur
487 3470 639 3548 ignoretis,
653 3470 859 3543 Athenienses,
881 3473 968 3531 etiam
991 3491 1070 3533 nuuc
1088 3481 1197 3534 cetera
1219 3473 1341 3553 quidem

235 3564 325 3622 rerba
337 3581 403 3622 esse
418 3573 506 3643 atque
520 3573 696 3634 commenta,
709 3564 767 3625 hoc
780 3583 849 3625 vero
863 3566 912 3644 agi
926 3575 958 3626 et
975 3566 1055 3626 omni
1075 3567 1188 3628 ratione
1209 3569 1294 3642 stmi,
1308 3578 1342 3628 ut

235 3653 308 3714 dum
325 3667 381 3716 ros
396 3655 474 3716 domi
488 3658 630 3718 maneatis
644 3669 674 3718 et
685 3656 775 3718 nullae
788 3667 897 3717 nostra
914 3657 994 3718 urhis
1009 3659 1104 3740 oopire
1117 3659 1188 3719 ioris
1201 3660 1273 3733 sint,
1288 3680 1346 3745 per
1443 3719 1444 3726 ,

237 3765 383 3808 summurn
393 3750 484 3810 otium
496 3768 689 3831 quacumque
697 3749 761 3810 vult
770 3749 924 3832 Philippus
934 3750 1082 3812 conficiat.
1114 3751 1222 3812 Videte
1233 3754 1342 3814 etenim

235 3842 371 3918 primum,
385 3842 458 3923 quid
471 3843 501 3904 in
522 3845 677 3924 praesentia
695 3844 756 3904 fiat.
798 3843 886 3905 Nunc
900 3844 949 3906 ille
961 3863 1030 3906 cum
1043 3865 1154 3926 magno
1167 3847 1342 3910 exercituin

237 3931 366 3994 Thracia
378 3945 521 4009 versatur,
532 3947 562 3996 et
572 3939 673 4016 copias,
682 3947 715 3998 ut
727 3947 890 4018 praesentes
903 3937 934 3998 hi
948 3938 1062 4014 dicunt,
1070 3940 1224 4002 acoemite
1238 3941 1344 4004 Maee-

237 4023 327 4084 donia
339 4037 370 4084 et
381 4028 542 4090 Thessalia.
569 4030 658 4097 Quod
671 4030 695 4088 si
708 4031 888 4110 exspectatis
902 4030 1012 4093 Etesiis
1030 4031 1206 4114 Byzantium
1220 4053 1344 4114 aggres-

225 4111 289 4174 'sus
299 4117 455 4189 obsederit
470 4135 596 4200 primurn
605 4141 645 4182 an
649 4122 761 4202 putatis
771 4123 844 4196 iore
854 4131 889 4183 ut
897 4123 1046 4204 Byzantu
1038 4145 1069 4184 ιιι
1079 4124 1184 4185 eadem
1193 4145 1254 4204 qua
1263 4147 1345 4188 nunc

238 4218 307 4283 sunt
319 4207 448 4269 amentia
460 4224 609 4286 maneant,
623 4224 654 4274 et
665 4234 718 4274 vos
736 4235 798 4274 non
820 4225 975 4276 accersant
989 4217 1161 4298 ausiliaque
1167 4223 1269 4284 uestra
1282 4239 1343 4280 non

236 4299 408 4378 postidenti
430 4301 574 4381 Equidem
587 4325 647 4368 non
661 4308 775 4393 opinor,
789 4307 879 4369 sed'
856 4329 880 4370 ιι
898 4309 1003 4387 quibus
1027 4310 1123 4372 minus
1136 4312 1228 4372 etiam
1248 4313 1343 4376 fidunt
