<?xml version="1.0" encoding="UTF-8"?>
<!DOCTYPE html PUBLIC "-//W3C//DTD XHTML 1.0 Transitional//EN"
    "http://www.w3.org/TR/xhtml1/DTD/xhtml1-transitional.dtd">
<html xmlns="http://www.w3.org/1999/xhtml" xml:lang="en" lang="en">
 <head>
  <title>
</title>
<meta http-equiv="Content-Type" content="text/html;charset=utf-8" />
  <meta name='ocr-system' content='tesseract 3.04.00' />
  <meta name='ocr-capabilities' content='ocr_page ocr_carea ocr_par ocr_line ocrx_word'/>
</head>
<body>
  <div class='ocr_page' id='page_1' title='image "./demosthenisetsc08ulpigoog/demosthenisetsc08ulpigoog_0398.png"; bbox 0 0 2932 4952; ppageno 0'>
   <div class='ocr_carea' id='block_1_1' title="bbox 429 231 1308 322">
    <p class='ocr_par' dir='ltr' id='par_1_1' title="bbox 429 231 1308 322">
     <span class='ocr_line' id='line_1_1' title="bbox 429 231 1308 322; baseline 0.001 -8"><span class='ocrx_word' id='word_1_1' title='bbox 429 255 597 322; x_wconf 77' lang='lat' dir='ltr'><strong>conam</strong></span> <span class='ocrx_word' id='word_1_2' title='bbox 619 251 963 316; x_wconf 79' lang='lat' dir='ltr'><strong>Amsrucanmm.</strong></span> <span class='ocrx_word' id='word_1_3' title='bbox 1013 231 1015 236; x_wconf 78' lang='grc'><strong>’</strong></span> <span class='ocrx_word' id='word_1_4' title='bbox 1125 269 1137 291; x_wconf 82' lang='lat'><strong>-·</strong></span> <span class='ocrx_word' id='word_1_5' title='bbox 1183 253 1248 316; x_wconf 79' lang='lat' dir='ltr'><strong>aar</strong></span> <span class='ocrx_word' id='word_1_6' title='bbox 1306 264 1308 268; x_wconf 93' lang='lat'>·</span> 
     </span>
    </p>
   </div>
   <div class='ocr_carea' id='block_1_2' title="bbox 91 406 1315 1230">
    <p class='ocr_par' dir='ltr' id='par_1_2' title="bbox 147 406 1315 584">
     <span class='ocr_line' id='line_1_2' title="bbox 149 406 1315 516; baseline 0.002 -48"><span class='ocrx_word' id='word_1_7' title='bbox 149 410 223 468; x_wconf 90' lang='lat' dir='ltr'><strong>Cum</strong></span> <span class='ocrx_word' id='word_1_8' title='bbox 236 408 331 488; x_wconf 82' lang='lat' dir='ltr'><strong>leges,</strong></span> <span class='ocrx_word' id='word_1_9' title='bbox 345 407 539 470; x_wconf 81' lang='lat' dir='ltr'><strong>Athenienses</strong></span> <span class='ocrx_word' id='word_1_10' title='bbox 541 409 713 516; x_wconf 68' lang='lat' dir='ltr'><strong>‚praeclara</strong></span> <span class='ocrx_word' id='word_1_11' title='bbox 736 411 837 471; x_wconf 87' lang='lat' dir='ltr'><strong>multae</strong></span> <span class='ocrx_word' id='word_1_12' title='bbox 860 409 929 482; x_wconf 88' lang='lat' dir='ltr'><strong>sint,</strong></span> <span class='ocrx_word' id='word_1_13' title='bbox 942 407 1023 470; x_wconf 92' lang='lat' dir='ltr'><strong>haud</strong></span> <span class='ocrx_word' id='word_1_14' title='bbox 1046 409 1108 470; x_wconf 88' lang='lat' dir='ltr'><strong>scio</strong></span> <span class='ocrx_word' id='word_1_15' title='bbox 1128 429 1166 470; x_wconf 84' lang='lat' dir='ltr'><strong>an</strong></span> <span class='ocrx_word' id='word_1_16' title='bbox 1187 409 1250 470; x_wconf 87' lang='lat' dir='ltr'><strong>ulla</strong></span> <span class='ocrx_word' id='word_1_17' title='bbox 1311 406 1315 410; x_wconf 73' lang='grc'><strong>’</strong></span> 
     </span>
     <span class='ocr_line' id='line_1_3' title="bbox 147 497 1251 586; baseline 0.003 -26"><span class='ocrx_word' id='word_1_18' title='bbox 147 503 215 576; x_wconf 89' lang='lat' dir='ltr'><strong>huic</strong></span> <span class='ocrx_word' id='word_1_19' title='bbox 238 503 284 562; x_wconf 90' lang='lat' dir='ltr'><strong>vel</strong></span> <span class='ocrx_word' id='word_1_20' title='bbox 305 497 484 582; x_wconf 76' lang='lat' dir='ltr'><strong>praestantia,</strong></span> <span class='ocrx_word' id='word_1_21' title='bbox 506 504 553 564; x_wconf 84' lang='lat' dir='ltr'><strong>vel</strong></span> <span class='ocrx_word' id='word_1_22' title='bbox 576 505 653 583; x_wconf 83' lang='lat' dir='ltr'><strong>sequi</strong></span> <span class='ocrx_word' id='word_1_23' title='bbox 654 505 715 564; x_wconf 85' lang='lat' dir='ltr'><strong>&#39;tate</strong></span> <span class='ocrx_word' id='word_1_24' title='bbox 740 506 777 564; x_wconf 90' lang='lat' dir='ltr'><strong>sit</strong></span> <span class='ocrx_word' id='word_1_25' title='bbox 799 505 994 584; x_wconf 85' lang='lat' dir='ltr'><strong>praeferenda.</strong></span> <span class='ocrx_word' id='word_1_26' title='bbox 1045 504 1251 586; x_wconf 82' lang='lat' dir='ltr'>Considerate</span> 
     </span>
    </p>

    <p class='ocr_par' dir='ltr' id='par_1_3' title="bbox 91 585 1294 1230">
     <span class='ocr_line' id='line_1_4' title="bbox 147 585 1272 676; baseline 0.001 -25"><span class='ocrx_word' id='word_1_27' title='bbox 147 614 257 676; x_wconf 78' lang='lat' dir='ltr'><strong>quaeso,</strong></span> <span class='ocrx_word' id='word_1_28' title='bbox 271 599 381 672; x_wconf 81' lang='lat' dir='ltr'><strong>quanta</strong></span> <span class='ocrx_word' id='word_1_29' title='bbox 395 595 531 672; x_wconf 82' lang='lat' dir='ltr'><strong>aequitate</strong></span> <span class='ocrx_word' id='word_1_30' title='bbox 547 597 575 654; x_wconf 80' lang='grc' dir='ltr'><strong>ιιι</strong></span> <span class='ocrx_word' id='word_1_31' title='bbox 586 596 772 655; x_wconf 80' lang='lat' dir='ltr'><strong>humanitate</strong></span> <span class='ocrx_word' id='word_1_32' title='bbox 785 597 823 654; x_wconf 79' lang='lat' dir='ltr'><strong>sit</strong></span> <span class='ocrx_word' id='word_1_33' title='bbox 834 597 962 656; x_wconf 75' lang='lat' dir='ltr'><strong>condita:</strong></span> <span class='ocrx_word' id='word_1_34' title='bbox 980 597 1021 656; x_wconf 88' lang='lat' dir='ltr'><strong>Si</strong></span> <span class='ocrx_word' id='word_1_35' title='bbox 1042 597 1130 675; x_wconf 90' lang='lat' dir='ltr'><strong>quis,</strong></span> <span class='ocrx_word' id='word_1_36' title='bbox 1145 585 1249 675; x_wconf 85' lang='lat' dir='ltr'><strong>iuquit,</strong></span> <span class='ocrx_word' id='word_1_37' title='bbox 1269 645 1272 651; x_wconf 89' lang='lat'>.</span> 
     </span>
     <span class='ocr_line' id='line_1_5' title="bbox 147 689 1292 769; baseline 0.003 -23"><span class='ocrx_word' id='word_1_38' title='bbox 147 689 310 748; x_wconf 81' lang='lat' dir='ltr'><strong>violenta</strong></span> <span class='ocrx_word' id='word_1_39' title='bbox 330 698 443 758; x_wconf 71' lang='lat' dir='ltr'><strong>morte</strong></span> <span class='ocrx_word' id='word_1_40' title='bbox 470 689 706 758; x_wconf 78' lang='lat' dir='ltr'><strong>occnbnerit.</strong></span> <span class='ocrx_word' id='word_1_41' title='bbox 748 689 878 748; x_wconf 86' lang='lat' dir='ltr'><strong>Primum</strong></span> <span class='ocrx_word' id='word_1_42' title='bbox 885 709 966 766; x_wconf 81' lang='lat' dir='ltr'><strong>quia</strong></span> <span class='ocrx_word' id='word_1_43' title='bbox 985 689 1158 769; x_wconf 69' lang='lat' dir='ltr'><strong>adscripsit</strong></span> <span class='ocrx_word' id='word_1_44' title='bbox 1174 689 1248 750; x_wconf 87' lang='lat' dir='ltr'><strong>vio·</strong></span> <span class='ocrx_word' id='word_1_45' title='bbox 1282 751 1292 768; x_wconf 21' lang='grc' dir='ltr'><strong>χ</strong></span> 
     </span>
     <span class='ocr_line' id='line_1_6' title="bbox 91 775 1249 862; baseline 0.003 -23"><span class='ocrx_word' id='word_1_46' title='bbox 91 775 93 780; x_wconf 71' lang='grc'><strong>’</strong></span> <span class='ocrx_word' id='word_1_47' title='bbox 147 780 265 856; x_wconf 81' lang='lat' dir='ltr'><strong>lenta,</strong></span> <span class='ocrx_word' id='word_1_48' title='bbox 282 780 451 862; x_wconf 26' lang='lat' dir='ltr'><strong>&#39;significare</strong></span> <span class='ocrx_word' id='word_1_49' title='bbox 465 781 672 859; x_wconf 58' lang='lat' dir='ltr'><strong>voln,it,s1per</strong></span> <span class='ocrx_word' id='word_1_50' title='bbox 690 779 826 860; x_wconf 85' lang='lat' dir='ltr'><strong>inJ&#39;u‘riam</strong></span> <span class='ocrx_word' id='word_1_51' title='bbox 839 782 878 841; x_wconf 87' lang='lat' dir='ltr'><strong>sit</strong></span> <span class='ocrx_word' id='word_1_52' title='bbox 889 779 1018 843; x_wconf 88' lang='lat' dir='ltr'><strong>occisus.</strong></span> <span class='ocrx_word' id='word_1_53' title='bbox 1061 781 1249 860; x_wconf 82' lang='lat' dir='ltr'><strong>Cognatis</strong></span> 
     </span>
     <span class='ocr_line' id='line_1_7' title="bbox 105 873 1251 960; baseline 0.003 -30"><span class='ocrx_word' id='word_1_54' title='bbox 105 927 107 930; x_wconf 86' lang='lat'>.</span> <span class='ocrx_word' id='word_1_55' title='bbox 148 875 306 954; x_wconf 81' lang='lat' dir='ltr'><strong>pignora</strong></span> <span class='ocrx_word' id='word_1_56' title='bbox 335 893 473 960; x_wconf 81' lang='lat' dir='ltr'><strong>capere</strong></span> <span class='ocrx_word' id='word_1_57' title='bbox 502 873 626 936; x_wconf 85' lang='lat' dir='ltr'><strong>licere</strong></span> <span class='ocrx_word' id='word_1_58' title='bbox 652 873 775 935; x_wconf 73' lang='lat' dir='ltr'><strong>,donec</strong></span> <span class='ocrx_word' id='word_1_59' title='bbox 802 883 870 933; x_wconf 90' lang='lat' dir='ltr'><strong>ant</strong></span> <span class='ocrx_word' id='word_1_60' title='bbox 890 873 1004 932; x_wconf 84' lang='lat' dir='ltr'><strong>coedis</strong></span> <span class='ocrx_word' id='word_1_61' title='bbox 1025 893 1177 944; x_wconf 82' lang='lat' dir='ltr'><strong>causam</strong></span> <span class='ocrx_word' id='word_1_62' title='bbox 1197 873 1251 934; x_wconf 90' lang='lat' dir='ltr'><strong>di-</strong></span> 
     </span>
     <span class='ocr_line' id='line_1_8' title="bbox 147 964 1251 1046; baseline 0.005 -23"><span class='ocrx_word' id='word_1_63' title='bbox 147 967 367 1040; x_wconf 73' lang='lat' dir='ltr'><strong>xerintaut</strong></span> <span class='ocrx_word' id='word_1_64' title='bbox 387 965 605 1026; x_wconf 86' lang='lat' dir='ltr'><strong>homicidas</strong></span> <span class='ocrx_word' id='word_1_65' title='bbox 635 964 885 1036; x_wconf 75' lang='lat' dir='ltr'><strong>dediderint,</strong></span> <span class='ocrx_word' id='word_1_66' title='bbox 923 965 1131 1039; x_wconf 57' lang='lat' dir='ltr'><strong>§ansidesatq</strong></span> <span class='ocrx_word' id='word_1_67' title='bbox 1160 987 1251 1046; x_wconf 87' lang='lat' dir='ltr'><strong>quam</strong></span> 
     </span>
     <span class='ocr_line' id='line_1_9' title="bbox 146 1056 1251 1138; baseline 0.003 -23"><span class='ocrx_word' id='word_1_68' title='bbox 146 1056 231 1135; x_wconf 84' lang='lat' dir='ltr'><strong>hene.</strong></span> <span class='ocrx_word' id='word_1_69' title='bbox 274 1056 493 1138; x_wconf 79' lang='lat' dir='ltr'><strong>Priussausam</strong></span> <span class='ocrx_word' id='word_1_70' title='bbox 508 1057 566 1124; x_wconf 86' lang='lat' dir='ltr'><strong>dici</strong></span> <span class='ocrx_word' id='word_1_71' title='bbox 576 1056 657 1128; x_wconf 85' lang='lat' dir='ltr'><strong>velit,</strong></span> <span class='ocrx_word' id='word_1_72' title='bbox 667 1057 747 1136; x_wconf 90' lang='lat' dir='ltr'><strong>quod</strong></span> <span class='ocrx_word' id='word_1_73' title='bbox 758 1057 785 1118; x_wconf 88' lang='lat' dir='ltr'><strong>si</strong></span> <span class='ocrx_word' id='word_1_74' title='bbox 799 1057 903 1135; x_wconf 81' lang='lat' dir='ltr'><strong>nolint,</strong></span> <span class='ocrx_word' id='word_1_75' title='bbox 915 1065 985 1136; x_wconf 88' lang='lat' dir='ltr'><strong>post</strong></span> <span class='ocrx_word' id='word_1_76' title='bbox 999 1057 1068 1117; x_wconf 91' lang='lat' dir='ltr'><strong>dedi</strong></span> <span class='ocrx_word' id='word_1_77' title='bbox 1087 1058 1251 1138; x_wconf 80' lang='lat' dir='ltr'><strong>imperavit,</strong></span> 
     </span>
     <span class='ocr_line' id='line_1_10' title="bbox 147 1150 1294 1230; baseline 0.002 -20"><span class='ocrx_word' id='word_1_78' title='bbox 147 1152 192 1222; x_wconf 84' lang='lat' dir='ltr'><strong>sin</strong></span> <span class='ocrx_word' id='word_1_79' title='bbox 207 1151 310 1211; x_wconf 86' lang='lat' dir='ltr'><strong>horum</strong></span> <span class='ocrx_word' id='word_1_80' title='bbox 325 1161 481 1229; x_wconf 82' lang='lat' dir='ltr'><strong>utrumque</strong></span> <span class='ocrx_word' id='word_1_81' title='bbox 493 1151 668 1228; x_wconf 85' lang='lat' dir='ltr'><strong>detrectent,</strong></span> <span class='ocrx_word' id='word_1_82' title='bbox 683 1150 841 1228; x_wconf 78' lang='lat' dir='ltr'><strong>pignora</strong></span> <span class='ocrx_word' id='word_1_83' title='bbox 862 1151 981 1214; x_wconf 89' lang='lat' dir='ltr'><strong>licere</strong></span> <span class='ocrx_word' id='word_1_84' title='bbox 1010 1152 1101 1230; x_wconf 80' lang='lat' dir='ltr'><strong>capi</strong></span> <span class='ocrx_word' id='word_1_85' title='bbox 1130 1171 1251 1230; x_wconf 89' lang='lat' dir='ltr'><strong>usque</strong></span> <span class='ocrx_word' id='word_1_86' title='bbox 1292 1197 1294 1202; x_wconf 84' lang='lat'>-</span> 
     </span>
    </p>
   </div>
   <div class='ocr_carea' id='block_1_3' title="bbox 146 1238 1352 1330">
    <p class='ocr_par' dir='ltr' id='par_1_4' title="bbox 146 1238 1352 1330">
     <span class='ocr_line' id='line_1_11' title="bbox 146 1238 1352 1330; baseline 0.003 -29"><span class='ocrx_word' id='word_1_87' title='bbox 146 1244 191 1320; x_wconf 88' lang='lat' dir='ltr'><strong>ad</strong></span> <span class='ocrx_word' id='word_1_88' title='bbox 212 1253 299 1315; x_wconf 91' lang='lat' dir='ltr'><strong>tres,</strong></span> <span class='ocrx_word' id='word_1_89' title='bbox 320 1263 404 1302; x_wconf 51' lang='lat' dir='ltr'><strong>non¹</strong></span> <span class='ocrx_word' id='word_1_90' title='bbox 418 1243 531 1302; x_wconf 90' lang='lat' dir='ltr'><strong>ultra.</strong></span> <span class='ocrx_word' id='word_1_91' title='bbox 574 1238 685 1330; x_wconf 85' lang='lat' dir='ltr'><strong>Contra</strong></span> <span class='ocrx_word' id='word_1_92' title='bbox 697 1252 788 1302; x_wconf 87' lang='lat' dir='ltr'><strong>totam</strong></span> <span class='ocrx_word' id='word_1_93' title='bbox 799 1243 887 1322; x_wconf 75' lang='lat' dir='ltr'><strong>igitur</strong></span> <span class='ocrx_word' id='word_1_94' title='bbox 899 1244 997 1322; x_wconf 79' lang='lat' dir='ltr'><strong>legent</strong></span> <span class='ocrx_word' id='word_1_95' title='bbox 1011 1245 1088 1304; x_wconf 88' lang='lat' dir='ltr'><strong>hanc</strong></span> <span class='ocrx_word' id='word_1_96' title='bbox 1102 1243 1252 1305; x_wconf 87' lang='lat' dir='ltr'><strong>decretum</strong></span> <span class='ocrx_word' id='word_1_97' title='bbox 1350 1241 1352 1244; x_wconf 65' lang='grc'><strong>’</strong></span> 
     </span>
    </p>
   </div>
   <div class='ocr_carea' id='block_1_4' title="bbox 53 1333 1254 2800">
    <p class='ocr_par' dir='ltr' id='par_1_5' title="bbox 53 1333 1254 2800">
     <span class='ocr_line' id='line_1_12' title="bbox 144 1333 1253 1412; baseline 0.002 -18"><span class='ocrx_word' id='word_1_98' title='bbox 144 1333 254 1395; x_wconf 87' lang='lat' dir='ltr'><strong>lactum</strong></span> <span class='ocrx_word' id='word_1_99' title='bbox 269 1347 324 1394; x_wconf 88' lang='lat' dir='ltr'><strong>est.</strong></span> <span class='ocrx_word' id='word_1_100' title='bbox 366 1335 494 1394; x_wconf 90' lang='lat' dir='ltr'><strong>Primum</strong></span> <span class='ocrx_word' id='word_1_101' title='bbox 506 1335 593 1405; x_wconf 86' lang='lat' dir='ltr'><strong>enim,</strong></span> <span class='ocrx_word' id='word_1_102' title='bbox 609 1335 632 1405; x_wconf 85' lang='lat' dir='ltr'><strong>si</strong></span> <span class='ocrx_word' id='word_1_103' title='bbox 646 1335 712 1412; x_wconf 85' lang='lat' dir='ltr'><strong>quis</strong></span> <span class='ocrx_word' id='word_1_104' title='bbox 730 1335 881 1406; x_wconf 88' lang='lat' dir='ltr'><strong>occiderit,</strong></span> <span class='ocrx_word' id='word_1_105' title='bbox 893 1336 1058 1407; x_wconf 79' lang='lat' dir='ltr'><strong>scribendo,</strong></span> <span class='ocrx_word' id='word_1_106' title='bbox 1073 1357 1132 1396; x_wconf 90' lang='lat' dir='ltr'><strong>non</strong></span> <span class='ocrx_word' id='word_1_107' title='bbox 1143 1338 1253 1398; x_wconf 87' lang='lat' dir='ltr'><strong>adscri-</strong></span> 
     </span>
     <span class='ocr_line' id='line_1_13' title="bbox 143 1413 1252 1510; baseline 0.004 -24"><span class='ocrx_word' id='word_1_108' title='bbox 143 1413 213 1508; x_wconf 79' lang='lat' dir='ltr'><strong>psit,</strong></span> <span class='ocrx_word' id='word_1_109' title='bbox 222 1428 339 1506; x_wconf 89' lang='lat' dir='ltr'><strong>injuste,</strong></span> <span class='ocrx_word' id='word_1_110' title='bbox 353 1438 403 1488; x_wconf 88' lang='lat' dir='ltr'><strong>aut</strong></span> <span class='ocrx_word' id='word_1_111' title='bbox 416 1427 566 1500; x_wconf 88' lang='lat' dir='ltr'><strong>violenter,</strong></span> <span class='ocrx_word' id='word_1_112' title='bbox 581 1428 651 1486; x_wconf 90' lang='lat' dir='ltr'><strong>nihil</strong></span> <span class='ocrx_word' id='word_1_113' title='bbox 665 1427 781 1498; x_wconf 80' lang='lat' dir='ltr'><strong>omnino</strong></span> <span class='ocrx_word' id='word_1_114' title='bbox 796 1427 941 1508; x_wconf 80' lang='lat' dir='ltr'><strong>denique:</strong></span> <span class='ocrx_word' id='word_1_115' title='bbox 962 1429 1069 1489; x_wconf 90' lang='lat' dir='ltr'><strong>deinde</strong></span> <span class='ocrx_word' id='word_1_116' title='bbox 1082 1435 1252 1510; x_wconf 84' lang='lat' dir='ltr'><strong>priusquam</strong></span> 
     </span>
     <span class='ocr_line' id='line_1_14' title="bbox 82 1517 1252 1602; baseline 0.005 -26"><span class='ocrx_word' id='word_1_117' title='bbox 82 1571 85 1576; x_wconf 20' lang='lat' dir='ltr'><strong>r</strong></span> <span class='ocrx_word' id='word_1_118' title='bbox 144 1540 263 1602; x_wconf 80' lang='lat' dir='ltr'><strong>cansam</strong></span> <span class='ocrx_word' id='word_1_119' title='bbox 285 1521 344 1589; x_wconf 83' lang='lat' dir='ltr'><strong>dici</strong></span> <span class='ocrx_word' id='word_1_120' title='bbox 362 1521 494 1599; x_wconf 87' lang='lat' dir='ltr'><strong>jusserit,</strong></span> <span class='ocrx_word' id='word_1_121' title='bbox 518 1521 616 1580; x_wconf 87' lang='lat' dir='ltr'><strong>statim</strong></span> <span class='ocrx_word' id='word_1_122' title='bbox 632 1519 749 1598; x_wconf 82' lang='lat' dir='ltr'><strong>scripsit</strong></span> <span class='ocrx_word' id='word_1_123' title='bbox 766 1517 857 1590; x_wconf 81' lang='lat' dir='ltr'><strong>¹licere</strong></span> <span class='ocrx_word' id='word_1_124' title='bbox 881 1521 1006 1580; x_wconf 89' lang='lat' dir='ltr'><strong>abduci:</strong></span> <span class='ocrx_word' id='word_1_125' title='bbox 1026 1531 1170 1600; x_wconf 63' lang='lat' dir='ltr'><strong>praeterea</strong></span> <span class='ocrx_word' id='word_1_126' title='bbox 1192 1524 1252 1595; x_wconf 84' lang='lat' dir='ltr'><strong>lex,</strong></span> 
     </span>
     <span class='ocr_line' id='line_1_15' title="bbox 144 1614 1251 1693; baseline 0 -17"><span class='ocrx_word' id='word_1_127' title='bbox 144 1615 170 1682; x_wconf 80' lang='lat' dir='ltr'><strong>si</strong></span> <span class='ocrx_word' id='word_1_128' title='bbox 185 1635 281 1693; x_wconf 87' lang='lat' dir='ltr'><strong>neque</strong></span> <span class='ocrx_word' id='word_1_129' title='bbox 289 1635 409 1688; x_wconf 81' lang='lat' dir='ltr'><strong>causam</strong></span> <span class='ocrx_word' id='word_1_130' title='bbox 421 1614 545 1690; x_wconf 82' lang='lat' dir='ltr'><strong>dixerint</strong></span> <span class='ocrx_word' id='word_1_131' title='bbox 556 1615 584 1673; x_wconf 92' lang='lat' dir='ltr'><strong>hi</strong></span> <span class='ocrx_word' id='word_1_132' title='bbox 595 1614 671 1692; x_wconf 84' lang='lat' dir='ltr'><strong>apud</strong></span> <span class='ocrx_word' id='word_1_133' title='bbox 682 1633 757 1691; x_wconf 91' lang='lat' dir='ltr'><strong>quos</strong></span> <span class='ocrx_word' id='word_1_134' title='bbox 772 1615 853 1672; x_wconf 83' lang='lat' dir='ltr'><strong>lacta</strong></span> <span class='ocrx_word' id='word_1_135' title='bbox 864 1614 961 1686; x_wconf 75' lang='lat' dir='ltr'><strong>caedes</strong></span> <span class='ocrx_word' id='word_1_136' title='bbox 975 1623 1030 1684; x_wconf 79' lang='lat' dir='ltr'><strong>est,</strong></span> <span class='ocrx_word' id='word_1_137' title='bbox 1040 1635 1135 1693; x_wconf 90' lang='lat' dir='ltr'><strong>neque</strong></span> <span class='ocrx_word' id='word_1_138' title='bbox 1150 1625 1251 1676; x_wconf 89' lang='lat' dir='ltr'><strong>sontes</strong></span> 
     </span>
     <span class='ocr_line' id='line_1_16' title="bbox 53 1706 1251 1790; baseline 0.003 -25"><span class='ocrx_word' id='word_1_139' title='bbox 53 1765 55 1773; x_wconf 51' lang='lat'><strong>,</strong></span> <span class='ocrx_word' id='word_1_140' title='bbox 146 1707 323 1790; x_wconf 78' lang='lat' dir='ltr'><strong>dediderint,</strong></span> <span class='ocrx_word' id='word_1_141' title='bbox 332 1718 434 1783; x_wconf 79' lang='lat' dir='ltr'><strong>eontra</strong></span> <span class='ocrx_word' id='word_1_142' title='bbox 443 1707 498 1764; x_wconf 92' lang='lat' dir='ltr'><strong>hos</strong></span> <span class='ocrx_word' id='word_1_143' title='bbox 512 1707 667 1786; x_wconf 85' lang='lat' dir='ltr'><strong>pignorum</strong></span> <span class='ocrx_word' id='word_1_144' title='bbox 681 1706 846 1784; x_wconf 76' lang='lat' dir='ltr'><strong>captionem</strong></span> <span class='ocrx_word' id='word_1_145' title='bbox 862 1707 901 1765; x_wconf 91' lang='lat' dir='ltr'><strong>ad</strong></span> <span class='ocrx_word' id='word_1_146' title='bbox 915 1716 976 1766; x_wconf 80' lang='lat' dir='ltr'><strong>tres</strong></span> <span class='ocrx_word' id='word_1_147' title='bbox 986 1726 1079 1785; x_wconf 88' lang='lat' dir='ltr'><strong>usque</strong></span> <span class='ocrx_word' id='word_1_148' title='bbox 1094 1707 1251 1780; x_wconf 79' lang='lat' dir='ltr'><strong>concedit:</strong></span> 
     </span>
     <span class='ocr_line' id='line_1_17' title="bbox 144 1797 1253 1877; baseline 0.002 -18"><span class='ocrx_word' id='word_1_149' title='bbox 144 1801 204 1860; x_wconf 89' lang='lat' dir='ltr'><strong>iste</strong></span> <span class='ocrx_word' id='word_1_150' title='bbox 228 1818 296 1859; x_wconf 85' lang='lat' dir='ltr'><strong>vero</strong></span> <span class='ocrx_word' id='word_1_151' title='bbox 319 1799 374 1858; x_wconf 85' lang='lat' dir='ltr'><strong>hos</strong></span> <span class='ocrx_word' id='word_1_152' title='bbox 400 1800 478 1858; x_wconf 91' lang='lat' dir='ltr'><strong>omni</strong></span> <span class='ocrx_word' id='word_1_153' title='bbox 499 1799 620 1876; x_wconf 86' lang='lat' dir='ltr'><strong>crimine</strong></span> <span class='ocrx_word' id='word_1_154' title='bbox 639 1799 780 1876; x_wconf 78' lang='lat' dir='ltr'><strong>liberavit,</strong></span> <span class='ocrx_word' id='word_1_155' title='bbox 801 1797 884 1876; x_wconf 78' lang='lat' dir='ltr'><strong>nulla</strong></span> <span class='ocrx_word' id='word_1_156' title='bbox 904 1818 1022 1877; x_wconf 89' lang='lat' dir='ltr'><strong>prorsus</strong></span> <span class='ocrx_word' id='word_1_157' title='bbox 1043 1818 1148 1868; x_wconf 82' lang='lat' dir='ltr'><strong>eorum</strong></span> <span class='ocrx_word' id='word_1_158' title='bbox 1163 1799 1253 1872; x_wconf 82' lang='lat' dir='ltr'><strong>¹facta</strong></span> 
     </span>
     <span class='ocr_line' id='line_1_18' title="bbox 144 1887 1253 1970; baseline 0.002 -18"><span class='ocrx_word' id='word_1_159' title='bbox 144 1893 304 1954; x_wconf 85' lang='lat' dir='ltr'><strong>mentione.</strong></span> <span class='ocrx_word' id='word_1_160' title='bbox 360 1893 420 1951; x_wconf 87' lang='lat' dir='ltr'><strong>Sed</strong></span> <span class='ocrx_word' id='word_1_161' title='bbox 441 1897 503 1966; x_wconf 87' lang='lat' dir='ltr'><strong>J&#39;am</strong></span> <span class='ocrx_word' id='word_1_162' title='bbox 528 1891 711 1950; x_wconf 83' lang='lat' dir='ltr'><strong>exsulantem</strong></span> <span class='ocrx_word' id='word_1_163' title='bbox 733 1892 913 1970; x_wconf 79' lang='lat' dir='ltr'><strong>(quanquam</strong></span> <span class='ocrx_word' id='word_1_164' title='bbox 935 1887 1048 1951; x_wconf 74' lang='lat' dir='ltr'><strong>&#39;natura</strong></span> <span class='ocrx_word' id='word_1_165' title='bbox 1070 1900 1100 1950; x_wconf 88' lang='lat' dir='ltr'><strong>et</strong></span> <span class='ocrx_word' id='word_1_166' title='bbox 1122 1893 1253 1954; x_wconf 87' lang='lat' dir='ltr'><strong>omnium</strong></span> 
     </span>
     <span class='ocr_line' id='line_1_19' title="bbox 133 1983 1254 2062; baseline 0.004 -22"><span class='ocrx_word' id='word_1_167' title='bbox 133 1986 310 2046; x_wconf 82' lang='lat' dir='ltr'><strong>mortalium</strong></span> <span class='ocrx_word' id='word_1_168' title='bbox 333 1984 480 2058; x_wconf 73' lang='lat' dir='ltr'><strong>commqni</strong></span> <span class='ocrx_word' id='word_1_169' title='bbox 504 1984 644 2062; x_wconf 83' lang='lat' dir='ltr'><strong>suffragio</strong></span> <span class='ocrx_word' id='word_1_170' title='bbox 665 1985 855 2062; x_wconf 69' lang='lat' dir='ltr'><strong>comprobata</strong></span> <span class='ocrx_word' id='word_1_171' title='bbox 868 1983 935 2060; x_wconf 86' lang='lat' dir='ltr'><strong>lege</strong></span> <span class='ocrx_word' id='word_1_172' title='bbox 951 1984 1144 2052; x_wconf 83' lang='lat' dir='ltr'><strong>constitutum</strong></span> <span class='ocrx_word' id='word_1_173' title='bbox 1158 1985 1204 2056; x_wconf 88' lang='lat' dir='ltr'><strong>sit,</strong></span> <span class='ocrx_word' id='word_1_174' title='bbox 1219 1991 1254 2044; x_wconf 86' lang='grc' dir='ltr'><strong>ιιι</strong></span> 
     </span>
     <span class='ocr_line' id='line_1_20' title="bbox 145 2065 1251 2154; baseline -0.001 -16"><span class='ocrx_word' id='word_1_175' title='bbox 145 2078 231 2138; x_wconf 87' lang='lat' dir='ltr'><strong>exsul</strong></span> <span class='ocrx_word' id='word_1_176' title='bbox 253 2075 437 2152; x_wconf 76' lang='lat' dir='ltr'><strong>admittatur)</strong></span> <span class='ocrx_word' id='word_1_177' title='bbox 462 2077 486 2135; x_wconf 91' lang='lat' dir='ltr'><strong>si</strong></span> <span class='ocrx_word' id='word_1_178' title='bbox 514 2076 563 2154; x_wconf 92' lang='lat' dir='ltr'><strong>qui</strong></span> <span class='ocrx_word' id='word_1_179' title='bbox 585 2077 775 2154; x_wconf 86' lang='lat' dir='ltr'><strong>susceperint,</strong></span> <span class='ocrx_word' id='word_1_180' title='bbox 791 2065 931 2134; x_wconf 82' lang='lat' dir='ltr'><strong>societate</strong></span> <span class='ocrx_word' id='word_1_181' title='bbox 952 2075 1095 2140; x_wconf 83' lang='lat' dir='ltr'><strong>foederum</strong></span> <span class='ocrx_word' id='word_1_182' title='bbox 1110 2077 1251 2148; x_wconf 85' lang='lat' dir='ltr'><strong>excludit,</strong></span> 
     </span>
     <span class='ocr_line' id='line_1_21' title="bbox 145 2168 1252 2249; baseline 0.002 -19"><span class='ocrx_word' id='word_1_183' title='bbox 145 2169 309 2249; x_wconf 87' lang='lat' dir='ltr'><strong>supplicem</strong></span> <span class='ocrx_word' id='word_1_184' title='bbox 324 2170 355 2228; x_wconf 91' lang='lat' dir='ltr'><strong>ni</strong></span> <span class='ocrx_word' id='word_1_185' title='bbox 368 2169 545 2236; x_wconf 55' lang='lat' dir='ltr'><strong>dediderint*</strong></span> <span class='ocrx_word' id='word_1_186' title='bbox 587 2168 716 2228; x_wconf 79' lang='lat' dir='ltr'><strong>Proinde</strong></span> <span class='ocrx_word' id='word_1_187' title='bbox 738 2177 803 2234; x_wconf 86' lang='grc' dir='ltr'><strong>ιιιιιι</strong></span> <span class='ocrx_word' id='word_1_188' title='bbox 815 2168 961 2246; x_wconf 76' lang='lat' dir='ltr'><strong>quianon</strong></span> <span class='ocrx_word' id='word_1_189' title='bbox 976 2169 1113 2248; x_wconf 79' lang='lat' dir='ltr'><strong>apposnit</strong></span> <span class='ocrx_word' id='word_1_190' title='bbox 1123 2171 1252 2238; x_wconf 84' lang='lat' dir='ltr'><strong>¹modom</strong></span> 
     </span>
     <span class='ocr_line' id='line_1_22' title="bbox 145 2261 1252 2341; baseline -0.004 -18"><span class='ocrx_word' id='word_1_191' title='bbox 145 2263 248 2334; x_wconf 82' lang='lat' dir='ltr'><strong>coedis,</strong></span> <span class='ocrx_word' id='word_1_192' title='bbox 272 2273 334 2338; x_wconf 82' lang='lat' dir='ltr'><strong>tum</strong></span> <span class='ocrx_word' id='word_1_193' title='bbox 357 2263 426 2340; x_wconf 88' lang='lat' dir='ltr'><strong>quia</strong></span> <span class='ocrx_word' id='word_1_194' title='bbox 444 2261 588 2340; x_wconf 86' lang='lat' dir='ltr'><strong>judicium</strong></span> <span class='ocrx_word' id='word_1_195' title='bbox 611 2281 670 2320; x_wconf 89' lang='lat' dir='ltr'><strong>non</strong></span> <span class='ocrx_word' id='word_1_196' title='bbox 692 2261 836 2329; x_wconf 83' lang='lat' dir='ltr'><strong>nominat,</strong></span> <span class='ocrx_word' id='word_1_197' title='bbox 860 2271 922 2319; x_wconf 89' lang='lat' dir='ltr'><strong>tum</strong></span> <span class='ocrx_word' id='word_1_198' title='bbox 947 2261 1029 2338; x_wconf 63' lang='lat' dir='ltr'><strong>quia,</strong></span> <span class='ocrx_word' id='word_1_199' title='bbox 1047 2281 1148 2340; x_wconf 89' lang='lat' dir='ltr'><strong>poenas</strong></span> <span class='ocrx_word' id='word_1_200' title='bbox 1174 2262 1252 2341; x_wconf 82' lang='lat' dir='ltr'><strong>exigi</strong></span> 
     </span>
     <span class='ocr_line' id='line_1_23' title="bbox 129 2353 1252 2434; baseline -0.005 -16"><span class='ocrx_word' id='word_1_201' title='bbox 129 2376 207 2426; x_wconf 59' lang='lat' dir='ltr'><strong>‚non</strong></span> <span class='ocrx_word' id='word_1_202' title='bbox 225 2356 324 2434; x_wconf 87' lang='lat' dir='ltr'><strong>J&#39;ubet,</strong></span> <span class='ocrx_word' id='word_1_203' title='bbox 333 2358 395 2413; x_wconf 77' lang='lat' dir='ltr'><strong>tu&#39;m</strong></span> <span class='ocrx_word' id='word_1_204' title='bbox 409 2355 478 2431; x_wconf 87' lang='lat' dir='ltr'><strong>quia</strong></span> <span class='ocrx_word' id='word_1_205' title='bbox 492 2354 544 2412; x_wconf 90' lang='lat' dir='ltr'><strong>dat</strong></span> <span class='ocrx_word' id='word_1_206' title='bbox 557 2353 687 2432; x_wconf 89' lang='lat' dir='ltr'><strong>undique</strong></span> <span class='ocrx_word' id='word_1_207' title='bbox 701 2353 969 2432; x_wconf 84' lang='lat' dir='ltr'><strong>comprehendendi</strong></span> <span class='ocrx_word' id='word_1_208' title='bbox 992 2353 1175 2426; x_wconf 80' lang='lat' dir='ltr'><strong>facultatem,</strong></span> <span class='ocrx_word' id='word_1_209' title='bbox 1187 2364 1252 2414; x_wconf 88' lang='lat' dir='ltr'><strong>tum</strong></span> 
     </span>
     <span class='ocr_line' id='line_1_24' title="bbox 142 2444 1252 2526; baseline -0.002 -20"><span class='ocrx_word' id='word_1_210' title='bbox 142 2448 216 2526; x_wconf 87' lang='lat' dir='ltr'><strong>quia</strong></span> <span class='ocrx_word' id='word_1_211' title='bbox 240 2467 292 2506; x_wconf 90' lang='lat' dir='ltr'><strong>eos</strong></span> <span class='ocrx_word' id='word_1_212' title='bbox 319 2446 558 2524; x_wconf 83' lang='lat' dir='ltr'><strong>quireceperiut,</strong></span> <span class='ocrx_word' id='word_1_213' title='bbox 573 2464 631 2504; x_wconf 92' lang='lat' dir='ltr'><strong>non</strong></span> <span class='ocrx_word' id='word_1_214' title='bbox 655 2445 806 2524; x_wconf 79' lang='lat' dir='ltr'><strong>eos-apud</strong></span> <span class='ocrx_word' id='word_1_215' title='bbox 833 2465 914 2522; x_wconf 87' lang='lat' dir='ltr'><strong>quos</strong></span> <span class='ocrx_word' id='word_1_216' title='bbox 932 2446 1009 2504; x_wconf 87' lang='lat' dir='ltr'><strong>lacta</strong></span> <span class='ocrx_word' id='word_1_217' title='bbox 1033 2445 1130 2504; x_wconf 80' lang='lat' dir='ltr'><strong>caedes</strong></span> <span class='ocrx_word' id='word_1_218' title='bbox 1155 2444 1252 2518; x_wconf 83' lang='lat' dir='ltr'><strong>luerit,</strong></span> 
     </span>
     <span class='ocr_line' id='line_1_25' title="bbox 142 2537 1253 2624; baseline 0.001 -26"><span class='ocrx_word' id='word_1_219' title='bbox 142 2539 242 2622; x_wconf 90' lang='lat' dir='ltr'><strong>puniri</strong></span> <span class='ocrx_word' id='word_1_220' title='bbox 261 2539 364 2618; x_wconf 87' lang='lat' dir='ltr'><strong>J&#39;ubet,</strong></span> <span class='ocrx_word' id='word_1_221' title='bbox 379 2539 466 2596; x_wconf 89' lang='lat' dir='ltr'><strong>rebus</strong></span> <span class='ocrx_word' id='word_1_222' title='bbox 489 2537 617 2616; x_wconf 89' lang='lat' dir='ltr'><strong>denique</strong></span> <span class='ocrx_word' id='word_1_223' title='bbox 641 2539 777 2609; x_wconf 43' lang='lat' dir='ltr'><strong>omnibus,</strong></span> <span class='ocrx_word' id='word_1_224' title='bbox 795 2537 871 2612; x_wconf 88' lang='lat' dir='ltr'><strong>hanc</strong></span> <span class='ocrx_word' id='word_1_225' title='bbox 890 2555 1009 2617; x_wconf 80' lang='lat' dir='ltr'><strong>quoque</strong></span> <span class='ocrx_word' id='word_1_226' title='bbox 1021 2538 1117 2624; x_wconf 84' lang='lat' dir='ltr'><strong>legem</strong></span> <span class='ocrx_word' id='word_1_227' title='bbox 1132 2537 1253 2610; x_wconf 80' lang='lat' dir='ltr'><strong>decreto</strong></span> 
     </span>
     <span class='ocr_line' id='line_1_26' title="bbox 143 2631 345 2692; baseline -0.021 0"><span class='ocrx_word' id='word_1_228' title='bbox 143 2651 201 2692; x_wconf 87' lang='lat' dir='ltr'><strong>suo</strong></span> <span class='ocrx_word' id='word_1_229' title='bbox 216 2631 345 2690; x_wconf 80' lang='lat' dir='ltr'><strong>violavit.</strong></span> 
     </span>
     <span class='ocr_line' id='line_1_27' title="bbox 161 2720 620 2800; baseline 0.005 -20.123"><span class='ocrx_word' id='word_1_230' title='bbox 161 2724 237 2780; x_wconf 78' lang='lat'><strong>22.</strong></span> <span class='ocrx_word' id='word_1_231' title='bbox 259 2722 322 2800; x_wconf 84' lang='lat' dir='ltr'><strong>Age</strong></span> <span class='ocrx_word' id='word_1_232' title='bbox 338 2731 507 2800; x_wconf 83' lang='lat' dir='ltr'><strong>sequentem</strong></span> <span class='ocrx_word' id='word_1_233' title='bbox 517 2720 620 2792; x_wconf 73' lang='lat' dir='ltr'><strong>recnta</strong></span> 
     </span>
    </p>
   </div>
   <div class='ocr_carea' id='block_1_5' title="bbox 507 2925 748 3023">
    <p class='ocr_par' dir='ltr' id='par_1_6' title="bbox 507 2925 748 3023">
     <span class='ocr_line' id='line_1_28' title="bbox 507 2925 748 3023; baseline 0.008 -2"><span class='ocrx_word' id='word_1_234' title='bbox 507 2925 508 2930; x_wconf 9' lang='grc' dir='ltr'><strong>ι</strong></span> <span class='ocrx_word' id='word_1_235' title='bbox 650 2963 748 3023; x_wconf 78' lang='lat' dir='ltr'><strong>nux</strong></span> 
     </span>
    </p>
   </div>
   <div class='ocr_carea' id='block_1_6' title="bbox 140 3085 1250 3258">
    <p class='ocr_par' dir='ltr' id='par_1_7' title="bbox 140 3085 1250 3258">
     <span class='ocr_line' id='line_1_29' title="bbox 149 3085 1250 3188; baseline 0.006 -20.152"><span class='ocrx_word' id='word_1_236' title='bbox 149 3121 262 3181; x_wconf 86' lang='lat' dir='ltr'><strong>Neque</strong></span> <span class='ocrx_word' id='word_1_237' title='bbox 272 3119 307 3166; x_wconf 82' lang='lat' dir='ltr'><strong>las</strong></span> <span class='ocrx_word' id='word_1_238' title='bbox 318 3120 455 3182; x_wconf 74' lang='lat' dir='ltr'><strong>estolsgesn</strong></span> <span class='ocrx_word' id='word_1_239' title='bbox 469 3119 498 3169; x_wconf 81' lang='lat' dir='ltr'><strong>de</strong></span> <span class='ocrx_word' id='word_1_240' title='bbox 511 3133 560 3166; x_wconf 90' lang='lat' dir='ltr'><strong>uno</strong></span> <span class='ocrx_word' id='word_1_241' title='bbox 582 3117 637 3166; x_wconf 82' lang='lat' dir='ltr'><strong>vito</strong></span> <span class='ocrx_word' id='word_1_242' title='bbox 651 3120 720 3174; x_wconf 80' lang='lat' dir='ltr'><strong>terre,</strong></span> <span class='ocrx_word' id='word_1_243' title='bbox 730 3119 776 3166; x_wconf 83' lang='lat' dir='ltr'><strong>nisi</strong></span> <span class='ocrx_word' id='word_1_244' title='bbox 791 3120 871 3168; x_wconf 83' lang='lat' dir='ltr'><strong>eadam</strong></span> <span class='ocrx_word' id='word_1_245' title='bbox 890 3122 920 3168; x_wconf 86' lang='lat' dir='ltr'><strong>ud</strong></span> <span class='ocrx_word' id='word_1_246' title='bbox 942 3136 1021 3170; x_wconf 84' lang='lat' dir='ltr'><strong>omnes</strong></span> <span class='ocrx_word' id='word_1_247' title='bbox 1032 3085 1185 3173; x_wconf 67' lang='lat' dir='ltr'><strong>Ademtum</strong></span> <span class='ocrx_word' id='word_1_248' title='bbox 1196 3141 1250 3188; x_wconf 82' lang='lat' dir='ltr'><strong>per·</strong></span> 
     </span>
     <span class='ocr_line' id='line_1_30' title="bbox 140 3199 227 3258; baseline 0.013 -13"><span class='ocrx_word' id='word_1_249' title='bbox 140 3199 227 3258; x_wconf 66' lang='lat' dir='ltr'><strong>tinent.</strong></span> 
     </span>
    </p>
   </div>
   <div class='ocr_carea' id='block_1_7' title="bbox 52 3313 1322 4348">
    <p class='ocr_par' dir='ltr' id='par_1_8' title="bbox 52 3313 1263 3608">
     <span class='ocr_line' id='line_1_31' title="bbox 141 3313 1263 3420; baseline 0.003 -23"><span class='ocrx_word' id='word_1_250' title='bbox 141 3339 224 3397; x_wconf 88' lang='lat' dir='ltr'><strong>Haec</strong></span> <span class='ocrx_word' id='word_1_251' title='bbox 237 3337 285 3397; x_wconf 89' lang='lat' dir='ltr'><strong>lex</strong></span> <span class='ocrx_word' id='word_1_252' title='bbox 298 3335 386 3396; x_wconf 89' lang='lat' dir='ltr'><strong>modo</strong></span> <span class='ocrx_word' id='word_1_253' title='bbox 399 3334 520 3394; x_wconf 86' lang='lat' dir='ltr'><strong>recitata</strong></span> <span class='ocrx_word' id='word_1_254' title='bbox 523 3333 666 3414; x_wconf 67' lang='lat' dir='ltr'><strong>,judiees</strong></span> <span class='ocrx_word' id='word_1_255' title='bbox 680 3341 740 3406; x_wconf 82' lang='lat' dir='ltr'><strong>non</strong></span> <span class='ocrx_word' id='word_1_256' title='bbox 750 3335 812 3413; x_wconf 83' lang='lat' dir='ltr'><strong>Jam</strong></span> <span class='ocrx_word' id='word_1_257' title='bbox 831 3344 880 3394; x_wconf 88' lang='lat' dir='ltr'><strong>et</strong></span> <span class='ocrx_word' id='word_1_258' title='bbox 880 3335 944 3414; x_wconf 87' lang='lat' dir='ltr'><strong>ipsa</strong></span> <span class='ocrx_word' id='word_1_259' title='bbox 958 3347 1005 3397; x_wconf 89' lang='lat' dir='ltr'><strong>est</strong></span> <span class='ocrx_word' id='word_1_260' title='bbox 1022 3334 1118 3398; x_wconf 82' lang='lat' dir='ltr'><strong>rerum</strong></span> <span class='ocrx_word' id='word_1_261' title='bbox 1133 3313 1248 3420; x_wconf 87' lang='lat' dir='ltr'><strong>capita-</strong></span> <span class='ocrx_word' id='word_1_262' title='bbox 1259 3351 1263 3359; x_wconf 85' lang='lat'>&#39;</span> 
     </span>
     <span class='ocr_line' id='line_1_32' title="bbox 134 3419 1251 3513; baseline 0.004 -23.014"><span class='ocrx_word' id='word_1_263' title='bbox 134 3433 225 3504; x_wconf 87' lang='lat' dir='ltr'><strong>lium,</strong></span> <span class='ocrx_word' id='word_1_264' title='bbox 239 3419 424 3488; x_wconf 89' lang='lat' dir='ltr'><strong>nihilomiuus</strong></span> <span class='ocrx_word' id='word_1_265' title='bbox 439 3439 548 3496; x_wconf 90' lang='lat' dir='ltr'><strong>tamen,</strong></span> <span class='ocrx_word' id='word_1_266' title='bbox 562 3437 596 3484; x_wconf 90' lang='lat' dir='ltr'><strong>ut</strong></span> <span class='ocrx_word' id='word_1_267' title='bbox 617 3426 641 3484; x_wconf 90' lang='lat' dir='ltr'><strong>si</strong></span> <span class='ocrx_word' id='word_1_268' title='bbox 665 3445 723 3504; x_wconf 87' lang='lat' dir='ltr'><strong>qua</strong></span> <span class='ocrx_word' id='word_1_269' title='bbox 737 3427 803 3497; x_wconf 87' lang='lat' dir='ltr'><strong>aha</strong></span> <span class='ocrx_word' id='word_1_270' title='bbox 818 3429 968 3505; x_wconf 73' lang='lat' dir='ltr'><strong>praeclara.</strong></span> <span class='ocrx_word' id='word_1_271' title='bbox 1012 3431 1089 3491; x_wconf 89' lang='lat' dir='ltr'><strong>Nam</strong></span> <span class='ocrx_word' id='word_1_272' title='bbox 1100 3443 1134 3492; x_wconf 91' lang='lat' dir='ltr'><strong>ut</strong></span> <span class='ocrx_word' id='word_1_273' title='bbox 1147 3435 1251 3513; x_wconf 80' lang='lat' dir='ltr'><strong>reliqui</strong></span> 
     </span>
     <span class='ocr_line' id='line_1_33' title="bbox 52 3519 1252 3625; baseline 0.003 -42"><span class='ocrx_word' id='word_1_274' title='bbox 52 3557 61 3574; x_wconf 85' lang='lat'>·</span> <span class='ocrx_word' id='word_1_275' title='bbox 131 3525 213 3608; x_wconf 88' lang='lat' dir='ltr'><strong>juris</strong></span> <span class='ocrx_word' id='word_1_276' title='bbox 228 3524 362 3592; x_wconf 88' lang='lat' dir='ltr'><strong>civitatis,</strong></span> <span class='ocrx_word' id='word_1_277' title='bbox 377 3521 418 3580; x_wconf 88' lang='lat' dir='ltr'><strong>ita</strong></span> <span class='ocrx_word' id='word_1_278' title='bbox 430 3521 528 3599; x_wconf 86' lang='lat' dir='ltr'><strong>legum</strong></span> <span class='ocrx_word' id='word_1_279' title='bbox 543 3538 661 3599; x_wconf 91' lang='lat' dir='ltr'><strong>quoque</strong></span> <span class='ocrx_word' id='word_1_280' title='bbox 675 3519 812 3590; x_wconf 86' lang='lat' dir='ltr'><strong>omnibus</strong></span> <span class='ocrx_word' id='word_1_281' title='bbox 823 3523 936 3625; x_wconf 81' lang='lat' dir='ltr'><strong>aequam&#39;</strong></span> <span class='ocrx_word' id='word_1_282' title='bbox 951 3533 1064 3601; x_wconf 88' lang='lat' dir='ltr'><strong>partem</strong></span> <span class='ocrx_word' id='word_1_283' title='bbox 1079 3545 1145 3585; x_wconf 87' lang='lat' dir='ltr'><strong>esse</strong></span> <span class='ocrx_word' id='word_1_284' title='bbox 1159 3527 1252 3586; x_wconf 85' lang='lat' dir='ltr'><strong>tribu-</strong></span> 
     </span>
    </p>

    <p class='ocr_par' dir='ltr' id='par_1_9' title="bbox 131 3611 1322 4242">
     <span class='ocr_line' id='line_1_34' title="bbox 131 3611 1310 3692; baseline 0.001 -16"><span class='ocrx_word' id='word_1_285' title='bbox 131 3613 251 3678; x_wconf 74' lang='lat' dir='ltr'><strong>endam</strong></span> <span class='ocrx_word' id='word_1_286' title='bbox 273 3615 387 3674; x_wconf 90' lang='lat' dir='ltr'><strong>censuit</strong></span> <span class='ocrx_word' id='word_1_287' title='bbox 409 3611 576 3692; x_wconf 58' lang='lat' dir='ltr'><strong>legislatore</strong></span> <span class='ocrx_word' id='word_1_288' title='bbox 598 3621 810 3691; x_wconf 72' lang='lat' dir='ltr'><strong>proptereaque</strong></span> <span class='ocrx_word' id='word_1_289' title='bbox 830 3612 957 3691; x_wconf 88' lang='lat' dir='ltr'><strong>scripsit,</strong></span> <span class='ocrx_word' id='word_1_290' title='bbox 982 3616 1065 3676; x_wconf 86' lang='lat' dir='ltr'><strong>nefas</strong></span> <span class='ocrx_word' id='word_1_291' title='bbox 1093 3636 1158 3676; x_wconf 86' lang='lat' dir='ltr'><strong>esse</strong></span> <span class='ocrx_word' id='word_1_292' title='bbox 1176 3617 1269 3682; x_wconf 67' lang='lat' dir='ltr'><strong>ferrex</strong></span> <span class='ocrx_word' id='word_1_293' title='bbox 1306 3643 1310 3648; x_wconf 62' lang='grc'><strong>’</strong></span> 
     </span>
     <span class='ocr_line' id='line_1_35' title="bbox 133 3693 1322 3791; baseline -0.001 -22"><span class='ocrx_word' id='word_1_294' title='bbox 133 3711 239 3786; x_wconf 85' lang='lat' dir='ltr'><strong>&#39;legem</strong></span> <span class='ocrx_word' id='word_1_295' title='bbox 256 3726 313 3786; x_wconf 84' lang='lat' dir='ltr'><strong>uno</strong></span> <span class='ocrx_word' id='word_1_296' title='bbox 323 3707 362 3766; x_wconf 88' lang='lat' dir='ltr'><strong>de</strong></span> <span class='ocrx_word' id='word_1_297' title='bbox 375 3705 448 3776; x_wconf 90' lang='lat' dir='ltr'><strong>viro,</strong></span> <span class='ocrx_word' id='word_1_298' title='bbox 459 3703 514 3762; x_wconf 89' lang='lat' dir='ltr'><strong>nisi</strong></span> <span class='ocrx_word' id='word_1_299' title='bbox 528 3693 632 3764; x_wconf 84' lang='lat' dir='ltr'><strong>eadem</strong></span> <span class='ocrx_word' id='word_1_300' title='bbox 646 3702 683 3761; x_wconf 89' lang='lat' dir='ltr'><strong>ad</strong></span> <span class='ocrx_word' id='word_1_301' title='bbox 698 3696 800 3779; x_wconf 83' lang='lat' dir='ltr'><strong>omnes</strong></span> <span class='ocrx_word' id='word_1_302' title='bbox 816 3724 934 3791; x_wconf 89' lang='lat' dir='ltr'><strong>quoque</strong></span> <span class='ocrx_word' id='word_1_303' title='bbox 954 3707 1150 3768; x_wconf 84' lang='lat' dir='ltr'><strong>Athenienses</strong></span> <span class='ocrx_word' id='word_1_304' title='bbox 1163 3710 1253 3788; x_wconf 86' lang='lat' dir='ltr'><strong>perti·</strong></span> <span class='ocrx_word' id='word_1_305' title='bbox 1312 3697 1322 3768; x_wconf 79' lang='grc' dir='ltr'><strong>Ῑ,</strong></span> 
     </span>
     <span class='ocr_line' id='line_1_36' title="bbox 135 3795 1251 3878; baseline 0.001 -19"><span class='ocrx_word' id='word_1_306' title='bbox 135 3805 212 3865; x_wconf 86' lang='lat' dir='ltr'><strong>¹r&#39;rere</strong></span> <span class='ocrx_word' id='word_1_307' title='bbox 226 3807 324 3876; x_wconf 90' lang='lat' dir='ltr'><strong>queat.</strong></span> <span class='ocrx_word' id='word_1_308' title='bbox 353 3826 355 3832; x_wconf 95' lang='lat'>·</span> <span class='ocrx_word' id='word_1_309' title='bbox 367 3795 494 3865; x_wconf 88' lang='lat' dir='ltr'><strong>Quando</strong></span> <span class='ocrx_word' id='word_1_310' title='bbox 512 3795 599 3873; x_wconf 84' lang='lat' dir='ltr'><strong>igitur</strong></span> <span class='ocrx_word' id='word_1_311' title='bbox 612 3797 642 3856; x_wconf 89' lang='lat' dir='ltr'><strong>in</strong></span> <span class='ocrx_word' id='word_1_312' title='bbox 656 3796 794 3868; x_wconf 86' lang='lat' dir='ltr'><strong>confesso</strong></span> <span class='ocrx_word' id='word_1_313' title='bbox 808 3806 864 3868; x_wconf 88' lang='lat' dir='ltr'><strong>est,</strong></span> <span class='ocrx_word' id='word_1_314' title='bbox 878 3797 996 3860; x_wconf 85' lang='lat' dir='ltr'><strong>decreta</strong></span> <span class='ocrx_word' id='word_1_315' title='bbox 1011 3799 1173 3878; x_wconf 89' lang='lat' dir='ltr'><strong>secundum</strong></span> <span class='ocrx_word' id='word_1_316' title='bbox 1187 3819 1251 3860; x_wconf 81' lang='lat' dir='ltr'><strong>onr-</strong></span> 
     </span>
     <span class='ocr_line' id='line_1_37' title="bbox 137 3873 1252 3976; baseline 0.002 -24"><span class='ocrx_word' id='word_1_317' title='bbox 137 3911 197 3952; x_wconf 89' lang='lat' dir='ltr'><strong>nes</strong></span> <span class='ocrx_word' id='word_1_318' title='bbox 216 3891 298 3968; x_wconf 86' lang='lat' dir='ltr'><strong>leges</strong></span> <span class='ocrx_word' id='word_1_319' title='bbox 323 3889 408 3949; x_wconf 85' lang='lat' dir='ltr'><strong>scribi</strong></span> <span class='ocrx_word' id='word_1_320' title='bbox 423 3873 640 3976; x_wconf 61' lang='lat' dir='ltr'><strong>oporteresqui</strong></span> <span class='ocrx_word' id='word_1_321' title='bbox 665 3888 843 3970; x_wconf 81' lang='lat' dir='ltr'><strong>Charidemo</strong></span> <span class='ocrx_word' id='word_1_322' title='bbox 867 3890 926 3950; x_wconf 86' lang='lat' dir='ltr'><strong>tale</strong></span> <span class='ocrx_word' id='word_1_323' title='bbox 942 3889 1252 3972; x_wconf 67' lang='lat' dir='ltr'><strong>&#39;quippiam&#39;priuatim</strong></span> 
     </span>
     <span class='ocr_line' id='line_1_38' title="bbox 137 3980 1251 4062; baseline 0 -19"><span class='ocrx_word' id='word_1_324' title='bbox 137 3983 287 4051; x_wconf 86' lang='lat' dir='ltr'><strong>decernit,</strong></span> <span class='ocrx_word' id='word_1_325' title='bbox 301 3982 380 4060; x_wconf 90' lang='lat' dir='ltr'><strong>quod</strong></span> <span class='ocrx_word' id='word_1_326' title='bbox 394 4001 453 4039; x_wconf 88' lang='lat' dir='ltr'><strong>non</strong></span> <span class='ocrx_word' id='word_1_327' title='bbox 466 3980 548 4050; x_wconf 83' lang='lat' dir='ltr'><strong>vobis</strong></span> <span class='ocrx_word' id='word_1_328' title='bbox 563 3981 698 4062; x_wconf 81' lang='lat' dir='ltr'><strong>omnibns</strong></span> <span class='ocrx_word' id='word_1_329' title='bbox 721 3989 757 4040; x_wconf 88' lang='lat' dir='ltr'><strong>e&#39;x</strong></span> <span class='ocrx_word' id='word_1_330' title='bbox 781 4000 867 4060; x_wconf 84' lang='lat' dir='ltr'><strong>aequo</strong></span> <span class='ocrx_word' id='word_1_331' title='bbox 890 3981 978 4040; x_wconf 85' lang='lat' dir='ltr'><strong>tribui</strong></span> <span class='ocrx_word' id='word_1_332' title='bbox 1000 3992 1109 4060; x_wconf 88' lang='lat' dir='ltr'><strong>potest,</strong></span> <span class='ocrx_word' id='word_1_333' title='bbox 1129 3984 1154 4044; x_wconf 89' lang='lat' dir='ltr'><strong>is</strong></span> <span class='ocrx_word' id='word_1_334' title='bbox 1169 3985 1251 4046; x_wconf 88' lang='lat' dir='ltr'><strong>haud</strong></span> 
     </span>
     <span class='ocr_line' id='line_1_39' title="bbox 137 4065 1250 4156; baseline 0.003 -21"><span class='ocrx_word' id='word_1_335' title='bbox 137 4076 234 4136; x_wconf 84' lang='lat' dir='ltr'><strong>d&#39;ubie</strong></span> <span class='ocrx_word' id='word_1_336' title='bbox 244 4075 339 4153; x_wconf 83' lang='lat' dir='ltr'><strong>legem</strong></span> <span class='ocrx_word' id='word_1_337' title='bbox 350 4071 425 4132; x_wconf 84' lang='lat' dir='ltr'><strong>hane</strong></span> <span class='ocrx_word' id='word_1_338' title='bbox 436 4072 539 4132; x_wconf 81' lang='lat' dir='ltr'><strong>¹violat.</strong></span> <span class='ocrx_word' id='word_1_339' title='bbox 561 4065 625 4132; x_wconf 80' lang='lat' dir='ltr'><strong>Nec</strong></span> <span class='ocrx_word' id='word_1_340' title='bbox 639 4073 717 4132; x_wconf 86' lang='lat' dir='ltr'><strong>enim</strong></span> <span class='ocrx_word' id='word_1_341' title='bbox 731 4073 863 4148; x_wconf 84' lang='lat' dir='ltr'><strong>prolecto</strong></span> <span class='ocrx_word' id='word_1_342' title='bbox 874 4093 942 4154; x_wconf 84' lang='lat' dir='ltr'><strong>quae</strong></span> <span class='ocrx_word' id='word_1_343' title='bbox 957 4075 1062 4136; x_wconf 87' lang='lat' dir='ltr'><strong>sanciri</strong></span> <span class='ocrx_word' id='word_1_344' title='bbox 1076 4077 1191 4156; x_wconf 80' lang='lat' dir='ltr'><strong>legibus</strong></span> <span class='ocrx_word' id='word_1_345' title='bbox 1205 4087 1250 4152; x_wconf 74' lang='lat' dir='ltr'><strong>est</strong></span> 
     </span>
     <span class='ocr_line' id='line_1_40' title="bbox 137 4162 827 4242; baseline -0.007 -14"><span class='ocrx_word' id='word_1_346' title='bbox 137 4162 241 4237; x_wconf 78' lang='lat' dir='ltr'><strong>iiefas,</strong></span> <span class='ocrx_word' id='word_1_347' title='bbox 257 4187 294 4224; x_wconf 87' lang='lat' dir='ltr'><strong>ea</strong></span> <span class='ocrx_word' id='word_1_348' title='bbox 306 4165 487 4242; x_wconf 86' lang='lat' dir='ltr'><strong>inscripsisse</strong></span> <span class='ocrx_word' id='word_1_349' title='bbox 503 4163 627 4224; x_wconf 82' lang='lat' dir='ltr'><strong>decretis</strong></span> <span class='ocrx_word' id='word_1_350' title='bbox 641 4165 827 4223; x_wconf 79' lang='lat' dir='ltr'><strong>concedetur.</strong></span> 
     </span>
    </p>

    <p class='ocr_par' dir='ltr' id='par_1_10' title="bbox 185 4256 1138 4348">
     <span class='ocr_line' id='line_1_41' title="bbox 185 4256 1138 4348; baseline 0.008 -29"><span class='ocrx_word' id='word_1_351' title='bbox 185 4262 236 4332; x_wconf 74' lang='lat'><strong>23.</strong></span> <span class='ocrx_word' id='word_1_352' title='bbox 260 4257 364 4316; x_wconf 85' lang='lat' dir='ltr'><strong>Recita</strong></span> <span class='ocrx_word' id='word_1_353' title='bbox 375 4266 542 4348; x_wconf 79' lang='lat' dir='ltr'><strong>sequentem</strong></span> <span class='ocrx_word' id='word_1_354' title='bbox 552 4257 657 4336; x_wconf 81' lang='lat' dir='ltr'><strong>legem,</strong></span> <span class='ocrx_word' id='word_1_355' title='bbox 671 4276 730 4336; x_wconf 90' lang='lat' dir='ltr'><strong>qua</strong></span> <span class='ocrx_word' id='word_1_356' title='bbox 742 4256 806 4316; x_wconf 83' lang='lat' dir='ltr'><strong>istae</strong></span> <span class='ocrx_word' id='word_1_357' title='bbox 820 4275 921 4318; x_wconf 88' lang='lat' dir='ltr'><strong>omnes</strong></span> <span class='ocrx_word' id='word_1_358' title='bbox 935 4258 1138 4338; x_wconf 73' lang='lat' dir='ltr'><strong>continentur..</strong></span> 
     </span>
    </p>
   </div>
   <div class='ocr_carea' id='block_1_8' title="bbox 0 0 1470 4952">
    <p class='ocr_par' dir='ltr' id='par_1_11' title="bbox 0 0 1470 4952">
     <span class='ocr_line' id='line_1_42' title="bbox 0 0 1470 4952; baseline 0 0"><span class='ocrx_word' id='word_1_359' title='bbox 0 0 1470 4952; x_wconf 95' lang='lat' dir='ltr'><strong> </strong></span> 
     </span>
    </p>
   </div>
  </div>
 </body>
</html>
