<?xml version="1.0" encoding="UTF-8"?>
<!DOCTYPE html PUBLIC "-//W3C//DTD XHTML 1.0 Transitional//EN"
    "http://www.w3.org/TR/xhtml1/DTD/xhtml1-transitional.dtd">
<html xmlns="http://www.w3.org/1999/xhtml" xml:lang="en" lang="en">
 <head>
  <title>
</title>
<meta http-equiv="Content-Type" content="text/html;charset=utf-8" />
  <meta name='ocr-system' content='tesseract 3.04.00' />
  <meta name='ocr-capabilities' content='ocr_page ocr_carea ocr_par ocr_line ocrx_word'/>
</head>
<body>
  <div class='ocr_page' id='page_1' title='image "./demosthenisetsc08ulpigoog/demosthenisetsc08ulpigoog_0073.png"; bbox 0 0 2920 4950; ppageno 0'>
   <div class='ocr_carea' id='block_1_1' title="bbox 190 297 917 365">
    <p class='ocr_par' dir='ltr' id='par_1_1' title="bbox 190 297 917 365">
     <span class='ocr_line' id='line_1_1' title="bbox 190 297 917 365; baseline -0.01 0"><span class='ocrx_word' id='word_1_1' title='bbox 190 307 229 365; x_wconf 77' lang='grc' dir='ltr'>δι</span> <span class='ocrx_word' id='word_1_2' title='bbox 599 297 917 362; x_wconf 82' lang='lat' dir='ltr'>ARGUMENTUM.</span> 
     </span>
    </p>
   </div>
   <div class='ocr_carea' id='block_1_2' title="bbox 190 462 1297 699">
    <p class='ocr_par' dir='ltr' id='par_1_2' title="bbox 190 462 1297 699">
     <span class='ocr_line' id='line_1_2' title="bbox 224 462 1297 542; baseline -0.007 -17"><span class='ocrx_word' id='word_1_3' title='bbox 224 474 264 525; x_wconf 76' lang='grc' dir='ltr'>θ’.</span> <span class='ocrx_word' id='word_1_4' title='bbox 283 468 496 542; x_wconf 65' lang='lat' dir='ltr'>postulaverunt</span> <span class='ocrx_word' id='word_1_5' title='bbox 507 465 690 522; x_wconf 87' lang='lat' dir='ltr'>Athenienses</span> <span class='ocrx_word' id='word_1_6' title='bbox 707 468 740 521; x_wconf 88' lang='grc' dir='ltr'>ιιι</span> <span class='ocrx_word' id='word_1_7' title='bbox 754 464 839 519; x_wconf 87' lang='lat' dir='ltr'>oetesl</span> <span class='ocrx_word' id='word_1_8' title='bbox 850 463 942 518; x_wconf 82' lang='lat' dir='ltr'>Graeol</span> <span class='ocrx_word' id='word_1_9' title='bbox 953 463 1000 534; x_wconf 90' lang='lat' dir='ltr'>qui</span> <span class='ocrx_word' id='word_1_10' title='bbox 1012 463 1118 518; x_wconf 82' lang='lat' dir='ltr'>loedera</span> <span class='ocrx_word' id='word_1_11' title='bbox 1130 477 1191 518; x_wconf 55' lang='lat' dir='ltr'>*non</span> <span class='ocrx_word' id='word_1_12' title='bbox 1205 462 1297 522; x_wconf 83' lang='lat' dir='ltr'>eonii·</span> 
     </span>
     <span class='ocr_line' id='line_1_3' title="bbox 190 545 1256 628; baseline -0.008 -22"><span class='ocrx_word' id='word_1_13' title='bbox 190 554 322 607; x_wconf 85' lang='lat' dir='ltr'>uerentur</span> <span class='ocrx_word' id='word_1_14' title='bbox 332 547 412 604; x_wconf 80' lang='lat' dir='ltr'>liberi</span> <span class='ocrx_word' id='word_1_15' title='bbox 421 551 529 613; x_wconf 87' lang='lat' dir='ltr'>essent;</span> <span class='ocrx_word' id='word_1_16' title='bbox 547 550 691 618; x_wconf 82' lang='lat' dir='ltr'>postuletis</span> <span class='ocrx_word' id='word_1_17' title='bbox 701 545 799 602; x_wconf 86' lang='lat' dir='ltr'>annuit</span> <span class='ocrx_word' id='word_1_18' title='bbox 809 547 952 616; x_wconf 71' lang='lat' dir='ltr'><strong>Philippus</strong></span> <span class='ocrx_word' id='word_1_19' title='bbox 964 551 992 600; x_wconf 85' lang='lat' dir='ltr'>el</span> <span class='ocrx_word' id='word_1_20' title='bbox 1004 547 1170 628; x_wconf 74' lang='lat' dir='ltr'>eontrarium</span> <span class='ocrx_word' id='word_1_21' title='bbox 1181 547 1256 602; x_wconf 85' lang='lat' dir='ltr'>leoit.</span> 
     </span>
     <span class='ocr_line' id='line_1_4' title="bbox 224 629 1296 699; baseline -0.005 -12"><span class='ocrx_word' id='word_1_22' title='bbox 224 637 262 688; x_wconf 80' lang='lat'>7⁰.</span> <span class='ocrx_word' id='word_1_23' title='bbox 285 633 478 686; x_wconf 77' lang='lat' dir='ltr'><strong>Contendebat</strong></span> <span class='ocrx_word' id='word_1_24' title='bbox 488 633 535 684; x_wconf 91' lang='lat' dir='ltr'>ille</span> <span class='ocrx_word' id='word_1_25' title='bbox 551 647 580 684; x_wconf 91' lang='lat' dir='ltr'>se</span> <span class='ocrx_word' id='word_1_26' title='bbox 592 631 659 684; x_wconf 89' lang='lat' dir='ltr'>nihil</span> <span class='ocrx_word' id='word_1_27' title='bbox 676 630 832 699; x_wconf 85' lang='lat' dir='ltr'>promisisse</span> <span class='ocrx_word' id='word_1_28' title='bbox 846 629 1074 684; x_wconf 81' lang='lat' dir='ltr'>Atheniensibus:</span> <span class='ocrx_word' id='word_1_29' title='bbox 1093 635 1124 683; x_wconf 83' lang='lat' dir='ltr'>et</span> <span class='ocrx_word' id='word_1_30' title='bbox 1144 634 1217 684; x_wconf 88' lang='lat' dir='ltr'>oerto</span> <span class='ocrx_word' id='word_1_31' title='bbox 1228 646 1296 699; x_wconf 90' lang='lat' dir='ltr'>pro-</span> 
     </span>
    </p>
   </div>
   <div class='ocr_carea' id='block_1_3' title="bbox 94 711 840 783">
    <p class='ocr_par' dir='ltr' id='par_1_3' title="bbox 94 711 840 783">
     <span class='ocr_line' id='line_1_5' title="bbox 94 711 840 783; baseline -0.019 -7"><span class='ocrx_word' id='word_1_32' title='bbox 94 759 101 776; x_wconf 69' lang='lat'><em>.</em></span> <span class='ocrx_word' id='word_1_33' title='bbox 189 719 272 772; x_wconf 89' lang='lat' dir='ltr'>missa</span> <span class='ocrx_word' id='word_1_34' title='bbox 283 717 395 768; x_wconf 87' lang='lat' dir='ltr'>exstant</span> <span class='ocrx_word' id='word_1_35' title='bbox 401 716 527 783; x_wconf 86' lang='lat' dir='ltr'>quamvis</span> <span class='ocrx_word' id='word_1_36' title='bbox 539 729 582 766; x_wconf 89' lang='lat' dir='ltr'>ree</span> <span class='ocrx_word' id='word_1_37' title='bbox 594 728 648 765; x_wconf 89' lang='lat' dir='ltr'>uon</span> <span class='ocrx_word' id='word_1_38' title='bbox 659 716 762 765; x_wconf 83' lang='lat' dir='ltr'>seculae</span> <span class='ocrx_word' id='word_1_39' title='bbox 775 711 840 764; x_wconf 88' lang='lat' dir='ltr'>sint.</span> 
     </span>
    </p>
   </div>
   <div class='ocr_carea' id='block_1_4' title="bbox 179 793 1298 1200">
    <p class='ocr_par' dir='ltr' id='par_1_4' title="bbox 179 793 1298 1028">
     <span class='ocr_line' id='line_1_6' title="bbox 179 793 1295 869; baseline -0.01 -13"><span class='ocrx_word' id='word_1_40' title='bbox 179 863 184 869; x_wconf 29' lang='lat'><em>¹</em></span> <span class='ocrx_word' id='word_1_41' title='bbox 224 805 263 856; x_wconf 79' lang='lat'>8⁰.</span> <span class='ocrx_word' id='word_1_42' title='bbox 282 797 427 852; x_wconf 73' lang='lat' dir='ltr'>Scribebat</span> <span class='ocrx_word' id='word_1_43' title='bbox 442 797 517 850; x_wconf 90' lang='lat' dir='ltr'>idem</span> <span class='ocrx_word' id='word_1_44' title='bbox 536 809 565 847; x_wconf 88' lang='lat' dir='ltr'>so</span> <span class='ocrx_word' id='word_1_45' title='bbox 581 795 669 848; x_wconf 87' lang='lat' dir='ltr'>dehis</span> <span class='ocrx_word' id='word_1_46' title='bbox 687 810 750 862; x_wconf 85' lang='lat' dir='ltr'>quae</span> <span class='ocrx_word' id='word_1_47' title='bbox 762 797 823 862; x_wconf 88' lang='lat' dir='ltr'>post</span> <span class='ocrx_word' id='word_1_48' title='bbox 834 808 931 862; x_wconf 87' lang='lat' dir='ltr'>paoem</span> <span class='ocrx_word' id='word_1_49' title='bbox 950 793 1052 847; x_wconf 80' lang='lat' dir='ltr'>foetam</span> <span class='ocrx_word' id='word_1_50' title='bbox 1073 794 1149 862; x_wconf 90' lang='lat' dir='ltr'>oepit</span> <span class='ocrx_word' id='word_1_51' title='bbox 1166 795 1295 861; x_wconf 89' lang='lat' dir='ltr'>paratum</span> 
     </span>
     <span class='ocr_line' id='line_1_7' title="bbox 189 875 1298 948; baseline -0.008 -11"><span class='ocrx_word' id='word_1_52' title='bbox 189 899 249 936; x_wconf 89' lang='lat' dir='ltr'>esse</span> <span class='ocrx_word' id='word_1_53' title='bbox 265 897 324 936; x_wconf 93' lang='lat' dir='ltr'>rem</span> <span class='ocrx_word' id='word_1_54' title='bbox 337 880 445 934; x_wconf 79' lang='lat' dir='ltr'>arbitris</span> <span class='ocrx_word' id='word_1_55' title='bbox 462 877 628 948; x_wconf 77' lang='lat' dir='ltr'>permittere,</span> <span class='ocrx_word' id='word_1_56' title='bbox 647 878 675 929; x_wconf 91' lang='lat' dir='ltr'>et</span> <span class='ocrx_word' id='word_1_57' title='bbox 693 877 829 929; x_wconf 86' lang='lat' dir='ltr'>remisisse</span> <span class='ocrx_word' id='word_1_58' title='bbox 841 891 950 943; x_wconf 85' lang='lat' dir='ltr'>semper</span> <span class='ocrx_word' id='word_1_59' title='bbox 961 890 1057 932; x_wconf 90' lang='lat' dir='ltr'>omnes</span> <span class='ocrx_word' id='word_1_60' title='bbox 1073 877 1195 944; x_wconf 86' lang='lat' dir='ltr'>captivos</span> <span class='ocrx_word' id='word_1_61' title='bbox 1207 875 1298 928; x_wconf 90' lang='lat' dir='ltr'>Athe·</span> 
     </span>
     <span class='ocr_line' id='line_1_8' title="bbox 188 949 1296 1028; baseline -0.011 -8"><span class='ocrx_word' id='word_1_62' title='bbox 188 965 333 1020; x_wconf 91' lang='lat' dir='ltr'>niensium.</span> <span class='ocrx_word' id='word_1_63' title='bbox 358 961 438 1015; x_wconf 84' lang='lat' dir='ltr'>Prius</span> <span class='ocrx_word' id='word_1_64' title='bbox 454 955 551 1014; x_wconf 83' lang='lat' dir='ltr'>inutile</span> <span class='ocrx_word' id='word_1_65' title='bbox 564 963 613 1024; x_wconf 88' lang='lat' dir='ltr'>est,</span> <span class='ocrx_word' id='word_1_66' title='bbox 626 958 761 1028; x_wconf 84' lang='lat' dir='ltr'>posterius</span> <span class='ocrx_word' id='word_1_67' title='bbox 772 973 829 1010; x_wconf 88' lang='lat' dir='ltr'>uon</span> <span class='ocrx_word' id='word_1_68' title='bbox 841 956 953 1010; x_wconf 92' lang='lat' dir='ltr'>omnino</span> <span class='ocrx_word' id='word_1_69' title='bbox 963 973 1067 1024; x_wconf 82' lang='lat' dir='ltr'>vemm,</span> <span class='ocrx_word' id='word_1_70' title='bbox 1080 956 1104 1009; x_wconf 91' lang='lat' dir='ltr'>si</span> <span class='ocrx_word' id='word_1_71' title='bbox 1116 949 1228 1027; x_wconf 86' lang='lat' dir='ltr'>quidem</span> <span class='ocrx_word' id='word_1_72' title='bbox 1239 971 1296 1009; x_wconf 85' lang='lat' dir='ltr'>rex</span> 
     </span>
    </p>

    <p class='ocr_par' dir='ltr' id='par_1_5' title="bbox 188 1040 1296 1200">
     <span class='ocr_line' id='line_1_9' title="bbox 188 1040 1000 1118; baseline -0.011 -15"><span class='ocrx_word' id='word_1_73' title='bbox 188 1048 344 1116; x_wconf 77' lang='lat' dir='ltr'>carystium</span> <span class='ocrx_word' id='word_1_74' title='bbox 353 1044 500 1115; x_wconf 85' lang='lat' dir='ltr'>quemdam</span> <span class='ocrx_word' id='word_1_75' title='bbox 511 1041 726 1118; x_wconf 83' lang='lat' dir='ltr'>Atheniensibus</span> <span class='ocrx_word' id='word_1_76' title='bbox 737 1040 826 1093; x_wconf 91' lang='lat' dir='ltr'>noluit</span> <span class='ocrx_word' id='word_1_77' title='bbox 837 1040 1000 1094; x_wconf 85' lang='lat' dir='ltr'>condonare.</span> 
     </span>
     <span class='ocr_line' id='line_1_10' title="bbox 202 1121 1296 1200; baseline -0.008 -15"><span class='ocrx_word' id='word_1_78' title='bbox 202 1191 205 1199; x_wconf 27' lang='lat'>¹</span> <span class='ocrx_word' id='word_1_79' title='bbox 224 1137 263 1185; x_wconf 81' lang='lat'>9⁰.</span> <span class='ocrx_word' id='word_1_80' title='bbox 284 1130 329 1183; x_wconf 91' lang='lat' dir='ltr'>De</span> <span class='ocrx_word' id='word_1_81' title='bbox 337 1129 508 1200; x_wconf 77' lang='lat' dir='ltr'>Chersoneso</span> <span class='ocrx_word' id='word_1_82' title='bbox 520 1129 549 1179; x_wconf 91' lang='lat' dir='ltr'>et</span> <span class='ocrx_word' id='word_1_83' title='bbox 560 1124 669 1192; x_wconf 83' lang='lat' dir='ltr'>Cerdie,</span> <span class='ocrx_word' id='word_1_84' title='bbox 681 1139 732 1180; x_wconf 92' lang='lat' dir='ltr'>ueo</span> <span class='ocrx_word' id='word_1_85' title='bbox 743 1138 825 1192; x_wconf 79' lang='lat' dir='ltr'>aequa</span> <span class='ocrx_word' id='word_1_86' title='bbox 835 1137 885 1177; x_wconf 83' lang='lat' dir='ltr'>rex</span> <span class='ocrx_word' id='word_1_87' title='bbox 895 1121 1018 1178; x_wconf 81' lang='lat' dir='ltr'>Macedo</span> <span class='ocrx_word' id='word_1_88' title='bbox 1027 1123 1144 1192; x_wconf 87' lang='lat' dir='ltr'>seripsit,</span> <span class='ocrx_word' id='word_1_89' title='bbox 1153 1141 1206 1179; x_wconf 88' lang='lat' dir='ltr'>neo</span> <span class='ocrx_word' id='word_1_90' title='bbox 1217 1139 1296 1188; x_wconf 88' lang='lat' dir='ltr'>vera,</span> 
     </span>
    </p>
   </div>
   <div class='ocr_carea' id='block_1_5' title="bbox 189 1210 475 1283">
    <p class='ocr_par' dir='ltr' id='par_1_6' title="bbox 189 1210 475 1283">
     <span class='ocr_line' id='line_1_11' title="bbox 189 1210 475 1283; baseline -0.031 -13"><span class='ocrx_word' id='word_1_91' title='bbox 189 1231 242 1270; x_wconf 89' lang='lat' dir='ltr'>nee</span> <span class='ocrx_word' id='word_1_92' title='bbox 255 1214 339 1283; x_wconf 70' lang='lat' dir='ltr'>digne</span> <span class='ocrx_word' id='word_1_93' title='bbox 350 1210 475 1266; x_wconf 84' lang='lat' dir='ltr'>Athenis.</span> 
     </span>
    </p>
   </div>
   <div class='ocr_carea' id='block_1_6' title="bbox 603 1325 889 1381">
    <p class='ocr_par' dir='ltr' id='par_1_7' title="bbox 603 1325 889 1381">
     <span class='ocr_line' id='line_1_12' title="bbox 603 1325 889 1381; baseline -0.003 0"><span class='ocrx_word' id='word_1_94' title='bbox 603 1325 741 1381; x_wconf 73' lang='grc' dir='ltr'>Οιαιίιιιιι</span> <span class='ocrx_word' id='word_1_95' title='bbox 752 1325 889 1381; x_wconf 79' lang='lat' dir='ltr'>omrelass&#39;o.</span> 
     </span>
    </p>
   </div>
   <div class='ocr_carea' id='block_1_7' title="bbox 138 1431 1353 1745">
    <p class='ocr_par' dir='ltr' id='par_1_8' title="bbox 138 1431 1353 1597">
     <span class='ocr_line' id='line_1_13' title="bbox 138 1431 1353 1510; baseline -0.012 -12"><span class='ocrx_word' id='word_1_96' title='bbox 138 1455 147 1468; x_wconf 91' lang='grc'><em>·</em></span> <span class='ocrx_word' id='word_1_97' title='bbox 226 1440 375 1498; x_wconf 79' lang='lat' dir='ltr'>Gouoludrt</span> <span class='ocrx_word' id='word_1_98' title='bbox 384 1441 475 1492; x_wconf 89' lang='lat' dir='ltr'>orator</span> <span class='ocrx_word' id='word_1_99' title='bbox 492 1435 671 1504; x_wconf 79' lang='lat' dir='ltr'>vituperando</span> <span class='ocrx_word' id='word_1_100' title='bbox 684 1450 731 1488; x_wconf 91' lang='lat' dir='ltr'>eos</span> <span class='ocrx_word' id='word_1_101' title='bbox 743 1450 792 1503; x_wconf 86' lang='lat' dir='ltr'>qus</span> <span class='ocrx_word' id='word_1_102' title='bbox 782 1432 949 1502; x_wconf 81' lang='lat' dir='ltr'>epistolem</span> <span class='ocrx_word' id='word_1_103' title='bbox 961 1431 1081 1510; x_wconf 81' lang='lat' dir='ltr'>Philipps</span> <span class='ocrx_word' id='word_1_104' title='bbox 1091 1431 1251 1499; x_wconf 80' lang='lat' dir='ltr'>laudabant</span> <span class='ocrx_word' id='word_1_105' title='bbox 1264 1435 1297 1486; x_wconf 90' lang='lat' dir='ltr'>et</span> <span class='ocrx_word' id='word_1_106' title='bbox 1346 1473 1353 1484; x_wconf 79' lang='lat'><strong>.</strong></span> 
     </span>
     <span class='ocr_line' id='line_1_14' title="bbox 178 1503 1295 1597; baseline -0.008 -18"><span class='ocrx_word' id='word_1_107' title='bbox 178 1524 345 1597; x_wconf 69' lang='lat' dir='ltr'>,pollicendo</span> <span class='ocrx_word' id='word_1_108' title='bbox 357 1538 385 1574; x_wconf 88' lang='lat' dir='ltr'>se</span> <span class='ocrx_word' id='word_1_109' title='bbox 401 1524 430 1574; x_wconf 91' lang='lat' dir='ltr'>et</span> <span class='ocrx_word' id='word_1_110' title='bbox 440 1520 512 1588; x_wconf 76' lang='lat' dir='ltr'>regis</span> <span class='ocrx_word' id='word_1_111' title='bbox 523 1517 666 1588; x_wconf 84' lang='lat' dir='ltr'>epistolam</span> <span class='ocrx_word' id='word_1_112' title='bbox 678 1521 707 1571; x_wconf 87' lang='lat' dir='ltr'>et</span> <span class='ocrx_word' id='word_1_113' title='bbox 725 1519 877 1586; x_wconf 85' lang='lat' dir='ltr'>legatorum</span> <span class='ocrx_word' id='word_1_114' title='bbox 890 1515 973 1571; x_wconf 82' lang='lat' dir='ltr'>verbs</span> <span class='ocrx_word' id='word_1_115' title='bbox 982 1518 1090 1586; x_wconf 83' lang='lat' dir='ltr'>plenius</span> <span class='ocrx_word' id='word_1_116' title='bbox 1101 1503 1295 1572; x_wconf 84' lang='lat' dir='ltr'>refutaturum.</span> 
     </span>
    </p>

    <p class='ocr_par' dir='ltr' id='par_1_9' title="bbox 190 1599 1298 1745">
     <span class='ocr_line' id='line_1_15' title="bbox 228 1599 1298 1670; baseline -0.005 -9"><span class='ocrx_word' id='word_1_117' title='bbox 228 1608 313 1661; x_wconf 80' lang='lat' dir='ltr'>Diete</span> <span class='ocrx_word' id='word_1_118' title='bbox 321 1610 363 1661; x_wconf 87' lang='lat' dir='ltr'>est</span> <span class='ocrx_word' id='word_1_119' title='bbox 373 1603 435 1658; x_wconf 67' lang='lat' dir='ltr'>haee</span> <span class='ocrx_word' id='word_1_120' title='bbox 447 1599 533 1656; x_wconf 81' lang='lat' dir='ltr'>oratio</span> <span class='ocrx_word' id='word_1_121' title='bbox 545 1615 617 1655; x_wconf 88' lang='lat' dir='ltr'>anuo</span> <span class='ocrx_word' id='word_1_122' title='bbox 627 1601 747 1654; x_wconf 90' lang='lat' dir='ltr'>seeundo</span> <span class='ocrx_word' id='word_1_123' title='bbox 759 1599 931 1670; x_wconf 85' lang='lat' dir='ltr'>Olympiadis</span> <span class='ocrx_word' id='word_1_124' title='bbox 943 1614 1003 1667; x_wconf 84' lang='lat' dir='ltr'>clx,</span> <span class='ocrx_word' id='word_1_125' title='bbox 1015 1601 1067 1656; x_wconf 86' lang='lat' dir='ltr'>sub</span> <span class='ocrx_word' id='word_1_126' title='bbox 1079 1601 1236 1670; x_wconf 84' lang='lat' dir='ltr'>Pythodoro</span> <span class='ocrx_word' id='word_1_127' title='bbox 1254 1617 1298 1656; x_wconf 84' lang='lat' dir='ltr'>ar-</span> 
     </span>
     <span class='ocr_line' id='line_1_16' title="bbox 190 1689 300 1745; baseline -0.01 0"><span class='ocrx_word' id='word_1_128' title='bbox 190 1689 300 1745; x_wconf 88' lang='lat' dir='ltr'>ehonte.</span> 
     </span>
    </p>
   </div>
   <div class='ocr_carea' id='block_1_8' title="bbox 496 1885 994 1936">
    <p class='ocr_par' dir='ltr' id='par_1_10' title="bbox 496 1885 994 1936">
     <span class='ocr_line' id='line_1_17' title="bbox 496 1885 994 1936; baseline -0.006 -2"><span class='ocrx_word' id='word_1_129' title='bbox 496 1885 994 1936; x_wconf 50' lang='lat' dir='ltr'><strong><em>W</em></strong></span> 
     </span>
    </p>
   </div>
   <div class='ocr_carea' id='block_1_9' title="bbox 325 2059 1299 2288">
    <p class='ocr_par' dir='ltr' id='par_1_11' title="bbox 325 2059 1299 2288">
     <span class='ocr_line' id='line_1_18' title="bbox 325 2059 1299 2176; baseline -0.005 -10"><span class='ocrx_word' id='word_1_130' title='bbox 325 2104 482 2168; x_wconf 81' lang='grc' dir='ltr'>ιιιιιιιιι</span> <span class='ocrx_word' id='word_1_131' title='bbox 503 2095 874 2176; x_wconf 75' lang='grc' dir='ltr'>ιιιιιιιιιιιιιιιιιιι,</span> <span class='ocrx_word' id='word_1_132' title='bbox 896 2091 1166 2174; x_wconf 70' lang='grc' dir='ltr'>οιιιιιιοιιιιι·</span> <span class='ocrx_word' id='word_1_133' title='bbox 1268 2081 1270 2084; x_wconf 79' lang='grc'><strong>’</strong></span> <span class='ocrx_word' id='word_1_134' title='bbox 1297 2059 1299 2066; x_wconf 62' lang='grc'><em>’</em></span> 
     </span>
     <span class='ocr_line' id='line_1_19' title="bbox 578 2224 903 2288; baseline 0.012 -4"><span class='ocrx_word' id='word_1_135' title='bbox 578 2225 635 2284; x_wconf 86' lang='lat' dir='ltr'>us</span> <span class='ocrx_word' id='word_1_136' title='bbox 659 2224 903 2288; x_wconf 80' lang='grc' dir='ltr'>ιιιιοιιιιο.</span> 
     </span>
    </p>
   </div>
   <div class='ocr_carea' id='block_1_10' title="bbox 178 2363 1362 2970">
    <p class='ocr_par' dir='ltr' id='par_1_12' title="bbox 178 2363 1362 2966">
     <span class='ocr_line' id='line_1_20' title="bbox 178 2363 1362 2437; baseline -0.001 -23"><span class='ocrx_word' id='word_1_137' title='bbox 178 2431 181 2437; x_wconf 15' lang='lat' dir='ltr'><em>ff</em></span> <span class='ocrx_word' id='word_1_138' title='bbox 225 2363 403 2416; x_wconf 80' lang='lat' dir='ltr'>Issonrnrrua</span> <span class='ocrx_word' id='word_1_139' title='bbox 411 2364 551 2424; x_wconf 73' lang='lat' dir='ltr'>hoeeomiio,</span> <span class='ocrx_word' id='word_1_140' title='bbox 560 2367 597 2416; x_wconf 92' lang='lat' dir='ltr'>De</span> <span class='ocrx_word' id='word_1_141' title='bbox 605 2368 735 2426; x_wconf 83' lang='lat' dir='ltr'>Heloneso,</span> <span class='ocrx_word' id='word_1_142' title='bbox 743 2371 785 2417; x_wconf 90' lang='lat' dir='ltr'>sed</span> <span class='ocrx_word' id='word_1_143' title='bbox 793 2368 880 2418; x_wconf 83' lang='lat' dir='ltr'>sestius</span> <span class='ocrx_word' id='word_1_144' title='bbox 892 2371 970 2417; x_wconf 80' lang='lat' dir='ltr'>forsan</span> <span class='ocrx_word' id='word_1_145' title='bbox 978 2367 1153 2422; x_wconf 75' lang='lat' dir='ltr'>inseriberotur,</span> <span class='ocrx_word' id='word_1_146' title='bbox 1161 2365 1305 2426; x_wconf 78' lang='lat' dir='ltr'>Responsio,</span> <span class='ocrx_word' id='word_1_147' title='bbox 1357 2391 1362 2402; x_wconf 85' lang='lat'><strong>·</strong></span> 
     </span>
     <span class='ocr_line' id='line_1_21' title="bbox 193 2443 1302 2506; baseline 0.001 -17"><span class='ocrx_word' id='word_1_148' title='bbox 193 2443 223 2490; x_wconf 83' lang='lat' dir='ltr'>sd</span> <span class='ocrx_word' id='word_1_149' title='bbox 233 2443 335 2505; x_wconf 81' lang='lat' dir='ltr'>Philippi</span> <span class='ocrx_word' id='word_1_150' title='bbox 344 2444 474 2506; x_wconf 82' lang='lat' dir='ltr'>epistolam.</span> <span class='ocrx_word' id='word_1_151' title='bbox 509 2443 612 2506; x_wconf 87' lang='lat' dir='ltr'>Seripsit</span> <span class='ocrx_word' id='word_1_152' title='bbox 626 2445 687 2492; x_wconf 85' lang='lat' dir='ltr'>enim</span> <span class='ocrx_word' id='word_1_153' title='bbox 701 2445 722 2491; x_wconf 89' lang='lat' dir='ltr'>is</span> <span class='ocrx_word' id='word_1_154' title='bbox 734 2447 762 2492; x_wconf 87' lang='lat' dir='ltr'>ad</span> <span class='ocrx_word' id='word_1_155' title='bbox 776 2447 941 2504; x_wconf 81' lang='lat' dir='ltr'>Athenienses,</span> <span class='ocrx_word' id='word_1_156' title='bbox 954 2446 1035 2492; x_wconf 88' lang='lat' dir='ltr'>mullis</span> <span class='ocrx_word' id='word_1_157' title='bbox 1046 2446 1076 2492; x_wconf 92' lang='lat' dir='ltr'>de</span> <span class='ocrx_word' id='word_1_158' title='bbox 1086 2447 1158 2493; x_wconf 87' lang='lat' dir='ltr'>rebus</span> <span class='ocrx_word' id='word_1_159' title='bbox 1169 2443 1302 2499; x_wconf 71' lang='lat' dir='ltr'>disserens,</span> 
     </span>
     <span class='ocr_line' id='line_1_22' title="bbox 193 2518 1304 2584; baseline 0 -20"><span class='ocrx_word' id='word_1_160' title='bbox 193 2534 289 2578; x_wconf 86' lang='lat' dir='ltr'>quarum</span> <span class='ocrx_word' id='word_1_161' title='bbox 304 2535 349 2566; x_wconf 86' lang='lat' dir='ltr'>uua</span> <span class='ocrx_word' id='word_1_162' title='bbox 363 2525 412 2566; x_wconf 83' lang='lat' dir='ltr'>erat</span> <span class='ocrx_word' id='word_1_163' title='bbox 429 2520 572 2573; x_wconf 83' lang='lat' dir='ltr'>Halonesus,</span> <span class='ocrx_word' id='word_1_164' title='bbox 584 2535 635 2580; x_wconf 86' lang='lat' dir='ltr'>quse</span> <span class='ocrx_word' id='word_1_165' title='bbox 650 2536 722 2580; x_wconf 88' lang='lat' dir='ltr'>quurn</span> <span class='ocrx_word' id='word_1_166' title='bbox 738 2520 865 2584; x_wconf 74' lang='lat' dir='ltr'>antiquitus</span> <span class='ocrx_word' id='word_1_167' title='bbox 876 2520 1055 2569; x_wconf 86' lang='lat' dir='ltr'>Atheniensium</span> <span class='ocrx_word' id='word_1_168' title='bbox 1062 2525 1138 2576; x_wconf 88' lang='lat' dir='ltr'>esset,</span> <span class='ocrx_word' id='word_1_169' title='bbox 1148 2518 1304 2582; x_wconf 35' lang='lat' dir='ltr'>temporibus,</span> 
     </span>
     <span class='ocr_line' id='line_1_23' title="bbox 193 2591 1299 2676; baseline 0 -36"><span class='ocrx_word' id='word_1_170' title='bbox 193 2591 298 2656; x_wconf 88' lang='lat' dir='ltr'>Philippi</span> <span class='ocrx_word' id='word_1_171' title='bbox 310 2609 324 2641; x_wconf 87' lang='lat' dir='ltr'>a</span> <span class='ocrx_word' id='word_1_172' title='bbox 334 2596 461 2642; x_wconf 81' lang='lat' dir='ltr'>latronibus</span> <span class='ocrx_word' id='word_1_173' title='bbox 472 2597 602 2642; x_wconf 83' lang='lat' dir='ltr'>tenebatur.</span> <span class='ocrx_word' id='word_1_174' title='bbox 636 2595 727 2676; x_wconf 86' lang='lat' dir='ltr'>Quibus</span> <span class='ocrx_word' id='word_1_175' title='bbox 738 2597 865 2660; x_wconf 85' lang='lat' dir='ltr'>Philippus</span> <span class='ocrx_word' id='word_1_176' title='bbox 876 2597 967 2659; x_wconf 86' lang='lat' dir='ltr'>ey&#39;eotis,</span> <span class='ocrx_word' id='word_1_177' title='bbox 977 2596 1138 2656; x_wconf 88' lang='lat' dir='ltr'>repetentibus</span> <span class='ocrx_word' id='word_1_178' title='bbox 1146 2593 1299 2642; x_wconf 84' lang='lat' dir='ltr'>Atheniensi-</span> 
     </span>
     <span class='ocr_line' id='line_1_24' title="bbox 192 2670 1299 2739; baseline 0.002 -23"><span class='ocrx_word' id='word_1_179' title='bbox 192 2671 237 2718; x_wconf 87' lang='lat' dir='ltr'>bus</span> <span class='ocrx_word' id='word_1_180' title='bbox 247 2671 345 2718; x_wconf 84' lang='lat' dir='ltr'>insulsm</span> <span class='ocrx_word' id='word_1_181' title='bbox 356 2686 402 2718; x_wconf 94' lang='lat' dir='ltr'>non</span> <span class='ocrx_word' id='word_1_182' title='bbox 413 2670 500 2728; x_wconf 86' lang='lat' dir='ltr'>reddit,</span> <span class='ocrx_word' id='word_1_183' title='bbox 518 2671 580 2732; x_wconf 85' lang='lat' dir='ltr'>qnod</span> <span class='ocrx_word' id='word_1_184' title='bbox 593 2686 660 2719; x_wconf 84' lang='lat' dir='ltr'>susm</span> <span class='ocrx_word' id='word_1_185' title='bbox 670 2688 723 2720; x_wconf 87' lang='lat' dir='ltr'>esse</span> <span class='ocrx_word' id='word_1_186' title='bbox 737 2671 810 2728; x_wconf 88' lang='lat' dir='ltr'>dieat,</span> <span class='ocrx_word' id='word_1_187' title='bbox 819 2673 952 2734; x_wconf 86' lang='lat' dir='ltr'>petentibus</span> <span class='ocrx_word' id='word_1_188' title='bbox 967 2688 1018 2720; x_wconf 87' lang='lat' dir='ltr'>eam</span> <span class='ocrx_word' id='word_1_189' title='bbox 1034 2673 1143 2720; x_wconf 88' lang='lat' dir='ltr'>daturum</span> <span class='ocrx_word' id='word_1_190' title='bbox 1154 2687 1180 2718; x_wconf 87' lang='lat' dir='ltr'>se</span> <span class='ocrx_word' id='word_1_191' title='bbox 1197 2670 1299 2739; x_wconf 79' lang='lat' dir='ltr'>pallies·</span> 
     </span>
     <span class='ocr_line' id='line_1_25' title="bbox 193 2747 1300 2810; baseline 0 -16"><span class='ocrx_word' id='word_1_192' title='bbox 193 2755 240 2794; x_wconf 88' lang='lat' dir='ltr'>tur.</span> <span class='ocrx_word' id='word_1_193' title='bbox 273 2749 356 2808; x_wconf 85' lang='lat' dir='ltr'>Neque</span> <span class='ocrx_word' id='word_1_194' title='bbox 367 2763 423 2796; x_wconf 84' lang='lat' dir='ltr'>sero</span> <span class='ocrx_word' id='word_1_195' title='bbox 441 2747 516 2796; x_wconf 80' lang='lat' dir='ltr'>oratio</span> <span class='ocrx_word' id='word_1_196' title='bbox 527 2748 585 2795; x_wconf 85' lang='lat' dir='ltr'>mrlu</span> <span class='ocrx_word' id='word_1_197' title='bbox 596 2747 689 2796; x_wconf 80' lang='lat' dir='ltr'>ridetur</span> <span class='ocrx_word' id='word_1_198' title='bbox 704 2764 756 2797; x_wconf 85' lang='lat' dir='ltr'>esse</span> <span class='ocrx_word' id='word_1_199' title='bbox 772 2750 951 2797; x_wconf 86' lang='lat' dir='ltr'>Demosthenis·</span> <span class='ocrx_word' id='word_1_200' title='bbox 945 2749 1037 2810; x_wconf 86' lang='lat' dir='ltr'>,idque</span> <span class='ocrx_word' id='word_1_201' title='bbox 1052 2755 1102 2796; x_wconf 86' lang='lat' dir='ltr'>tum</span> <span class='ocrx_word' id='word_1_202' title='bbox 1119 2765 1151 2795; x_wconf 89' lang='lat' dir='ltr'>ex</span> <span class='ocrx_word' id='word_1_203' title='bbox 1163 2763 1250 2810; x_wconf 75' lang='lat' dir='ltr'>genere</span> <span class='ocrx_word' id='word_1_204' title='bbox 1261 2748 1300 2794; x_wconf 91' lang='lat' dir='ltr'>dr</span> 
     </span>
     <span class='ocr_line' id='line_1_26' title="bbox 191 2823 1300 2894; baseline -0.002 -22"><span class='ocrx_word' id='word_1_205' title='bbox 191 2823 276 2872; x_wconf 87' lang='lat' dir='ltr'>otiouis</span> <span class='ocrx_word' id='word_1_206' title='bbox 283 2830 360 2885; x_wconf 88' lang='lat' dir='ltr'>potest</span> <span class='ocrx_word' id='word_1_207' title='bbox 369 2823 532 2882; x_wconf 83' lang='lat' dir='ltr'>animadverti,</span> <span class='ocrx_word' id='word_1_208' title='bbox 540 2831 589 2894; x_wconf 80' lang='lat' dir='ltr'>tum</span> <span class='ocrx_word' id='word_1_209' title='bbox 597 2841 628 2872; x_wconf 87' lang='lat' dir='ltr'>ox</span> <span class='ocrx_word' id='word_1_210' title='bbox 637 2829 752 2872; x_wconf 83' lang='lat' dir='ltr'>eonsentn</span> <span class='ocrx_word' id='word_1_211' title='bbox 762 2825 946 2888; x_wconf 74' lang='lat' dir='ltr'>compositionis,</span> <span class='ocrx_word' id='word_1_212' title='bbox 954 2841 1006 2886; x_wconf 83' lang='lat' dir='ltr'>quae</span> <span class='ocrx_word' id='word_1_213' title='bbox 1015 2826 1108 2873; x_wconf 80' lang='lat' dir='ltr'>olosma</span> <span class='ocrx_word' id='word_1_214' title='bbox 1116 2824 1300 2872; x_wconf 85' lang='lat' dir='ltr'>Demostheniea</span> 
     </span>
     <span class='ocr_line' id='line_1_27' title="bbox 191 2887 1312 2970; baseline -0.003 -19"><span class='ocrx_word' id='word_1_215' title='bbox 191 2903 262 2966; x_wconf 74' lang='lat' dir='ltr'>longe</span> <span class='ocrx_word' id='word_1_216' title='bbox 273 2887 373 2957; x_wconf 80' lang='lat' dir='ltr'>resedit,</span> <span class='ocrx_word' id='word_1_217' title='bbox 384 2917 455 2962; x_wconf 87' lang='lat' dir='ltr'>quum</span> <span class='ocrx_word' id='word_1_218' title='bbox 466 2901 565 2948; x_wconf 84' lang='lat' dir='ltr'>remisse</span> <span class='ocrx_word' id='word_1_219' title='bbox 580 2901 612 2948; x_wconf 90' lang='lat' dir='ltr'>sit</span> <span class='ocrx_word' id='word_1_220' title='bbox 623 2907 647 2947; x_wconf 89' lang='lat' dir='ltr'>et</span> <span class='ocrx_word' id='word_1_221' title='bbox 657 2900 791 2970; x_wconf 83' lang='lat' dir='ltr'>dissoluta</span> <span class='ocrx_word' id='word_1_222' title='bbox 788 2901 890 2958; x_wconf 88' lang='lat' dir='ltr'>omnino,</span> <span class='ocrx_word' id='word_1_223' title='bbox 900 2909 969 2963; x_wconf 80' lang='lat' dir='ltr'>etque</span> <span class='ocrx_word' id='word_1_224' title='bbox 981 2903 1010 2950; x_wconf 84' lang='lat' dir='ltr'>ab</span> <span class='ocrx_word' id='word_1_225' title='bbox 1021 2899 1091 2963; x_wconf 77' lang='lat' dir='ltr'>hujus</span> <span class='ocrx_word' id='word_1_226' title='bbox 1102 2901 1201 2949; x_wconf 82' lang='lat' dir='ltr'>orsiesis</span> <span class='ocrx_word' id='word_1_227' title='bbox 1213 2913 1312 2962; x_wconf 75' lang='lat' dir='ltr'>genere¹</span> 
     </span>
    </p>
   </div>
   <div class='ocr_carea' id='block_1_11' title="bbox 89 2977 1301 3046">
    <p class='ocr_par' dir='ltr' id='par_1_13' title="bbox 89 2977 1301 3046">
     <span class='ocr_line' id='line_1_28' title="bbox 89 2977 1301 3046; baseline 0 -20"><span class='ocrx_word' id='word_1_228' title='bbox 89 3035 91 3046; x_wconf 42' lang='grc' dir='ltr'>Ι</span> <span class='ocrx_word' id='word_1_229' title='bbox 192 2993 289 3042; x_wconf 91' lang='lat' dir='ltr'>prorsus</span> <span class='ocrx_word' id='word_1_230' title='bbox 300 2977 435 3026; x_wconf 81' lang='lat' dir='ltr'>abhorrens</span> <span class='ocrx_word' id='word_1_231' title='bbox 469 2977 533 3036; x_wconf 80' lang='lat' dir='ltr'>Quin</span> <span class='ocrx_word' id='word_1_232' title='bbox 550 2977 609 3025; x_wconf 91' lang='lat' dir='ltr'>illud</span> <span class='ocrx_word' id='word_1_233' title='bbox 624 2977 694 3025; x_wconf 85' lang='lat' dir='ltr'>etiam</span> <span class='ocrx_word' id='word_1_234' title='bbox 711 2979 800 3028; x_wconf 84' lang='lat' dir='ltr'>drotum</span> <span class='ocrx_word' id='word_1_235' title='bbox 811 2980 841 3026; x_wconf 87' lang='lat' dir='ltr'>ad</span> <span class='ocrx_word' id='word_1_236' title='bbox 858 2980 927 3026; x_wconf 86' lang='lat' dir='ltr'>duem</span> <span class='ocrx_word' id='word_1_237' title='bbox 937 2979 1060 3036; x_wconf 87' lang='grc' dir='ltr'>οιιιιοιιιι</span> <span class='ocrx_word' id='word_1_238' title='bbox 1071 2981 1090 3026; x_wconf 82' lang='grc' dir='ltr'>ιι</span> <span class='ocrx_word' id='word_1_239' title='bbox 1102 2979 1171 3026; x_wconf 78' lang='lat' dir='ltr'>suedo</span> <span class='ocrx_word' id='word_1_240' title='bbox 1186 2993 1222 3026; x_wconf 85' lang='lat' dir='ltr'>uos</span> <span class='ocrx_word' id='word_1_241' title='bbox 1236 2987 1301 3034; x_wconf 64' lang='lat' dir='ltr'>cers-⁴,</span> 
     </span>
    </p>
   </div>
   <div class='ocr_carea' id='block_1_12' title="bbox 135 3055 1351 4271">
    <p class='ocr_par' dir='ltr' id='par_1_14' title="bbox 135 3055 1351 4271">
     <span class='ocr_line' id='line_1_29' title="bbox 193 3055 1300 3121; baseline -0.002 -17"><span class='ocrx_word' id='word_1_242' title='bbox 193 3057 278 3104; x_wconf 69' lang='lat' dir='ltr'>bam</span> <span class='ocrx_word' id='word_1_243' title='bbox 269 3071 294 3103; x_wconf 81' lang='lat' dir='ltr'>sss</span> <span class='ocrx_word' id='word_1_244' title='bbox 305 3057 446 3116; x_wconf 77' lang='lat' dir='ltr'>temporibus,</span> <span class='ocrx_word' id='word_1_245' title='bbox 456 3063 478 3103; x_wconf 85' lang='lat' dir='ltr'>st</span> <span class='ocrx_word' id='word_1_246' title='bbox 488 3071 533 3104; x_wconf 79' lang='lat' dir='ltr'>ooo</span> <span class='ocrx_word' id='word_1_247' title='bbox 542 3057 568 3104; x_wconf 84' lang='grc' dir='ltr'>ιιι</span> <span class='ocrx_word' id='word_1_248' title='bbox 580 3055 676 3103; x_wconf 77' lang='lat' dir='ltr'>calcibus</span> <span class='ocrx_word' id='word_1_249' title='bbox 686 3057 842 3114; x_wconf 69' lang='lat' dir='ltr'>emesenam</span> <span class='ocrx_word' id='word_1_250' title='bbox 851 3058 939 3121; x_wconf 77' lang='lat' dir='ltr'>geritis,</span> <span class='ocrx_word' id='word_1_251' title='bbox 948 3072 994 3105; x_wconf 88' lang='lat' dir='ltr'>non</span> <span class='ocrx_word' id='word_1_252' title='bbox 1007 3071 1083 3119; x_wconf 82' lang='lat' dir='ltr'>parvo</span> <span class='ocrx_word' id='word_1_253' title='bbox 1094 3056 1182 3104; x_wconf 88' lang='lat' dir='ltr'>iudioio</span> <span class='ocrx_word' id='word_1_254' title='bbox 1192 3061 1240 3102; x_wconf 89' lang='lat' dir='ltr'>est·</span> <span class='ocrx_word' id='word_1_255' title='bbox 1237 3071 1300 3120; x_wconf 84' lang='lat' dir='ltr'>spu·</span> 
     </span>
     <span class='ocr_line' id='line_1_30' title="bbox 192 3132 1302 3200; baseline 0 -20"><span class='ocrx_word' id='word_1_256' title='bbox 192 3132 250 3180; x_wconf 89' lang='lat' dir='ltr'>riam</span> <span class='ocrx_word' id='word_1_257' title='bbox 261 3149 314 3182; x_wconf 86' lang='lat' dir='ltr'>esse</span> <span class='ocrx_word' id='word_1_258' title='bbox 324 3133 384 3180; x_wconf 87' lang='lat' dir='ltr'>hano</span> <span class='ocrx_word' id='word_1_259' title='bbox 395 3132 531 3182; x_wconf 83' lang='lat' dir='ltr'>orationem.</span> <span class='ocrx_word' id='word_1_260' title='bbox 564 3134 626 3180; x_wconf 83' lang='lat' dir='ltr'>Nem</span> <span class='ocrx_word' id='word_1_261' title='bbox 637 3133 811 3200; x_wconf 70' lang='lat' dir='ltr'>Demosthenes</span> <span class='ocrx_word' id='word_1_262' title='bbox 818 3134 927 3182; x_wconf 70' lang='lat' dir='ltr'>libertate</span> <span class='ocrx_word' id='word_1_263' title='bbox 938 3134 1031 3196; x_wconf 89' lang='lat' dir='ltr'>quidem</span> <span class='ocrx_word' id='word_1_264' title='bbox 1041 3133 1246 3196; x_wconf 81' lang='lat' dir='ltr'>indieendosolet</span> <span class='ocrx_word' id='word_1_265' title='bbox 1256 3133 1302 3190; x_wconf 87' lang='lat' dir='ltr'>nli,</span> 
     </span>
     <span class='ocr_line' id='line_1_31' title="bbox 194 3209 1341 3274; baseline 0.002 -17"><span class='ocrx_word' id='word_1_266' title='bbox 194 3211 236 3257; x_wconf 86' lang='lat' dir='ltr'>sed</span> <span class='ocrx_word' id='word_1_267' title='bbox 248 3211 298 3258; x_wconf 81' lang='lat' dir='ltr'>haeo</span> <span class='ocrx_word' id='word_1_268' title='bbox 311 3209 451 3258; x_wconf 85' lang='lat' dir='ltr'>eentumelie</span> <span class='ocrx_word' id='word_1_269' title='bbox 461 3217 498 3257; x_wconf 85' lang='lat' dir='ltr'>est</span> <span class='ocrx_word' id='word_1_270' title='bbox 509 3216 534 3257; x_wconf 89' lang='grc' dir='ltr'>ιι</span> <span class='ocrx_word' id='word_1_271' title='bbox 544 3209 677 3258; x_wconf 84' lang='lat' dir='ltr'>oonsieium</span> <span class='ocrx_word' id='word_1_272' title='bbox 688 3213 783 3264; x_wconf 87' lang='lat' dir='ltr'>modum</span> <span class='ocrx_word' id='word_1_273' title='bbox 794 3212 922 3260; x_wconf 86' lang='lat' dir='ltr'>exeedeus.</span> <span class='ocrx_word' id='word_1_274' title='bbox 964 3211 1301 3274; x_wconf 74' lang='lat' dir='ltr'>Addequodperqusmyilis</span> <span class='ocrx_word' id='word_1_275' title='bbox 1338 3239 1341 3244; x_wconf 90' lang='lat'>·</span> 
     </span>
     <span class='ocr_line' id='line_1_32' title="bbox 135 3285 1309 3350; baseline 0.002 -17"><span class='ocrx_word' id='word_1_276' title='bbox 135 3333 142 3344; x_wconf 71' lang='lat'>,</span> <span class='ocrx_word' id='word_1_277' title='bbox 194 3286 251 3334; x_wconf 87' lang='lat' dir='ltr'>insit</span> <span class='ocrx_word' id='word_1_278' title='bbox 262 3287 284 3332; x_wconf 92' lang='lat' dir='ltr'>ei</span> <span class='ocrx_word' id='word_1_279' title='bbox 297 3285 410 3344; x_wconf 84' lang='lat' dir='ltr'>elocutio,</span> <span class='ocrx_word' id='word_1_280' title='bbox 423 3293 447 3334; x_wconf 88' lang='lat' dir='ltr'>et</span> <span class='ocrx_word' id='word_1_281' title='bbox 454 3286 560 3350; x_wconf 89' lang='lat' dir='ltr'>ineptum</span> <span class='ocrx_word' id='word_1_282' title='bbox 571 3285 628 3348; x_wconf 87' lang='lat' dir='ltr'>quid</span> <span class='ocrx_word' id='word_1_283' title='bbox 636 3286 756 3348; x_wconf 87' lang='lat' dir='ltr'>judioetur</span> <span class='ocrx_word' id='word_1_284' title='bbox 767 3288 872 3336; x_wconf 84' lang='lat' dir='ltr'>homiues</span> <span class='ocrx_word' id='word_1_285' title='bbox 882 3289 906 3336; x_wconf 90' lang='lat' dir='ltr'>in</span> <span class='ocrx_word' id='word_1_286' title='bbox 917 3289 1063 3350; x_wconf 78' lang='lat' dir='ltr'>temporibus</span> <span class='ocrx_word' id='word_1_287' title='bbox 1072 3289 1159 3336; x_wconf 84' lang='lat' dir='ltr'>hebere</span> <span class='ocrx_word' id='word_1_288' title='bbox 1170 3289 1309 3337; x_wconf 75' lang='lat' dir='ltr'>cerebrum·</span> 
     </span>
     <span class='ocr_line' id='line_1_33' title="bbox 194 3363 1303 3428; baseline 0 -17"><span class='ocrx_word' id='word_1_289' title='bbox 194 3363 271 3424; x_wconf 75' lang='lat' dir='ltr'>Atque</span> <span class='ocrx_word' id='word_1_290' title='bbox 283 3363 342 3410; x_wconf 83' lang='lat' dir='ltr'>adeo</span> <span class='ocrx_word' id='word_1_291' title='bbox 351 3369 444 3411; x_wconf 83' lang='lat' dir='ltr'>setores</span> <span class='ocrx_word' id='word_1_292' title='bbox 454 3377 546 3424; x_wconf 87' lang='lat' dir='ltr'>quoque</span> <span class='ocrx_word' id='word_1_293' title='bbox 557 3363 616 3411; x_wconf 84' lang='lat' dir='ltr'>hano</span> <span class='ocrx_word' id='word_1_294' title='bbox 624 3365 750 3414; x_wconf 88' lang='lat' dir='ltr'>orationem</span> <span class='ocrx_word' id='word_1_295' title='bbox 760 3381 806 3414; x_wconf 89' lang='lat' dir='ltr'>nou</span> <span class='ocrx_word' id='word_1_296' title='bbox 817 3381 870 3414; x_wconf 87' lang='lat' dir='ltr'>osse</span> <span class='ocrx_word' id='word_1_297' title='bbox 886 3364 957 3428; x_wconf 89' lang='lat' dir='ltr'>hujus</span> <span class='ocrx_word' id='word_1_298' title='bbox 968 3365 1066 3414; x_wconf 85' lang='lat' dir='ltr'>oratoris</span> <span class='ocrx_word' id='word_1_299' title='bbox 1076 3364 1191 3426; x_wconf 85' lang='lat' dir='ltr'>suspieati</span> <span class='ocrx_word' id='word_1_300' title='bbox 1202 3370 1266 3421; x_wconf 87' lang='lat' dir='ltr'>sunt,</span> <span class='ocrx_word' id='word_1_301' title='bbox 1277 3369 1303 3411; x_wconf 87' lang='lat' dir='ltr'>et</span> 
     </span>
     <span class='ocr_line' id='line_1_34' title="bbox 194 3439 1303 3508; baseline 0.002 -22"><span class='ocrx_word' id='word_1_302' title='bbox 194 3439 370 3502; x_wconf 75' lang='lat' dir='ltr'>deprehendere</span> <span class='ocrx_word' id='word_1_303' title='bbox 382 3439 476 3502; x_wconf 85' lang='lat' dir='ltr'>quidem</span> <span class='ocrx_word' id='word_1_304' title='bbox 488 3455 538 3488; x_wconf 87' lang='lat' dir='ltr'>esm</span> <span class='ocrx_word' id='word_1_305' title='bbox 548 3455 601 3488; x_wconf 90' lang='lat' dir='ltr'>esse</span> <span class='ocrx_word' id='word_1_306' title='bbox 610 3439 754 3508; x_wconf 78' lang='lat' dir='ltr'>Hegesippi,</span> <span class='ocrx_word' id='word_1_307' title='bbox 765 3449 813 3490; x_wconf 88' lang='lat' dir='ltr'>tum</span> <span class='ocrx_word' id='word_1_308' title='bbox 825 3459 857 3490; x_wconf 87' lang='lat' dir='ltr'>ex</span> <span class='ocrx_word' id='word_1_309' title='bbox 869 3443 981 3491; x_wconf 88' lang='lat' dir='ltr'>sermonis</span> <span class='ocrx_word' id='word_1_310' title='bbox 991 3444 1065 3490; x_wconf 85' lang='lat' dir='ltr'>lorms</span> <span class='ocrx_word' id='word_1_311' title='bbox 1075 3441 1107 3507; x_wconf 90' lang='lat' dir='ltr'>(is</span> <span class='ocrx_word' id='word_1_312' title='bbox 1119 3440 1181 3504; x_wconf 82' lang='lat' dir='ltr'>enisu</span> <span class='ocrx_word' id='word_1_313' title='bbox 1191 3440 1234 3488; x_wconf 82' lang='lat' dir='ltr'>teli</span> <span class='ocrx_word' id='word_1_314' title='bbox 1244 3456 1303 3488; x_wconf 88' lang='lat' dir='ltr'>usus</span> 
     </span>
     <span class='ocr_line' id='line_1_35' title="bbox 194 3515 1303 3584; baseline 0 -21"><span class='ocrx_word' id='word_1_315' title='bbox 194 3515 253 3580; x_wconf 84' lang='lat' dir='ltr'>est),</span> <span class='ocrx_word' id='word_1_316' title='bbox 265 3522 315 3564; x_wconf 88' lang='lat' dir='ltr'>tum</span> <span class='ocrx_word' id='word_1_317' title='bbox 326 3531 356 3563; x_wconf 84' lang='lat' dir='ltr'>ex</span> <span class='ocrx_word' id='word_1_318' title='bbox 367 3517 438 3563; x_wconf 88' lang='lat' dir='ltr'>rebus</span> <span class='ocrx_word' id='word_1_319' title='bbox 453 3516 521 3576; x_wconf 89' lang='lat' dir='ltr'>ipsis.</span> <span class='ocrx_word' id='word_1_320' title='bbox 554 3518 615 3564; x_wconf 85' lang='lat' dir='ltr'>Nam</span> <span class='ocrx_word' id='word_1_321' title='bbox 632 3519 682 3578; x_wconf 86' lang='lat' dir='ltr'>ejus</span> <span class='ocrx_word' id='word_1_322' title='bbox 698 3519 809 3567; x_wconf 83' lang='lat' dir='ltr'>orationis</span> <span class='ocrx_word' id='word_1_323' title='bbox 824 3519 933 3580; x_wconf 85' lang='lat' dir='ltr'>seriptor,</span> <span class='ocrx_word' id='word_1_324' title='bbox 947 3535 974 3566; x_wconf 86' lang='lat' dir='ltr'>se</span> <span class='ocrx_word' id='word_1_325' title='bbox 989 3519 1124 3584; x_wconf 71' lang='lat' dir='ltr'>Callippum</span> <span class='ocrx_word' id='word_1_326' title='bbox 1139 3517 1303 3565; x_wconf 76' lang='lat' dir='ltr'>Pesanieusem</span> 
     </span>
     <span class='ocr_line' id='line_1_36' title="bbox 192 3592 1303 3664; baseline 0 -23"><span class='ocrx_word' id='word_1_327' title='bbox 192 3592 337 3642; x_wconf 82' lang='lat' dir='ltr'>violatorum</span> <span class='ocrx_word' id='word_1_328' title='bbox 345 3592 424 3656; x_wconf 77' lang='lat' dir='ltr'>legum</span> <span class='ocrx_word' id='word_1_329' title='bbox 438 3607 503 3640; x_wconf 88' lang='lat' dir='ltr'>reum</span> <span class='ocrx_word' id='word_1_330' title='bbox 516 3593 601 3641; x_wconf 84' lang='lat' dir='ltr'>lesisse</span> <span class='ocrx_word' id='word_1_331' title='bbox 614 3593 678 3664; x_wconf 36' lang='lat' dir='ltr'>&#39;dicit</span> <span class='ocrx_word' id='word_1_332' title='bbox 685 3610 693 3655; x_wconf 77' lang='lat'>3</span> <span class='ocrx_word' id='word_1_333' title='bbox 709 3611 780 3657; x_wconf 90' lang='lat' dir='ltr'>porro</span> <span class='ocrx_word' id='word_1_334' title='bbox 796 3603 888 3646; x_wconf 85' lang='lat' dir='ltr'>constet</span> <span class='ocrx_word' id='word_1_335' title='bbox 905 3596 1039 3660; x_wconf 75' lang='lat' dir='ltr'>Callippum</span> <span class='ocrx_word' id='word_1_336' title='bbox 1049 3611 1096 3642; x_wconf 88' lang='lat' dir='ltr'>non</span> <span class='ocrx_word' id='word_1_337' title='bbox 1107 3610 1122 3642; x_wconf 91' lang='lat' dir='ltr'>a</span> <span class='ocrx_word' id='word_1_338' title='bbox 1133 3595 1303 3650; x_wconf 83' lang='lat' dir='ltr'>Demosthene,</span> 
     </span>
     <span class='ocr_line' id='line_1_37' title="bbox 194 3668 1303 3736; baseline 0.002 -20"><span class='ocrx_word' id='word_1_339' title='bbox 194 3669 235 3716; x_wconf 89' lang='lat' dir='ltr'>sed</span> <span class='ocrx_word' id='word_1_340' title='bbox 247 3671 278 3717; x_wconf 83' lang='lat' dir='ltr'>eb</span> <span class='ocrx_word' id='word_1_341' title='bbox 289 3668 440 3731; x_wconf 73' lang='lat' dir='ltr'>Hegesippo,</span> <span class='ocrx_word' id='word_1_342' title='bbox 450 3683 516 3716; x_wconf 88' lang='lat' dir='ltr'>reum</span> <span class='ocrx_word' id='word_1_343' title='bbox 528 3684 582 3716; x_wconf 86' lang='lat' dir='ltr'>esse</span> <span class='ocrx_word' id='word_1_344' title='bbox 592 3669 686 3718; x_wconf 76' lang='lat' dir='ltr'>foetum.</span> <span class='ocrx_word' id='word_1_345' title='bbox 720 3671 763 3730; x_wconf 83' lang='lat' dir='ltr'>As,</span> <span class='ocrx_word' id='word_1_346' title='bbox 776 3688 818 3736; x_wconf 88' lang='lat' dir='ltr'>per</span> <span class='ocrx_word' id='word_1_347' title='bbox 828 3671 921 3730; x_wconf 76' lang='lat' dir='ltr'>Iovem,</span> <span class='ocrx_word' id='word_1_348' title='bbox 930 3673 1006 3721; x_wconf 85' lang='lat' dir='ltr'>oretio</span> <span class='ocrx_word' id='word_1_349' title='bbox 1018 3671 1101 3720; x_wconf 83' lang='lat' dir='ltr'>suadet</span> <span class='ocrx_word' id='word_1_350' title='bbox 1111 3670 1303 3726; x_wconf 87' lang='lat' dir='ltr'>Atheniensibus,</span> 
     </span>
     <span class='ocr_line' id='line_1_38' title="bbox 189 3745 1304 3810; baseline 0.003 -20"><span class='ocrx_word' id='word_1_351' title='bbox 189 3753 221 3793; x_wconf 88' lang='grc' dir='ltr'>,ιιι</span> <span class='ocrx_word' id='word_1_352' title='bbox 235 3747 380 3795; x_wconf 86' lang='lat' dir='ltr'>Hulouesum</span> <span class='ocrx_word' id='word_1_353' title='bbox 391 3761 438 3794; x_wconf 91' lang='lat' dir='ltr'>nou</span> <span class='ocrx_word' id='word_1_354' title='bbox 452 3747 576 3807; x_wconf 86' lang='lat' dir='ltr'>aoeipiant,</span> <span class='ocrx_word' id='word_1_355' title='bbox 595 3749 637 3795; x_wconf 93' lang='lat' dir='ltr'>sed</span> <span class='ocrx_word' id='word_1_356' title='bbox 654 3747 781 3810; x_wconf 83' lang='lat' dir='ltr'>resipiant,</span> <span class='ocrx_word' id='word_1_357' title='bbox 792 3766 819 3799; x_wconf 81' lang='lat' dir='ltr'>ao</span> <span class='ocrx_word' id='word_1_358' title='bbox 831 3751 861 3798; x_wconf 91' lang='lat' dir='ltr'>de</span> <span class='ocrx_word' id='word_1_359' title='bbox 872 3751 951 3799; x_wconf 85' lang='lat' dir='ltr'>verbis</span> <span class='ocrx_word' id='word_1_360' title='bbox 964 3747 1161 3808; x_wconf 84' lang='lat' dir='ltr'>eentrevertitur3</span> <span class='ocrx_word' id='word_1_361' title='bbox 1177 3745 1304 3794; x_wconf 80' lang='lat' dir='ltr'>AEsehines</span> 
     </span>
     <span class='ocr_line' id='line_1_39' title="bbox 193 3817 1308 3888; baseline -0.001 -16"><span class='ocrx_word' id='word_1_362' title='bbox 193 3829 271 3872; x_wconf 81' lang='lat' dir='ltr'>sutem</span> <span class='ocrx_word' id='word_1_363' title='bbox 289 3825 348 3872; x_wconf 88' lang='lat' dir='ltr'>dieit</span> <span class='ocrx_word' id='word_1_364' title='bbox 368 3823 550 3872; x_wconf 82' lang='lat' dir='ltr'>Demosthenem</span> <span class='ocrx_word' id='word_1_365' title='bbox 567 3823 616 3871; x_wconf 85' lang='lat' dir='ltr'>hseo</span> <span class='ocrx_word' id='word_1_366' title='bbox 636 3825 815 3882; x_wconf 85' lang='lat' dir='ltr'>Atheniensibus</span> <span class='ocrx_word' id='word_1_367' title='bbox 835 3828 946 3876; x_wconf 89' lang='lat' dir='ltr'>suasisse.</span> <span class='ocrx_word' id='word_1_368' title='bbox 980 3825 1045 3886; x_wconf 82' lang='lat' dir='ltr'>Quid</span> <span class='ocrx_word' id='word_1_369' title='bbox 1063 3832 1112 3873; x_wconf 85' lang='lat' dir='ltr'>tuni</span> <span class='ocrx_word' id='word_1_370' title='bbox 1124 3825 1223 3888; x_wconf 79' lang='lat' dir='ltr'>postea&#39;</span> <span class='ocrx_word' id='word_1_371' title='bbox 1241 3817 1308 3871; x_wconf 69' lang='lat' dir='ltr'>Pos-¹</span> 
     </span>
     <span class='ocr_line' id='line_1_40' title="bbox 195 3901 1303 3965; baseline 0.001 -19"><span class='ocrx_word' id='word_1_372' title='bbox 195 3905 249 3946; x_wconf 89' lang='lat' dir='ltr'>sunt</span> <span class='ocrx_word' id='word_1_373' title='bbox 259 3901 347 3964; x_wconf 87' lang='lat' dir='ltr'>quippe</span> <span class='ocrx_word' id='word_1_374' title='bbox 358 3902 528 3950; x_wconf 88' lang='lat' dir='ltr'>Demosthenes</span> <span class='ocrx_word' id='word_1_375' title='bbox 540 3907 565 3948; x_wconf 91' lang='lat' dir='ltr'>et</span> <span class='ocrx_word' id='word_1_376' title='bbox 578 3901 731 3965; x_wconf 82' lang='lat' dir='ltr'>Hegesippus</span> <span class='ocrx_word' id='word_1_377' title='bbox 746 3905 850 3952; x_wconf 86' lang='lat' dir='ltr'>eamdem</span> <span class='ocrx_word' id='word_1_378' title='bbox 861 3905 947 3952; x_wconf 80' lang='lat' dir='ltr'>lesisse</span> <span class='ocrx_word' id='word_1_379' title='bbox 964 3903 1104 3958; x_wconf 79' lang='lat' dir='ltr'>suasionem,</span> <span class='ocrx_word' id='word_1_380' title='bbox 1117 3901 1233 3962; x_wconf 89' lang='lat' dir='ltr'>siquidem</span> <span class='ocrx_word' id='word_1_381' title='bbox 1239 3901 1303 3948; x_wconf 75' lang='lat' dir='ltr'>elias</span> 
     </span>
     <span class='ocr_line' id='line_1_41' title="bbox 195 3973 1351 4047; baseline 0.001 -25"><span class='ocrx_word' id='word_1_382' title='bbox 195 3973 302 4039; x_wconf 88' lang='lat' dir='ltr'>ejusdem</span> <span class='ocrx_word' id='word_1_383' title='bbox 315 3979 397 4024; x_wconf 81' lang='lat' dir='ltr'>eraut&#39;</span> <span class='ocrx_word' id='word_1_384' title='bbox 390 3995 415 4024; x_wconf 86' lang='grc' dir='ltr'>ιιι</span> <span class='ocrx_word' id='word_1_385' title='bbox 426 3977 566 4040; x_wconf 81' lang='lat' dir='ltr'>republica</span> <span class='ocrx_word' id='word_1_386' title='bbox 558 3978 670 4035; x_wconf 88' lang='lat' dir='ltr'>mstituti,</span> <span class='ocrx_word' id='word_1_387' title='bbox 682 3986 706 4026; x_wconf 91' lang='lat' dir='ltr'>et</span> <span class='ocrx_word' id='word_1_388' title='bbox 720 3982 850 4029; x_wconf 80' lang='lat' dir='ltr'>emtoribus</span> <span class='ocrx_word' id='word_1_389' title='bbox 860 3981 968 4047; x_wconf 87' lang='lat' dir='ltr'>Philippi</span> <span class='ocrx_word' id='word_1_390' title='bbox 979 3979 1093 4028; x_wconf 88' lang='lat' dir='ltr'>studiosis</span> <span class='ocrx_word' id='word_1_391' title='bbox 1107 3978 1301 4025; x_wconf 72' lang='lat' dir='ltr'>adversabantur.</span> <span class='ocrx_word' id='word_1_392' title='bbox 1344 3989 1351 4008; x_wconf 60' lang='grc' dir='ltr'>ι</span> 
     </span>
     <span class='ocr_line' id='line_1_42' title="bbox 195 4047 1304 4120; baseline 0 -20"><span class='ocrx_word' id='word_1_393' title='bbox 195 4049 316 4100; x_wconf 87' lang='lat' dir='ltr'>Meminit</span> <span class='ocrx_word' id='word_1_394' title='bbox 316 4047 386 4099; x_wconf 83' lang='lat' dir='ltr'>etism</span> <span class='ocrx_word' id='word_1_395' title='bbox 399 4053 569 4101; x_wconf 84' lang='lat' dir='ltr'>Demosthenes</span> <span class='ocrx_word' id='word_1_396' title='bbox 578 4054 720 4116; x_wconf 75' lang='lat' dir='ltr'>Hegesippi,</span> <span class='ocrx_word' id='word_1_397' title='bbox 734 4063 760 4103; x_wconf 91' lang='lat' dir='ltr'>ut</span> <span class='ocrx_word' id='word_1_398' title='bbox 771 4057 867 4120; x_wconf 73' lang='lat' dir='ltr'>eollegse</span> <span class='ocrx_word' id='word_1_399' title='bbox 879 4057 916 4104; x_wconf 90' lang='lat' dir='ltr'>sni</span> <span class='ocrx_word' id='word_1_400' title='bbox 933 4059 957 4104; x_wconf 89' lang='lat' dir='ltr'>iu</span> <span class='ocrx_word' id='word_1_401' title='bbox 972 4055 1089 4104; x_wconf 85' lang='lat' dir='ltr'>obeunda·</span> <span class='ocrx_word' id='word_1_402' title='bbox 1087 4053 1211 4116; x_wconf 75' lang='lat' dir='ltr'>legetieno</span> <span class='ocrx_word' id='word_1_403' title='bbox 1224 4061 1249 4101; x_wconf 88' lang='lat' dir='ltr'>et</span> <span class='ocrx_word' id='word_1_404' title='bbox 1260 4069 1304 4115; x_wconf 91' lang='lat' dir='ltr'>op·</span> 
     </span>
     <span class='ocr_line' id='line_1_43' title="bbox 194 4127 1304 4196; baseline 0.005 -22"><span class='ocrx_word' id='word_1_405' title='bbox 194 4127 268 4189; x_wconf 90' lang='lat' dir='ltr'>positi</span> <span class='ocrx_word' id='word_1_406' title='bbox 279 4128 458 4178; x_wconf 75' lang='lat' dir='ltr'>Macedonibus.</span> <span class='ocrx_word' id='word_1_407' title='bbox 489 4131 643 4193; x_wconf 86' lang='lat' dir='ltr'>Perspiounm</span> <span class='ocrx_word' id='word_1_408' title='bbox 654 4139 691 4178; x_wconf 88' lang='lat' dir='ltr'>est</span> <span class='ocrx_word' id='word_1_409' title='bbox 701 4132 785 4196; x_wconf 72' lang='lat' dir='ltr'>igitur,</span> <span class='ocrx_word' id='word_1_410' title='bbox 796 4151 866 4195; x_wconf 91' lang='lat' dir='ltr'>quum</span> <span class='ocrx_word' id='word_1_411' title='bbox 875 4134 949 4182; x_wconf 87' lang='lat' dir='ltr'>oratio</span> <span class='ocrx_word' id='word_1_412' title='bbox 960 4131 1127 4181; x_wconf 87' lang='lat' dir='ltr'>Demosthenis</span> <span class='ocrx_word' id='word_1_413' title='bbox 1138 4131 1169 4178; x_wconf 90' lang='lat' dir='ltr'>de</span> <span class='ocrx_word' id='word_1_414' title='bbox 1179 4130 1304 4179; x_wconf 80' lang='lat' dir='ltr'>Haloneso</span> 
     </span>
     <span class='ocr_line' id='line_1_44' title="bbox 195 4203 1305 4271; baseline 0.005 -22"><span class='ocrx_word' id='word_1_415' title='bbox 195 4203 277 4250; x_wconf 83' lang='lat' dir='ltr'>habits</span> <span class='ocrx_word' id='word_1_416' title='bbox 286 4220 331 4251; x_wconf 91' lang='lat' dir='ltr'>non</span> <span class='ocrx_word' id='word_1_417' title='bbox 344 4210 457 4262; x_wconf 70' lang='lat' dir='ltr'>exstaret,</span> <span class='ocrx_word' id='word_1_418' title='bbox 470 4208 511 4254; x_wconf 89' lang='lat' dir='ltr'>sed</span> <span class='ocrx_word' id='word_1_419' title='bbox 522 4207 639 4270; x_wconf 68' lang='lat' dir='ltr'>periisset,</span> <span class='ocrx_word' id='word_1_420' title='bbox 652 4208 743 4270; x_wconf 87' lang='lat' dir='ltr'>sliquos</span> <span class='ocrx_word' id='word_1_421' title='bbox 760 4226 811 4258; x_wconf 92' lang='lat' dir='ltr'>eam</span> <span class='ocrx_word' id='word_1_422' title='bbox 826 4226 878 4271; x_wconf 80' lang='lat' dir='ltr'>quas</span> <span class='ocrx_word' id='word_1_423' title='bbox 889 4211 985 4259; x_wconf 87' lang='lat' dir='ltr'>inventa</span> <span class='ocrx_word' id='word_1_424' title='bbox 996 4215 1033 4256; x_wconf 88' lang='lat' dir='ltr'>est</span> <span class='ocrx_word' id='word_1_425' title='bbox 1043 4207 1079 4256; x_wconf 89' lang='lat' dir='ltr'>illi</span> <span class='ocrx_word' id='word_1_426' title='bbox 1090 4206 1214 4263; x_wconf 87' lang='lat' dir='ltr'>tribuisse,</span> <span class='ocrx_word' id='word_1_427' title='bbox 1223 4207 1268 4254; x_wconf 79' lang='lat' dir='ltr'>hee</span> <span class='ocrx_word' id='word_1_428' title='bbox 1279 4221 1305 4254; x_wconf 88' lang='lat' dir='ltr'>re</span> 
     </span>
    </p>
   </div>
   <div class='ocr_carea' id='block_1_13' title="bbox 195 4281 1303 4420">
    <p class='ocr_par' dir='ltr' id='par_1_15' title="bbox 195 4281 1303 4420">
     <span class='ocr_line' id='line_1_45' title="bbox 195 4281 1303 4348; baseline 0.005 -22"><span class='ocrx_word' id='word_1_429' title='bbox 195 4281 280 4327; x_wconf 84' lang='lat' dir='ltr'>duotos</span> <span class='ocrx_word' id='word_1_430' title='bbox 292 4282 355 4342; x_wconf 83' lang='lat' dir='ltr'>quod</span> <span class='ocrx_word' id='word_1_431' title='bbox 367 4282 536 4330; x_wconf 84' lang='lat' dir='ltr'>Demosthenes</span> <span class='ocrx_word' id='word_1_432' title='bbox 546 4283 575 4331; x_wconf 86' lang='lat' dir='ltr'>de</span> <span class='ocrx_word' id='word_1_433' title='bbox 586 4281 704 4334; x_wconf 82' lang='lat' dir='ltr'>Heloneso</span> <span class='ocrx_word' id='word_1_434' title='bbox 713 4286 834 4336; x_wconf 78' lang='lat' dir='ltr'>habuisset</span> <span class='ocrx_word' id='word_1_435' title='bbox 845 4287 984 4344; x_wconf 82' lang='lat' dir='ltr'>orationem,</span> <span class='ocrx_word' id='word_1_436' title='bbox 997 4301 1072 4348; x_wconf 82' lang='lat' dir='ltr'>usque</span> <span class='ocrx_word' id='word_1_437' title='bbox 1085 4289 1202 4334; x_wconf 82' lang='lat' dir='ltr'>somtslos</span> <span class='ocrx_word' id='word_1_438' title='bbox 1213 4299 1242 4333; x_wconf 88' lang='lat' dir='ltr'>ou</span> <span class='ocrx_word' id='word_1_439' title='bbox 1253 4283 1303 4333; x_wconf 74' lang='lat' dir='ltr'>hee</span> 
     </span>
     <span class='ocr_line' id='line_1_46' title="bbox 198 4355 709 4420; baseline 0.012 -16"><span class='ocrx_word' id='word_1_440' title='bbox 198 4372 280 4405; x_wconf 80' lang='lat' dir='ltr'>revers</span> <span class='ocrx_word' id='word_1_441' title='bbox 288 4355 351 4406; x_wconf 75' lang='lat' dir='ltr'>esset</span> <span class='ocrx_word' id='word_1_442' title='bbox 360 4357 400 4408; x_wconf 83' lang='lat' dir='ltr'>ills</span> <span class='ocrx_word' id='word_1_443' title='bbox 408 4373 451 4418; x_wconf 82' lang='lat' dir='ltr'>per</span> <span class='ocrx_word' id='word_1_444' title='bbox 462 4374 515 4406; x_wconf 88' lang='lat' dir='ltr'>eum</span> <span class='ocrx_word' id='word_1_445' title='bbox 528 4357 615 4420; x_wconf 87' lang='lat' dir='ltr'>seripta</span> <span class='ocrx_word' id='word_1_446' title='bbox 628 4362 709 4410; x_wconf 83' lang='lat' dir='ltr'>oretio.</span> 
     </span>
    </p>
   </div>
   <div class='ocr_carea' id='block_1_14' title="bbox 0 0 1472 4950">
    <p class='ocr_par' dir='ltr' id='par_1_16' title="bbox 0 0 1472 4950">
     <span class='ocr_line' id='line_1_47' title="bbox 0 0 1472 4950; baseline 0 0"><span class='ocrx_word' id='word_1_447' title='bbox 0 0 1472 4950; x_wconf 95' lang='lat' dir='ltr'> </span> 
     </span>
    </p>
   </div>
  </div>
 </body>
</html>
