2946 4954
256 301 260 310 ·
365 269 442 330 *na
464 267 577 328 ιιιιι.
599 238 1011 330 ιιιιιιιιιιιιιοιιι.
1187 267 1253 345 aaa

146 424 331 504 nequeenim
342 424 398 483 iste
413 413 650 498 auctorejnsest.
673 421 705 480 Si
714 421 779 499 quis
788 431 886 480 autern
897 418 1067 500 roget,quid
1079 417 1166 497 igitur
1175 409 1247 480 dicis

146 517 254 577 homoi
269 526 300 576 et
308 516 389 575 uude
399 515 553 595 primordia
568 516 649 593 capis
664 512 842 572 accurandi?
865 513 947 583 Inde,
959 512 1166 580 Atheniensem
1181 531 1249 571 cum
1326 525 1328 529 ’

149 611 232 670 vubis
243 607 488 680 deliberantibus,
500 627 560 668 non
568 607 666 666 utrum
677 626 734 685 pax
744 605 879 666 facienda
890 615 979 678 esset,
987 625 1040 664 nec
1050 625 1097 676 ne,
1098 623 1207 664 -uam
1218 589 1249 664 id

151 699 339 806 quidemjam
353 701 504 760 decretum
515 697 629 768 er'at-,
640 695 692 758 sed
702 699 739 757 de
748 716 784 757 eo
794 691 887 776 qualis
896 716 931 755 ea
939 715 1004 755 esse
1014 693 1143 756 deberet
1167 689 1253 780 ιιιιιιι

150 795 228 878 enirn
237 792 463 858 decernentibus
478 791 653 868 refragatus,
667 790 801 849 mercede
816 788 983 848 decernenti
998 781 1175 866 suffragatus
1194 771 1250 860 est,

135 884 357 962 ¹largitrombus
366 892 541 962 corruptus
555 881 706 941 deindead
711 876 915 960 JusJurandum
926 879 1100 960 exigendum
1109 879 1251 951 delectus
1290 869 1294 877 ’

152 996 208 1036 nec
222 977 259 1036 de
272 976 420 1035 mandatis
435 971 537 1034 vestris
562 974 717 1051 quicquam
730 973 799 1050 egit,
818 980 850 1030 et
869 971 974 1044 socios,
988 971 1037 1048 qui
1056 989 1073 1028 e
1086 965 1177 1029 bello
1186 989 1252 1030 eva·

152 1077 253 1127 serant
255 1065 413 1147 ,perdidit
427 1076 459 1125 et
471 1075 554 1126 tanta
568 1075 615 1124 est
627 1065 794 1135 ementitus,
809 1059 920 1141 quanta
931 1082 1017 1122 nemo
1012 1063 1107 1122 alius
1121 1081 1251 1154 unquam

138 1157 332 1230 mortalium,
344 1177 441 1235 neque
455 1166 534 1230 ante,
548 1153 642 1251 neque
657 1166 732 1236 post.
765 1156 842 1214 Nam
862 1156 899 1213 ab
920 1155 1004 1214 initio
1018 1175 1053 1214 eo
1067 1174 1162 1232 usque
1182 1149 1253 1232 ιιιιιιι

150 1249 324 1332 permissum
338 1249 475 1329 Philippo
493 1259 539 1308 est
560 1269 648 1326 agere
662 1250 699 1307 de
713 1248 794 1328 pacis
812 1243 1040 1320 conditionibus,
1060 1246 1201 1339 Ctesipho
1224 1256 1253 1306 et

155 1341 357 1430 Aristodemus
371 1341 493 1419 primum
508 1339 621 1397 initium
638 1339 791 1397 fecerunt
783 1343 877 1417 impos
880 1348 969 1398 tzurae
983 1336 1139 1416 postquam
1155 1328 1254 1428 autem

125 1461 126 1464 ¹
148 1440 212 1511 jam
227 1453 264 1493 eo
277 1421 395 1493 ventum
409 1429 475 1504 snit,
489 1439 580 1490 utres
582 1426 735 1536 gerenda
738 1441 826 1504 esset,
840 1451 904 1490 eam
918 1427 1091 1490 Philocteti
1090 1441 1120 1490 et
1134 1431 1182 1490 isti
1196 1412 1252 1490 tra·

155 1525 310 1593 diderunt;
333 1525 384 1604 qui
404 1543 440 1583 ea
458 1533 604 1601 suscepta,
627 1523 724 1582 omnia
744 1523 942 1602 perdiderunt.
976 1518 1022 1582 Ει
1031 1516 1198 1628 postquam
1208 1542 1254 1584 ra-

155 1619 252 1678 tiones
267 1625 397 1679 actorum
409 1615 568 1674 referendae
583 1625 660 1686 sunt,
671 1607 726 1674 iste
739 1615 837 1686 homo,
852 1619 996 1675 veterator
1009 1616 1144 1674 nimirum
1159 1609 1189 1675 ιι
1199 1615 1254 1675 diis

155 1709 277 1779 invisus,
292 1717 323 1766 et
336 1707 461 1779 scriba,'
454 1717 495 1764 rta
509 1725 540 1764 se
551 1705 690 1765 defendet
703 1707 825 1777 scilicet,
840 1725 923 1796 quast
914 1690 973 1765 de
987 1705 1060 1786 pace
1070 1718 1182 1786 agatur,
1196 1727 1255 1792 non

156 1810 190 1859 ut
200 1801 238 1859 de
252 1797 383 1886 pluribus
398 1795 486 1876 quam
498 1806 662 1867 accusatur,
662 1791 855 1892 respondeat
869 1791 949 1874 (nam
963 1817 998 1857 ea
1012 1799 1149 1876 quidem
1141 1785 1256 1858 lusania

158 1893 246 1964 esset)
255 1887 325 1948 red
337 1877 410 1946 illud
423 1888 541 1960 videt,
533 1907 563 1946 m
584 1888 645 1946 suis
660 1889 732 1946 actis
746 1908 805 1947 non
813 1882 912 1948 modo
930 1889 1003 1966 nihil
1016 1908 1081 1948 esse
1100 1881 1180 1964 boni,
1203 1891 1256 1950 sed

160 1980 250 2044 etiam
266 1964 399 2040 scelera
391 1995 488 2040 messe
502 1981 607 2051 omnia,
619 1981 701 2059 pacis
714 1990 811 2039 autem
820 1960 1032 2053 defensionem,
1042 1982 1154 2042 utnihil
1166 1984 1255 2059 aliud,

161 2085 270 2134 nomen
285 2072 387 2132 saltem
397 2071 504 2131 habere
513 2071 677 2150 plausibile
701 2066 809 2147 Quam,
822 2069 957 2161 vereorA
959 2073 1125 2162 thepienses
1128 2067 1256 2151 ,vereor,'

160 2187 197 2225 ne
213 2185 290 2236 sero,
309 2174 343 2220 ut
354 2161 514 2236 debitores,
528 2182 634 2241 magno
648 2159 720 2222 cum
739 2164 849 2224 foenore
869 2157 923 2224 nos
945 2150 1031 2242 agere
1048 2166 1077 2222 in
1080 2159 1255 2244 telliganiua.

160 2257 232 2332 Ejus
246 2257 324 2316 enim
339 2241 533 2326 securitatem
534 2263 568 2315 et
582 2254 767 2314 firmitatem
760 2255 808 2314 isti
825 2255 1025 2352 prodiderunt,
1040 2257 1208 2318 Phocenses
1228 2251 1258 2320 ei

160 2349 261 2468 Pylae,
275 2345 447 2406 nontamen
461 2345 579 2440 propter
588 2341 688 2418 istum,
701 2365 766 2406 eam
779 2346 859 2406 initio
869 2341 1001 2408 fecimus.

167 2443 252 2501 ’.33
276 2415 453 2532 Quanquam
475 2435 623 2497 autemid
647 2438 744 2516 quod
750 2439 847 2498 dicam
861 2441 1035 2530 absurdum,
1046 2461 1145 2530 rerum
1159 2434 1269 2530 tamen'

162 2531 282 2592 omnino
292 2542 347 2591 est
372 2530 403 2587 Si
418 2530 485 2607 quis
496 2542 535 2588 re
541 2521 610 2589 vera
621 2549 695 2634 pace
711 2531 830 2608 gaudet,
846 2531 976 2591 ducibus·
969 2520 1065 2622 ‚quos
1080 2519 1181 2594 ornnes
1196 2538 1261 2621 cub

163 2634 247 2704 pant,
262 2623 384 2701 gratiam
398 2621 514 2680 habeat.
531 2621 646 2693 Nam
623 2642 648 2681 ιι
662 2622 714 2691 ιιιι,
730 2633 763 2681 ut
772 2622 925 2693 volebatis
936 2616 1045 2713 bellum
1057 2613 1263 2718 administras-

154 2727 241 2788 sent,
255 2735 307 2776 vos
321 2735 376 2774 nec
388 2731 495 2774 nomen
508 2715 587 2793 pacis
601 2715 791 2776 tolerassetis.
813 2715 895 2774 Pax
887 2716 976 2794 igitur
989 2737 1042 2796 per
1053 2705 1130 2789 ιιιιιι,
1145 2711 1263 2811 perieu-

162 2812 227 2870 losa
240 2819 270 2868 et
282 2801 393 2869 lubrica
407 2817 437 2866 et
455 2807 545 2867 infida
559 2827 616 2886 pax
630 2829 682 2887 per
694 2800 764 2868 istos
782 2799 862 2868 facta
881 2820 926 2868 est
937 2821 1088 2896 corruptos
1102 2813 1263 2892 largitioni·

161 2905 230 2962 bus.
250 2901 363 2980 Repelli
365 2899 501 2978 tei'gitur,
515 2901 645 2978 repellite
656 2919 721 2960 eum
733 2921 751 2960 a
764 2901 974 2984 disputatione
972 2891 1010 2961 de
1018 2923 1100 2982 pace,
1116 2908 1186 2966 etin
1199 2909 1260 2968 dis-

165 2989 344 3088 putationem
360 2991 398 3050 de
417 2991 490 3050 actis
505 2987 683 3096 compellite.
706 2983 774 3075 Non
790 2993 827 3051 de
840 3011 913 3070 pace
928 3004 1083 3053 accusatur
1094 2985 1265 3060 Ειιιιιιιιιι
1303 3017 1313 3026 ··

164 3086 218 3145 sed
228 3081 285 3164 ριι
295 3093 412 3163 propter
423 3081 590 3141 AEschinem
604 3083 712 3142 crimen
721 3066 820 3143 habet.
828 3085 1020 3161 Argumenta
1029 3085 1103 3144 illud
1114 3097 1169 3157 est,
1181 3077 1263 3174 quod

163 3177 189 3237 si
203 3193 262 3255 pax
274 3176 320 3235 ita
327 3176 411 3234 sacta
421 3181 509 3244 esset,
524 3181 558 3231 ut
570 3193 622 3233 vos
633 3182 736 3266 postea
748 3175 779 3232 in
788 3174 908 3233 nullane
916 3175 1032 3262 decepti
1041 3177 1144 3237 essetis
1146 3199 1313 3268 ,neque

78 3333 84 3346 ι
163 3269 307 3328 sociorum
320 3268 471 3372 quisquam
482 3261 625 3342 periisset,
637 3267 743 3324 nemim
735 3265 914 3324 mortalium
925 3255 1053 3326 bmnium
1066 3288 1126 3347 pax
1139 3259 1265 3358 molesta

162 3353 298 3431 fuisset‚'
290 3358 450 3446 ignominia
460 3357 607 3434 duntaxat
619 3367 752 3436 excepta.
774 3357 837 3415 Etsi
853 3366 949 3417 autem
964 3368 996 3417 et
1007 3359 1070 3438 ejus
1086 3353 1192 3470 culpae
1194 3389 1262 3447 pars

164 3454 195 3512 in
215 3454 278 3512 isto
293 3451 395 3522 haeret,
409 3467 483 3509 cum
498 3451 537 3510 sit
556 3449 716 3509 Philocrati
727 3440 930 3546 suffragatus:
952 3449 1024 3508 nihil
1035 3457 1172 3515 tamen
1164 3477 1264 3520 rmme-

165 3543 292 3624 dicabile
304 3543 410 3606 fuisset
423 3543 594 3604 admissum.
616 3541 705 3600 Nunc
719 3527 876 3600 muliorum
890 3533 1012 3653 aliorum
1020 3544 1183 3646 malorum
1174 3531 1263 3610 retum

164 3642 287 3698 causam
301 3656 365 3696 esse
382 3648 516 3714 apparet.
1266 3629 1271 3644 '

210 3733 259 3788 34.
282 3731 329 3789 Ac
342 3729 465 3806 turpiter
475 3728 603 3806 quidem,
618 3737 648 3786 et
662 3727 805 3818 flagitiose
814 3748 867 3808 per
880 3728 952 3788 istos
967 3749 1078 3790 eaesae
1092 3733 1188 3792 omnia
1197 3702 1263 3814 pei-

166 3825 230 3883 drta
238 3832 268 3881 et
281 3833 426 3924 corrupta,
441 3822 515 3880 scire
527 3839 628 3880 omnes
643 3840 695 3879 vos
710 3811 851 3880 arbitror:
866 3840 923 3900 ego
932 3841 1010 3893 vero,
1016 3822 1265 3900 judices,tan'tum

167 3914 253 3974 abest
265 3923 300 3971 ut
309 3913 464 3991 quicquam
477 3912 541 3971 rlhs
547 3913 634 3970 rebus
649 3911 805 3990 adjungere
816 3913 969 3972 calumuiae
981 3909 1077 3986 velim,
1088 3924 1138 3974 aut
1152 3935 1170 3976 a
1182 3900 1274 3983 robis

167 4010 200 4068 id
216 4008 278 4066 fieri
284 4004 447 4110 postulem,
462 4016 505 4076 ut,
522 4006 547 4064 si
567 3985 654 4064 illa
637 4024 688 4082 per
705 4005 880 4066 vaecordiam
898 4015 950 4066 ant
967 4006 1194 4110 simplicitatem
1199 4025 1267 4076 acta

168 4096 257 4171 sunt,
264 4095 314 4159 ιιιιι
328 4099 461 4178 quamvis
484 4095 594 4158 aliam
587 4099 807 4175 ignorationem,
826 4108 858 4157 ct
876 4099 941 4175 ipse
958 4097 1079 4156 missum
1099 4083 1266 4167 AEschinem

168 4193 286 4262 seciam,
293 4197 333 4250 'et
349 4191 431 4250 vobis
446 4191 566 4255 missum
589 4200 627 4247 ut
642 4189 769 4261 faciatis,
785 4189 933 4250 suadeam.
968 4175 1144 4297 Quanquam
1164 4195 1291 4258 harum*

169 4278 394 4345 excusationum
407 4281 489 4341 riulla
502 4281 605 4374 civilis,
616 4290 668 4340 aut
685 4270 765 4369 junia
779 4290 844 4340 est.
862 4266 1017 4340 Neminem
1032 4285 1108 4343 enim
1125 4305 1177 4346 ιοι
1191 4307 1266 4347 rem·
1273 4280 1277 4287 ’

169 4369 337 4455 publicam
332 4393 433 4454 gerere
426 4373 564 4454 jubetis,
587 4368 640 4434 aut
653 4371 769 4452 cogitis,
778 4369 879 4433 sed
857 4392 882 4433 ιι
895 4373 960 4454 quis
983 4363 1039 4436 'sibi
1058 4363 1266 4456 persuasique
