<?xml version="1.0" encoding="UTF-8"?>
<!DOCTYPE html PUBLIC "-//W3C//DTD XHTML 1.0 Transitional//EN"
    "http://www.w3.org/TR/xhtml1/DTD/xhtml1-transitional.dtd">
<html xmlns="http://www.w3.org/1999/xhtml" xml:lang="en" lang="en">
 <head>
  <title>
</title>
<meta http-equiv="Content-Type" content="text/html;charset=utf-8" />
  <meta name='ocr-system' content='tesseract 3.04.00' />
  <meta name='ocr-capabilities' content='ocr_page ocr_carea ocr_par ocr_line ocrx_word'/>
</head>
<body>
  <div class='ocr_page' id='page_1' title='image "./demosthenisetsc08ulpigoog/demosthenisetsc08ulpigoog_0052.png"; bbox 0 0 2920 4950; ppageno 0'>
   <div class='ocr_carea' id='block_1_1' title="bbox 455 251 1220 336">
    <p class='ocr_par' dir='ltr' id='par_1_1' title="bbox 455 251 1220 336">
     <span class='ocr_line' id='line_1_1' title="bbox 455 251 1220 336; baseline 0.007 -20"><span class='ocrx_word' id='word_1_1' title='bbox 455 251 751 318; x_wconf 69' lang='lat' dir='ltr'><strong>:ourrrumcn</strong></span> <span class='ocrx_word' id='word_1_2' title='bbox 773 253 820 315; x_wconf 94' lang='grc' dir='ltr'><strong>ιιι</strong></span> <span class='ocrx_word' id='word_1_3' title='bbox 840 254 890 336; x_wconf 71' lang='grc' dir='ltr'><strong>(ιι</strong></span> <span class='ocrx_word' id='word_1_4' title='bbox 1178 259 1220 321; x_wconf 82' lang='grc' dir='ltr'><strong>ἰι</strong></span> 
     </span>
    </p>
   </div>
   <div class='ocr_carea' id='block_1_2' title="bbox 100 397 1302 2258">
    <p class='ocr_par' dir='ltr' id='par_1_2' title="bbox 100 397 1302 2258">
     <span class='ocr_line' id='line_1_2' title="bbox 109 397 1222 492; baseline 0.005 -24"><span class='ocrx_word' id='word_1_5' title='bbox 109 401 272 490; x_wconf 68' lang='lat' dir='ltr'><strong>&#39;Olynthios</strong></span> <span class='ocrx_word' id='word_1_6' title='bbox 290 403 333 470; x_wconf 85' lang='lat' dir='ltr'><strong>&#39;in&#39;</strong></span> <span class='ocrx_word' id='word_1_7' title='bbox 356 407 524 492; x_wconf 80' lang='lat' dir='ltr'><strong>Philippum</strong></span> <span class='ocrx_word' id='word_1_8' title='bbox 536 425 612 474; x_wconf 75' lang='lat' dir='ltr'><strong>&#39;esre</strong></span> <span class='ocrx_word' id='word_1_9' title='bbox 632 410 836 488; x_wconf 80' lang='lat' dir='ltr'><strong>concitandos,</strong></span> <span class='ocrx_word' id='word_1_10' title='bbox 857 397 889 473; x_wconf 85' lang='lat' dir='ltr'><strong>ld</strong></span> <span class='ocrx_word' id='word_1_11' title='bbox 907 411 1083 476; x_wconf 78' lang='lat' dir='ltr'><strong>ultronunc</strong></span> <span class='ocrx_word' id='word_1_12' title='bbox 1103 411 1222 488; x_wconf 81' lang='lat' dir='ltr'><strong>accidit,</strong></span> 
     </span>
     <span class='ocr_line' id='line_1_3' title="bbox 105 501 1221 587; baseline 0.003 -24"><span class='ocrx_word' id='word_1_13' title='bbox 105 517 202 581; x_wconf 63' lang='lat' dir='ltr'><strong>saque</strong></span> <span class='ocrx_word' id='word_1_14' title='bbox 213 505 328 564; x_wconf 87' lang='lat' dir='ltr'><strong>ratione</strong></span> <span class='ocrx_word' id='word_1_15' title='bbox 341 519 400 584; x_wconf 88' lang='lat' dir='ltr'><strong>qua</strong></span> <span class='ocrx_word' id='word_1_16' title='bbox 412 505 537 564; x_wconf 82' lang='lat' dir='ltr'>maxime</span> <span class='ocrx_word' id='word_1_17' title='bbox 549 503 635 564; x_wconf 83' lang='lat' dir='ltr'><strong>vobis</strong></span> <span class='ocrx_word' id='word_1_18' title='bbox 658 503 804 583; x_wconf 83' lang='lat' dir='ltr'><strong>expediat.</strong></span> <span class='ocrx_word' id='word_1_19' title='bbox 839 503 918 564; x_wconf 85' lang='lat' dir='ltr'><strong>Nam</strong></span> <span class='ocrx_word' id='word_1_20' title='bbox 939 501 967 564; x_wconf 86' lang='lat' dir='ltr'><strong>¹si</strong></span> <span class='ocrx_word' id='word_1_21' title='bbox 979 516 1077 567; x_wconf 83' lang='lat' dir='ltr'><strong>vestro</strong></span> <span class='ocrx_word' id='word_1_22' title='bbox 1090 505 1221 587; x_wconf 86' lang='lat' dir='ltr'><strong>impulsu</strong></span> 
     </span>
     <span class='ocr_line' id='line_1_4' title="bbox 106 594 1218 678; baseline 0.004 -24"><span class='ocrx_word' id='word_1_23' title='bbox 106 594 222 654; x_wconf 86' lang='lat' dir='ltr'><strong>bellum</strong></span> <span class='ocrx_word' id='word_1_24' title='bbox 241 597 453 675; x_wconf 79' lang='lat' dir='ltr'><strong>suscepissent,</strong></span> <span class='ocrx_word' id='word_1_25' title='bbox 466 597 540 657; x_wconf 90' lang='lat' dir='ltr'><strong>socii</strong></span> <span class='ocrx_word' id='word_1_26' title='bbox 552 597 679 656; x_wconf 74' lang='lat' dir='ltr'><strong>sonasse</strong></span> <span class='ocrx_word' id='word_1_27' title='bbox 692 613 796 676; x_wconf 89' lang='lat' dir='ltr'><strong>parum</strong></span> <span class='ocrx_word' id='word_1_28' title='bbox 808 597 883 657; x_wconf 84' lang='lat' dir='ltr'><strong>firmi</strong></span> <span class='ocrx_word' id='word_1_29' title='bbox 897 605 985 676; x_wconf 78' lang='lat' dir='ltr'><strong>atque</strong></span> <span class='ocrx_word' id='word_1_30' title='bbox 999 598 1038 658; x_wconf 87' lang='lat' dir='ltr'><strong>ad</strong></span> <span class='ocrx_word' id='word_1_31' title='bbox 1055 607 1172 678; x_wconf 90' lang='lat' dir='ltr'><strong>tempus</strong></span> <span class='ocrx_word' id='word_1_32' title='bbox 1186 598 1218 659; x_wconf 88' lang='lat' dir='ltr'><strong>in</strong></span> 
     </span>
     <span class='ocr_line' id='line_1_5' title="bbox 108 686 1218 768; baseline 0.006 -22"><span class='ocrx_word' id='word_1_33' title='bbox 108 705 146 746; x_wconf 87' lang='lat' dir='ltr'><strong>ca</strong></span> <span class='ocrx_word' id='word_1_34' title='bbox 162 689 313 750; x_wconf 83' lang='lat' dir='ltr'><strong>sententia</strong></span> <span class='ocrx_word' id='word_1_35' title='bbox 331 688 477 749; x_wconf 85' lang='lat' dir='ltr'><strong>fuissent:</strong></span> <span class='ocrx_word' id='word_1_36' title='bbox 489 686 637 768; x_wconf 81' lang='lat' dir='ltr'><strong>quoniam</strong></span> <span class='ocrx_word' id='word_1_37' title='bbox 656 697 755 749; x_wconf 87' lang='lat' dir='ltr'><strong>autem</strong></span> <span class='ocrx_word' id='word_1_38' title='bbox 767 707 836 750; x_wconf 88' lang='lat' dir='ltr'><strong>eum</strong></span> <span class='ocrx_word' id='word_1_39' title='bbox 853 690 892 750; x_wconf 91' lang='lat' dir='ltr'><strong>ob</strong></span> <span class='ocrx_word' id='word_1_40' title='bbox 914 687 996 750; x_wconf 83' lang='lat' dir='ltr'><strong>illata</strong></span> <span class='ocrx_word' id='word_1_41' title='bbox 1017 689 1083 750; x_wconf 73' lang='lat' dir='ltr'><strong>sibi-</strong></span> <span class='ocrx_word' id='word_1_42' title='bbox 1094 691 1218 754; x_wconf 86' lang='lat' dir='ltr'><strong>crimina</strong></span> 
     </span>
     <span class='ocr_line' id='line_1_6' title="bbox 111 779 1216 864; baseline 0.006 -25"><span class='ocrx_word' id='word_1_43' title='bbox 111 780 246 854; x_wconf 84' lang='lat' dir='ltr'><strong>oderunt,</strong></span> <span class='ocrx_word' id='word_1_44' title='bbox 261 781 361 842; x_wconf 88' lang='lat' dir='ltr'><strong>firmas</strong></span> <span class='ocrx_word' id='word_1_45' title='bbox 383 800 435 844; x_wconf 85' lang='lat' dir='ltr'><strong>eoa</strong></span> <span class='ocrx_word' id='word_1_46' title='bbox 456 779 608 864; x_wconf 78' lang='lat' dir='ltr'>probabile</span> <span class='ocrx_word' id='word_1_47' title='bbox 623 791 754 842; x_wconf 84' lang='lat' dir='ltr'><strong>estcum</strong></span> <span class='ocrx_word' id='word_1_48' title='bbox 774 799 823 854; x_wconf 91' lang='lat' dir='ltr'><strong>eo,</strong></span> <span class='ocrx_word' id='word_1_49' title='bbox 835 785 1008 863; x_wconf 81' lang='lat' dir='ltr'><strong>propter-ea</strong></span> <span class='ocrx_word' id='word_1_50' title='bbox 1019 801 1087 862; x_wconf 78' lang='lat' dir='ltr'><strong>quse</strong></span> <span class='ocrx_word' id='word_1_51' title='bbox 1103 794 1135 846; x_wconf 89' lang='lat' dir='ltr'><strong>et</strong></span> <span class='ocrx_word' id='word_1_52' title='bbox 1154 803 1216 846; x_wconf 84' lang='lat' dir='ltr'><strong>ms·</strong></span> 
     </span>
     <span class='ocr_line' id='line_1_7' title="bbox 104 867 1217 957; baseline 0.008 -25"><span class='ocrx_word' id='word_1_53' title='bbox 104 883 237 935; x_wconf 82' lang='lat' dir='ltr'><strong>tuuntet</strong></span> <span class='ocrx_word' id='word_1_54' title='bbox 250 875 476 956; x_wconf 88' lang='lat' dir='ltr'><strong>perpessi-sunt,</strong></span> <span class='ocrx_word' id='word_1_55' title='bbox 491 894 592 956; x_wconf 87' lang='lat' dir='ltr'><strong>gerere</strong></span> <span class='ocrx_word' id='word_1_56' title='bbox 600 867 774 938; x_wconf 83' lang='lat' dir='ltr'><strong>inimicitias.</strong></span> <span class='ocrx_word' id='word_1_57' title='bbox 793 875 961 946; x_wconf 80' lang='lat' dir='ltr'><strong>Quareuon</strong></span> <span class='ocrx_word' id='word_1_58' title='bbox 972 876 1153 957; x_wconf 79' lang='lat' dir='ltr'><strong>negligenda</strong></span> <span class='ocrx_word' id='word_1_59' title='bbox 1160 887 1217 955; x_wconf 85' lang='lat' dir='ltr'><strong>est,</strong></span> 
     </span>
     <span class='ocr_line' id='line_1_8' title="bbox 110 966 1214 1056; baseline 0.006 -31"><span class='ocrx_word' id='word_1_60' title='bbox 110 967 316 1041; x_wconf 79' lang='lat' dir='ltr'><strong>Athenienses,</strong></span> <span class='ocrx_word' id='word_1_61' title='bbox 326 969 395 1030; x_wconf 82' lang='lat' dir='ltr'><strong>talis</strong></span> <span class='ocrx_word' id='word_1_62' title='bbox 404 968 505 1029; x_wconf 86' lang='lat' dir='ltr'><strong>oblata</strong></span> <span class='ocrx_word' id='word_1_63' title='bbox 511 966 639 1041; x_wconf 78' lang='lat' dir='ltr'><strong>occasio,</strong></span> <span class='ocrx_word' id='word_1_64' title='bbox 648 987 744 1049; x_wconf 88' lang='lat' dir='ltr'><strong>neque</strong></span> <span class='ocrx_word' id='word_1_65' title='bbox 757 970 975 1056; x_wconf 65' lang='lat' dir='ltr'><strong>commtteadum</strong></span> <span class='ocrx_word' id='word_1_66' title='bbox 988 977 1021 1028; x_wconf 85' lang='lat' dir='ltr'><strong>ut</strong></span> <span class='ocrx_word' id='word_1_67' title='bbox 1039 969 1119 1032; x_wconf 91' lang='lat' dir='ltr'><strong>idem</strong></span> <span class='ocrx_word' id='word_1_68' title='bbox 1129 972 1214 1033; x_wconf 82' lang='lat' dir='ltr'><strong>robis</strong></span> 
     </span>
     <span class='ocr_line' id='line_1_9' title="bbox 105 1057 1211 1142; baseline 0.006 -22.022"><span class='ocrx_word' id='word_1_69' title='bbox 105 1059 223 1122; x_wconf 86' lang='lat' dir='ltr'><strong>accidat</strong></span> <span class='ocrx_word' id='word_1_70' title='bbox 232 1062 316 1142; x_wconf 91' lang='lat' dir='ltr'><strong>quod</strong></span> <span class='ocrx_word' id='word_1_71' title='bbox 326 1081 405 1142; x_wconf 74' lang='lat' dir='ltr'><strong>sepe</strong></span> <span class='ocrx_word' id='word_1_72' title='bbox 414 1061 476 1142; x_wconf 83' lang='lat' dir='ltr'><strong>jam</strong></span> <span class='ocrx_word' id='word_1_73' title='bbox 489 1057 697 1142; x_wconf 73' lang='lat' dir='ltr'><strong>priusacoidit.</strong></span> <span class='ocrx_word' id='word_1_74' title='bbox 720 1061 752 1123; x_wconf 90' lang='lat' dir='ltr'><strong>Si</strong></span> <span class='ocrx_word' id='word_1_75' title='bbox 766 1063 855 1136; x_wconf 89' lang='lat' dir='ltr'><strong>enim,</strong></span> <span class='ocrx_word' id='word_1_76' title='bbox 869 1081 936 1122; x_wconf 88' lang='lat' dir='ltr'><strong>cum</strong></span> <span class='ocrx_word' id='word_1_77' title='bbox 945 1061 1072 1123; x_wconf 79' lang='lat' dir='ltr'><strong>defensis</strong></span> <span class='ocrx_word' id='word_1_78' title='bbox 1086 1083 1140 1124; x_wconf 89' lang='lat' dir='ltr'><strong>nos</strong></span> <span class='ocrx_word' id='word_1_79' title='bbox 1150 1063 1211 1128; x_wconf 83' lang='grc' dir='ltr'><em>Ειι-</em></span> 
     </span>
     <span class='ocr_line' id='line_1_10' title="bbox 108 1153 1212 1251; baseline 0.005 -39"><span class='ocrx_word' id='word_1_80' title='bbox 108 1153 275 1215; x_wconf 75' lang='grc' dir='ltr'><em>ιιοιειιιιιιιιε</em></span> <span class='ocrx_word' id='word_1_81' title='bbox 286 1154 447 1216; x_wconf 83' lang='lat' dir='ltr'><strong>rediremus</strong></span> <span class='ocrx_word' id='word_1_82' title='bbox 450 1154 646 1251; x_wconf 83' lang='lat' dir='ltr'><strong>,aderantque</strong></span> <span class='ocrx_word' id='word_1_83' title='bbox 659 1153 781 1215; x_wconf 75' lang='lat' dir='ltr'><strong>Hieran</strong></span> <span class='ocrx_word' id='word_1_84' title='bbox 780 1165 812 1216; x_wconf 89' lang='lat' dir='ltr'><strong>et</strong></span> <span class='ocrx_word' id='word_1_85' title='bbox 822 1153 983 1216; x_wconf 86' lang='lat' dir='ltr'><strong>Stratocles</strong></span> <span class='ocrx_word' id='word_1_86' title='bbox 993 1153 1212 1238; x_wconf 76' lang='lat' dir='ltr'><strong>Amphipolitoe,</strong></span> 
     </span>
     <span class='ocr_line' id='line_1_11' title="bbox 110 1246 1210 1330; baseline 0.005 -25"><span class='ocrx_word' id='word_1_87' title='bbox 110 1246 167 1326; x_wconf 92' lang='lat' dir='ltr'><strong>qui,</strong></span> <span class='ocrx_word' id='word_1_88' title='bbox 176 1257 321 1329; x_wconf 85' lang='lat' dir='ltr'><strong>suggestu</strong></span> <span class='ocrx_word' id='word_1_89' title='bbox 331 1248 393 1308; x_wconf 88' lang='lat' dir='ltr'><strong>hoc</strong></span> <span class='ocrx_word' id='word_1_90' title='bbox 399 1261 576 1318; x_wconf 85' lang='lat' dir='ltr'><strong>conscenso</strong></span> <span class='ocrx_word' id='word_1_91' title='bbox 585 1247 698 1308; x_wconf 82' lang='lat' dir='ltr'><strong>solvere</strong></span> <span class='ocrx_word' id='word_1_92' title='bbox 711 1267 766 1309; x_wconf 90' lang='lat' dir='ltr'><strong>nos</strong></span> <span class='ocrx_word' id='word_1_93' title='bbox 772 1247 911 1330; x_wconf 88' lang='lat' dir='ltr'><strong>Juberent</strong></span> <span class='ocrx_word' id='word_1_94' title='bbox 918 1250 1076 1330; x_wconf 82' lang='lat' dir='ltr'><strong>urbemque</strong></span> <span class='ocrx_word' id='word_1_95' title='bbox 1084 1269 1168 1310; x_wconf 88' lang='lat' dir='ltr'><strong>suam</strong></span> <span class='ocrx_word' id='word_1_96' title='bbox 1178 1271 1210 1310; x_wconf 89' lang='grc' dir='ltr'><strong>ιιι</strong></span> 
     </span>
     <span class='ocr_line' id='line_1_12' title="bbox 109 1339 1212 1421; baseline 0.005 -23"><span class='ocrx_word' id='word_1_97' title='bbox 109 1339 196 1400; x_wconf 83' lang='lat' dir='ltr'><strong>fidam</strong></span> <span class='ocrx_word' id='word_1_98' title='bbox 208 1341 349 1421; x_wconf 87' lang='lat' dir='ltr'><strong>recipere,</strong></span> <span class='ocrx_word' id='word_1_99' title='bbox 363 1339 443 1401; x_wconf 88' lang='lat' dir='ltr'><strong>idem</strong></span> <span class='ocrx_word' id='word_1_100' title='bbox 462 1359 491 1400; x_wconf 91' lang='lat' dir='ltr'><strong>a</strong></span> <span class='ocrx_word' id='word_1_101' title='bbox 503 1340 588 1400; x_wconf 90' lang='lat' dir='ltr'><strong>nobis</strong></span> <span class='ocrx_word' id='word_1_102' title='bbox 613 1339 742 1400; x_wconf 86' lang='lat' dir='ltr'><strong>studium</strong></span> <span class='ocrx_word' id='word_1_103' title='bbox 764 1340 900 1401; x_wconf 79' lang='lat' dir='ltr'><strong>curandis</strong></span> <span class='ocrx_word' id='word_1_104' title='bbox 925 1342 1087 1402; x_wconf 90' lang='lat' dir='ltr'><strong>commodis</strong></span> <span class='ocrx_word' id='word_1_105' title='bbox 1104 1342 1212 1404; x_wconf 89' lang='lat' dir='ltr'><strong>nostris</strong></span> 
     </span>
     <span class='ocr_line' id='line_1_13' title="bbox 103 1429 1212 1516; baseline 0.004 -26"><span class='ocrx_word' id='word_1_106' title='bbox 103 1429 208 1492; x_wconf 79' lang='lat' dir='ltr'><strong>datum</strong></span> <span class='ocrx_word' id='word_1_107' title='bbox 228 1434 307 1494; x_wconf 77' lang='lat' dir='ltr'><strong>foret</strong></span> <span class='ocrx_word' id='word_1_108' title='bbox 319 1431 399 1514; x_wconf 89' lang='lat' dir='ltr'><strong>quod</strong></span> <span class='ocrx_word' id='word_1_109' title='bbox 412 1433 624 1492; x_wconf 86' lang='lat' dir='ltr'><strong>Euboeensium</strong></span> <span class='ocrx_word' id='word_1_110' title='bbox 644 1433 743 1504; x_wconf 88' lang='lat' dir='ltr'><strong>saluti,</strong></span> <span class='ocrx_word' id='word_1_111' title='bbox 763 1432 940 1493; x_wconf 80' lang='lat' dir='ltr'><strong>habuissetis</strong></span> <span class='ocrx_word' id='word_1_112' title='bbox 960 1444 1032 1494; x_wconf 89' lang='lat' dir='ltr'><strong>tunc</strong></span> <span class='ocrx_word' id='word_1_113' title='bbox 1050 1434 1212 1516; x_wconf 87' lang='lat' dir='ltr'><strong>Amphipo-</strong></span> 
     </span>
     <span class='ocr_line' id='line_1_14' title="bbox 102 1522 1209 1606; baseline 0.005 -24.022"><span class='ocrx_word' id='word_1_114' title='bbox 102 1522 154 1582; x_wconf 87' lang='lat' dir='ltr'><strong>lim</strong></span> <span class='ocrx_word' id='word_1_115' title='bbox 177 1527 338 1605; x_wconf 87' lang='lat' dir='ltr'><strong>omniaque</strong></span> <span class='ocrx_word' id='word_1_116' title='bbox 357 1525 408 1585; x_wconf 86' lang='lat' dir='ltr'><strong>illa</strong></span> <span class='ocrx_word' id='word_1_117' title='bbox 426 1542 493 1605; x_wconf 81' lang='lat' dir='ltr'><strong>quoe</strong></span> <span class='ocrx_word' id='word_1_118' title='bbox 521 1522 629 1584; x_wconf 90' lang='lat' dir='ltr'><strong>deinde</strong></span> <span class='ocrx_word' id='word_1_119' title='bbox 651 1533 761 1584; x_wconf 86' lang='lat' dir='ltr'><strong>secuta</strong></span> <span class='ocrx_word' id='word_1_120' title='bbox 774 1534 845 1585; x_wconf 89' lang='lat' dir='ltr'><strong>sunt</strong></span> <span class='ocrx_word' id='word_1_121' title='bbox 872 1523 1048 1604; x_wconf 82' lang='lat' dir='ltr'><strong>effugissetis</strong></span> <span class='ocrx_word' id='word_1_122' title='bbox 1077 1528 1209 1606; x_wconf 83' lang='lat' dir='ltr'><strong>negotia</strong></span> 
     </span>
     <span class='ocr_line' id='line_1_15' title="bbox 107 1614 1212 1704; baseline 0.006 -31"><span class='ocrx_word' id='word_1_123' title='bbox 107 1614 235 1691; x_wconf 83' lang='lat' dir='ltr'><strong>Rursus,</strong></span> <span class='ocrx_word' id='word_1_124' title='bbox 248 1637 317 1678; x_wconf 92' lang='lat' dir='ltr'><strong>cum</strong></span> <span class='ocrx_word' id='word_1_125' title='bbox 337 1617 484 1698; x_wconf 78' lang='lat' dir='ltr'><strong>Pydnam,</strong></span> <span class='ocrx_word' id='word_1_126' title='bbox 498 1615 671 1690; x_wconf 81' lang='lat' dir='ltr'><strong>Potidoeam,</strong></span> <span class='ocrx_word' id='word_1_127' title='bbox 687 1616 869 1690; x_wconf 75' lang='lat' dir='ltr'><strong>Mathonem,</strong></span> <span class='ocrx_word' id='word_1_128' title='bbox 884 1615 1027 1696; x_wconf 85' lang='lat' dir='ltr'><strong>Pagasas,</strong></span> <span class='ocrx_word' id='word_1_129' title='bbox 1042 1628 1160 1704; x_wconf 75' lang='lat' dir='ltr'><strong>caetera,</strong></span> <span class='ocrx_word' id='word_1_130' title='bbox 1173 1639 1212 1680; x_wconf 90' lang='lat' dir='ltr'><strong>ne</strong></span> 
     </span>
     <span class='ocr_line' id='line_1_16' title="bbox 100 1708 1212 1788; baseline 0.004 -20.022"><span class='ocrx_word' id='word_1_131' title='bbox 100 1708 515 1788; x_wconf 81' lang='lat' dir='ltr'><strong>singulrscommemorandrs</strong></span> <span class='ocrx_word' id='word_1_132' title='bbox 507 1725 660 1779; x_wconf 82' lang='lat' dir='ltr'><strong>immorer</strong></span> <span class='ocrx_word' id='word_1_133' title='bbox 656 1708 789 1769; x_wconf 76' lang='lat' dir='ltr'><strong>obsideri</strong></span> <span class='ocrx_word' id='word_1_134' title='bbox 800 1708 991 1782; x_wconf 78' lang='lat' dir='ltr'><strong>nuntiaretur</strong></span> <span class='ocrx_word' id='word_1_135' title='bbox 1003 1729 1028 1771; x_wconf 78' lang='grc' dir='ltr'><strong>ιι</strong></span> <span class='ocrx_word' id='word_1_136' title='bbox 1037 1719 1101 1770; x_wconf 91' lang='lat' dir='ltr'><strong>tum</strong></span> <span class='ocrx_word' id='word_1_137' title='bbox 1110 1709 1212 1772; x_wconf 85' lang='lat' dir='ltr'><strong>harum</strong></span> 
     </span>
     <span class='ocr_line' id='line_1_17' title="bbox 101 1801 1212 1885; baseline 0.002 -21"><span class='ocrx_word' id='word_1_138' title='bbox 101 1805 222 1864; x_wconf 87' lang='lat' dir='ltr'><strong>urbium</strong></span> <span class='ocrx_word' id='word_1_139' title='bbox 241 1825 294 1864; x_wconf 90' lang='lat' dir='ltr'><strong>um</strong></span> <span class='ocrx_word' id='word_1_140' title='bbox 285 1803 394 1865; x_wconf 89' lang='lat' dir='ltr'><strong>alicui</strong></span> <span class='ocrx_word' id='word_1_141' title='bbox 406 1804 533 1885; x_wconf 91' lang='lat' dir='ltr'><strong>primum</strong></span> <span class='ocrx_word' id='word_1_142' title='bbox 545 1801 681 1864; x_wconf 78' lang='lat' dir='ltr'><strong>alacriter</strong></span> <span class='ocrx_word' id='word_1_143' title='bbox 695 1812 727 1862; x_wconf 90' lang='lat' dir='ltr'><strong>et</strong></span> <span class='ocrx_word' id='word_1_144' title='bbox 739 1812 773 1862; x_wconf 92' lang='lat' dir='ltr'><strong>ut</strong></span> <span class='ocrx_word' id='word_1_145' title='bbox 788 1802 928 1862; x_wconf 84' lang='lat' dir='ltr'><strong>decuerat</strong></span> <span class='ocrx_word' id='word_1_146' title='bbox 940 1823 1026 1883; x_wconf 91' lang='lat' dir='ltr'><strong>opem</strong></span> <span class='ocrx_word' id='word_1_147' title='bbox 1039 1805 1212 1866; x_wconf 81' lang='lat' dir='ltr'><strong>tulissemus</strong></span> 
     </span>
     <span class='ocr_line' id='line_1_18' title="bbox 103 1894 1302 1980; baseline 0.001 -24"><span class='ocrx_word' id='word_1_148' title='bbox 103 1897 169 1980; x_wconf 89' lang='lat' dir='ltr'><strong>ipsi,</strong></span> <span class='ocrx_word' id='word_1_149' title='bbox 191 1897 316 1958; x_wconf 78' lang='lat' dir='ltr'><strong>faciliori</strong></span> <span class='ocrx_word' id='word_1_150' title='bbox 336 1917 415 1958; x_wconf 90' lang='lat' dir='ltr'><strong>nunc</strong></span> <span class='ocrx_word' id='word_1_151' title='bbox 433 1895 585 1975; x_wconf 85' lang='lat' dir='ltr'><strong>multoque</strong></span> <span class='ocrx_word' id='word_1_152' title='bbox 597 1894 742 1955; x_wconf 92' lang='lat' dir='ltr'><strong>humiliori</strong></span> <span class='ocrx_word' id='word_1_153' title='bbox 765 1904 913 1955; x_wconf 86' lang='lat' dir='ltr'><strong>uteremur</strong></span> <span class='ocrx_word' id='word_1_154' title='bbox 927 1895 1074 1976; x_wconf 88' lang='lat' dir='ltr'><strong>Philippo.</strong></span> <span class='ocrx_word' id='word_1_155' title='bbox 1110 1895 1211 1972; x_wconf 89' lang='lat' dir='ltr'><strong>Nunc,</strong></span> <span class='ocrx_word' id='word_1_156' title='bbox 1298 1954 1302 1962; x_wconf 80' lang='grc'>,</span> 
     </span>
     <span class='ocr_line' id='line_1_19' title="bbox 100 1988 1211 2074; baseline -0.005 -19"><span class='ocrx_word' id='word_1_157' title='bbox 100 1995 173 2055; x_wconf 86' lang='lat' dir='ltr'><strong>dum</strong></span> <span class='ocrx_word' id='word_1_158' title='bbox 186 1991 348 2074; x_wconf 86' lang='lat' dir='ltr'><strong>praesentia</strong></span> <span class='ocrx_word' id='word_1_159' title='bbox 363 2007 478 2069; x_wconf 86' lang='lat' dir='ltr'><strong>semper</strong></span> <span class='ocrx_word' id='word_1_160' title='bbox 489 1989 659 2059; x_wconf 81' lang='lat' dir='ltr'><strong>amittimus,</strong></span> <span class='ocrx_word' id='word_1_161' title='bbox 675 1997 706 2047; x_wconf 89' lang='lat' dir='ltr'><strong>et</strong></span> <span class='ocrx_word' id='word_1_162' title='bbox 719 1988 819 2047; x_wconf 84' lang='lat' dir='ltr'><strong>futura</strong></span> <span class='ocrx_word' id='word_1_163' title='bbox 832 2007 886 2048; x_wconf 85' lang='lat' dir='ltr'><strong>sua</strong></span> <span class='ocrx_word' id='word_1_164' title='bbox 898 1995 1002 2068; x_wconf 85' lang='lat' dir='ltr'><strong>sponte</strong></span> <span class='ocrx_word' id='word_1_165' title='bbox 1018 1999 1142 2050; x_wconf 84' lang='lat' dir='ltr'><strong>serente</strong></span> <span class='ocrx_word' id='word_1_166' title='bbox 1156 1989 1211 2050; x_wconf 90' lang='lat' dir='ltr'><strong>ha·</strong></span> 
     </span>
     <span class='ocr_line' id='line_1_20' title="bbox 103 2079 1210 2166; baseline -0.006 -17"><span class='ocrx_word' id='word_1_167' title='bbox 103 2089 206 2149; x_wconf 63' lang='lat' dir='ltr'><strong>bitum*</strong></span> <span class='ocrx_word' id='word_1_168' title='bbox 220 2079 386 2166; x_wconf 87' lang='lat' dir='ltr'><strong>opinamur,</strong></span> <span class='ocrx_word' id='word_1_169' title='bbox 411 2081 555 2160; x_wconf 87' lang='lat' dir='ltr'><strong>auximus,</strong></span> <span class='ocrx_word' id='word_1_170' title='bbox 573 2081 778 2154; x_wconf 83' lang='lat' dir='ltr'><strong>Athenienses,</strong></span> <span class='ocrx_word' id='word_1_171' title='bbox 791 2081 960 2160; x_wconf 91' lang='lat' dir='ltr'><strong>Philippum</strong></span> <span class='ocrx_word' id='word_1_172' title='bbox 973 2101 1029 2142; x_wconf 93' lang='lat' dir='ltr'><strong>nos</strong></span> <span class='ocrx_word' id='word_1_173' title='bbox 1047 2091 1078 2142; x_wconf 92' lang='lat' dir='ltr'><strong>et</strong></span> <span class='ocrx_word' id='word_1_174' title='bbox 1095 2091 1210 2142; x_wconf 89' lang='lat' dir='ltr'><strong>tantum</strong></span> 
     </span>
     <span class='ocr_line' id='line_1_21' title="bbox 104 2171 1210 2258; baseline -0.005 -18"><span class='ocrx_word' id='word_1_175' title='bbox 104 2180 264 2253; x_wconf 84' lang='lat' dir='ltr'><strong>effecimus,</strong></span> <span class='ocrx_word' id='word_1_176' title='bbox 279 2171 506 2258; x_wconf 82' lang='lat' dir='ltr'><strong>quantus&#39;nemo</strong></span> <span class='ocrx_word' id='word_1_177' title='bbox 517 2193 649 2255; x_wconf 84' lang='lat' dir='ltr'><strong>unquam</strong></span> <span class='ocrx_word' id='word_1_178' title='bbox 660 2193 713 2234; x_wconf 86' lang='lat' dir='ltr'><strong>rex</strong></span> <span class='ocrx_word' id='word_1_179' title='bbox 723 2173 780 2234; x_wconf 82' lang='lat' dir='ltr'><strong>init</strong></span> <span class='ocrx_word' id='word_1_180' title='bbox 791 2174 986 2234; x_wconf 72' lang='lat' dir='ltr'><strong>Macedoniae.</strong></span> <span class='ocrx_word' id='word_1_181' title='bbox 1009 2174 1100 2235; x_wconf 86' lang='lat' dir='ltr'><strong>Nunc</strong></span> <span class='ocrx_word' id='word_1_182' title='bbox 1112 2185 1210 2236; x_wconf 88' lang='lat' dir='ltr'><strong>autem</strong></span> 
     </span>
    </p>
   </div>
   <div class='ocr_carea' id='block_1_3' title="bbox 104 2265 1324 2348">
    <p class='ocr_par' dir='ltr' id='par_1_3' title="bbox 104 2265 1324 2348">
     <span class='ocr_line' id='line_1_22' title="bbox 104 2265 1324 2348; baseline -0.007 -13"><span class='ocrx_word' id='word_1_183' title='bbox 104 2274 218 2335; x_wconf 88' lang='lat' dir='ltr'><strong>occasio</strong></span> <span class='ocrx_word' id='word_1_184' title='bbox 231 2272 312 2334; x_wconf 80' lang='lat' dir='ltr'><strong>venit</strong></span> <span class='ocrx_word' id='word_1_185' title='bbox 325 2290 361 2330; x_wconf 87' lang='lat' dir='ltr'><strong>ea</strong></span> <span class='ocrx_word' id='word_1_186' title='bbox 373 2270 440 2344; x_wconf 88' lang='lat' dir='ltr'><strong>ista,</strong></span> <span class='ocrx_word' id='word_1_187' title='bbox 454 2287 514 2346; x_wconf 83' lang='lat' dir='ltr'><strong>quc</strong></span> <span class='ocrx_word' id='word_1_188' title='bbox 527 2287 565 2328; x_wconf 85' lang='lat' dir='ltr'><strong>ex</strong></span> <span class='ocrx_word' id='word_1_189' title='bbox 578 2265 725 2348; x_wconf 85' lang='lat' dir='ltr'><strong>Olynthiis</strong></span> <span class='ocrx_word' id='word_1_190' title='bbox 736 2267 932 2344; x_wconf 72' lang='lat' dir='ltr'><strong>proficiscitur,</strong></span> <span class='ocrx_word' id='word_1_191' title='bbox 946 2279 1051 2346; x_wconf 90' lang='lat' dir='ltr'><strong>sponte</strong></span> <span class='ocrx_word' id='word_1_192' title='bbox 1065 2287 1129 2339; x_wconf 84' lang='lat' dir='ltr'><strong>sua,</strong></span> <span class='ocrx_word' id='word_1_193' title='bbox 1139 2268 1210 2329; x_wconf 79' lang='lat' dir='ltr'><strong>civi·</strong></span> <span class='ocrx_word' id='word_1_194' title='bbox 1321 2309 1324 2320; x_wconf 83' lang='lat'>.</span> 
     </span>
    </p>
   </div>
   <div class='ocr_carea' id='block_1_4' title="bbox 99 2351 1209 3090">
    <p class='ocr_par' dir='ltr' id='par_1_4' title="bbox 104 2351 874 2446">
     <span class='ocr_line' id='line_1_23' title="bbox 104 2351 874 2446; baseline -0.012 -19"><span class='ocrx_word' id='word_1_195' title='bbox 104 2367 163 2439; x_wconf 81' lang='lat' dir='ltr'><strong>tati,</strong></span> <span class='ocrx_word' id='word_1_196' title='bbox 172 2359 251 2446; x_wconf 78' lang='lat' dir='ltr'><strong>¹quaa</strong></span> <span class='ocrx_word' id='word_1_197' title='bbox 264 2364 329 2424; x_wconf 87' lang='lat' dir='ltr'><strong>ulla</strong></span> <span class='ocrx_word' id='word_1_198' title='bbox 341 2351 469 2444; x_wconf 84' lang='lat' dir='ltr'><strong>priorum</strong></span> <span class='ocrx_word' id='word_1_199' title='bbox 482 2360 597 2421; x_wconf 86' lang='lat' dir='ltr'><strong>illarum</strong></span> <span class='ocrx_word' id='word_1_200' title='bbox 610 2379 669 2420; x_wconf 92' lang='lat' dir='ltr'><strong>non</strong></span> <span class='ocrx_word' id='word_1_201' title='bbox 683 2371 728 2420; x_wconf 90' lang='lat' dir='ltr'><strong>est</strong></span> <span class='ocrx_word' id='word_1_202' title='bbox 740 2359 874 2420; x_wconf 89' lang='lat' dir='ltr'><strong>deterior.</strong></span> 
     </span>
    </p>

    <p class='ocr_par' dir='ltr' id='par_1_5' title="bbox 99 2452 1209 3090">
     <span class='ocr_line' id='line_1_24' title="bbox 140 2452 1208 2536; baseline -0.004 -17"><span class='ocrx_word' id='word_1_203' title='bbox 140 2463 170 2518; x_wconf 88' lang='lat'><strong>5.</strong></span> <span class='ocrx_word' id='word_1_204' title='bbox 191 2460 240 2519; x_wconf 87' lang='lat' dir='ltr'><strong>Ac</strong></span> <span class='ocrx_word' id='word_1_205' title='bbox 253 2458 279 2518; x_wconf 91' lang='lat' dir='ltr'><strong>si</strong></span> <span class='ocrx_word' id='word_1_206' title='bbox 292 2454 368 2536; x_wconf 92' lang='lat' dir='ltr'><strong>quis,</strong></span> <span class='ocrx_word' id='word_1_207' title='bbox 378 2464 412 2514; x_wconf 93' lang='lat' dir='ltr'><strong>ut</strong></span> <span class='ocrx_word' id='word_1_208' title='bbox 424 2454 494 2514; x_wconf 92' lang='lat' dir='ltr'><strong>mihi</strong></span> <span class='ocrx_word' id='word_1_209' title='bbox 509 2453 629 2533; x_wconf 90' lang='lat' dir='ltr'><strong>quidem</strong></span> <span class='ocrx_word' id='word_1_210' title='bbox 642 2452 767 2526; x_wconf 85' lang='lat' dir='ltr'><strong>videtur,</strong></span> <span class='ocrx_word' id='word_1_211' title='bbox 782 2471 882 2512; x_wconf 90' lang='lat' dir='ltr'><strong>eorum</strong></span> <span class='ocrx_word' id='word_1_212' title='bbox 903 2474 970 2535; x_wconf 87' lang='lat' dir='ltr'><strong>quse</strong></span> <span class='ocrx_word' id='word_1_213' title='bbox 985 2473 1039 2534; x_wconf 94' lang='lat' dir='ltr'><strong>pro</strong></span> <span class='ocrx_word' id='word_1_214' title='bbox 1062 2453 1147 2514; x_wconf 89' lang='lat' dir='ltr'><strong>nobis</strong></span> <span class='ocrx_word' id='word_1_215' title='bbox 1166 2453 1208 2515; x_wconf 89' lang='lat' dir='ltr'><strong>dii</strong></span> 
     </span>
     <span class='ocr_line' id='line_1_25' title="bbox 99 2545 1207 2626; baseline -0.002 -16"><span class='ocrx_word' id='word_1_216' title='bbox 99 2552 233 2612; x_wconf 84' lang='lat' dir='ltr'><strong>iecerunt</strong></span> <span class='ocrx_word' id='word_1_217' title='bbox 251 2560 334 2611; x_wconf 88' lang='lat' dir='ltr'><strong>recte</strong></span> <span class='ocrx_word' id='word_1_218' title='bbox 355 2545 552 2621; x_wconf 80' lang='lat' dir='ltr'><strong>aestimaverit,</strong></span> <span class='ocrx_word' id='word_1_219' title='bbox 566 2547 601 2620; x_wconf 89' lang='lat' dir='ltr'><strong>is,</strong></span> <span class='ocrx_word' id='word_1_220' title='bbox 615 2546 732 2606; x_wconf 86' lang='lat' dir='ltr'><strong>tametsi</strong></span> <span class='ocrx_word' id='word_1_221' title='bbox 745 2545 837 2605; x_wconf 88' lang='lat' dir='ltr'><strong>multa</strong></span> <span class='ocrx_word' id='word_1_222' title='bbox 849 2564 909 2606; x_wconf 91' lang='lat' dir='ltr'><strong>non</strong></span> <span class='ocrx_word' id='word_1_223' title='bbox 930 2547 1049 2608; x_wconf 82' lang='lat' dir='ltr'><strong>ita-sint</strong></span> <span class='ocrx_word' id='word_1_224' title='bbox 1066 2558 1101 2606; x_wconf 88' lang='lat' dir='ltr'><strong>ut</strong></span> <span class='ocrx_word' id='word_1_225' title='bbox 1121 2567 1207 2626; x_wconf 92' lang='lat' dir='ltr'><strong>opor·</strong></span> 
     </span>
     <span class='ocr_line' id='line_1_26' title="bbox 101 2636 1205 2722; baseline -0.004 -18"><span class='ocrx_word' id='word_1_226' title='bbox 101 2645 162 2716; x_wconf 78' lang='lat' dir='ltr'><strong>luit,</strong></span> <span class='ocrx_word' id='word_1_227' title='bbox 176 2663 319 2722; x_wconf 80' lang='lat' dir='ltr'><strong>magnam</strong></span> <span class='ocrx_word' id='word_1_228' title='bbox 330 2653 431 2702; x_wconf 89' lang='lat' dir='ltr'><strong>tamen</strong></span> <span class='ocrx_word' id='word_1_229' title='bbox 443 2639 514 2719; x_wconf 81' lang='lat' dir='ltr'><strong>ipsit</strong></span> <span class='ocrx_word' id='word_1_230' title='bbox 529 2639 651 2718; x_wconf 83' lang='lat' dir='ltr'><strong>gratiam</strong></span> <span class='ocrx_word' id='word_1_231' title='bbox 659 2636 738 2698; x_wconf 88' lang='lat' dir='ltr'><strong>haud</strong></span> <span class='ocrx_word' id='word_1_232' title='bbox 749 2638 892 2698; x_wconf 84' lang='lat' dir='ltr'><strong>rmmerito</strong></span> <span class='ocrx_word' id='word_1_233' title='bbox 903 2639 941 2700; x_wconf 92' lang='lat' dir='ltr'><strong>sit</strong></span> <span class='ocrx_word' id='word_1_234' title='bbox 950 2639 1122 2700; x_wconf 80' lang='lat' dir='ltr'><strong>habiturus:</strong></span> <span class='ocrx_word' id='word_1_235' title='bbox 1135 2653 1205 2700; x_wconf 83' lang='lat' dir='ltr'><strong>nam</strong></span> 
     </span>
     <span class='ocr_line' id='line_1_27' title="bbox 100 2729 1209 2840; baseline 0 -46"><span class='ocrx_word' id='word_1_236' title='bbox 100 2737 178 2840; x_wconf 87' lang='lat' dir='ltr'><strong>quod</strong></span> <span class='ocrx_word' id='word_1_237' title='bbox 190 2735 287 2796; x_wconf 92' lang='lat' dir='ltr'><strong>multa</strong></span> <span class='ocrx_word' id='word_1_238' title='bbox 300 2735 380 2794; x_wconf 91' lang='lat' dir='ltr'><strong>bello</strong></span> <span class='ocrx_word' id='word_1_239' title='bbox 394 2732 554 2804; x_wconf 89' lang='lat' dir='ltr'><strong>amisimus,</strong></span> <span class='ocrx_word' id='word_1_240' title='bbox 568 2731 600 2792; x_wconf 93' lang='lat' dir='ltr'><strong>id</strong></span> <span class='ocrx_word' id='word_1_241' title='bbox 612 2731 800 2811; x_wconf 67' lang='lat' dir='ltr'><strong>negligentia</strong></span> <span class='ocrx_word' id='word_1_242' title='bbox 813 2741 922 2794; x_wconf 82' lang='lat' dir='ltr'><strong>nostrae</strong></span> <span class='ocrx_word' id='word_1_243' title='bbox 933 2741 1087 2830; x_wconf 84' lang='lat' dir='ltr'><strong>accepturu</strong></span> <span class='ocrx_word' id='word_1_244' title='bbox 1100 2729 1209 2794; x_wconf 85' lang='lat' dir='ltr'><strong>referre</strong></span> 
     </span>
     <span class='ocr_line' id='line_1_28' title="bbox 99 2823 1207 2909; baseline -0.003 -22"><span class='ocrx_word' id='word_1_245' title='bbox 99 2829 162 2908; x_wconf 85' lang='lat' dir='ltr'><strong>jure</strong></span> <span class='ocrx_word' id='word_1_246' title='bbox 176 2829 245 2909; x_wconf 90' lang='lat' dir='ltr'><strong>quis</strong></span> <span class='ocrx_word' id='word_1_247' title='bbox 259 2827 365 2908; x_wconf 84' lang='lat' dir='ltr'><strong>possit,</strong></span> <span class='ocrx_word' id='word_1_248' title='bbox 378 2825 461 2906; x_wconf 91' lang='lat' dir='ltr'><strong>quod</strong></span> <span class='ocrx_word' id='word_1_249' title='bbox 471 2833 569 2886; x_wconf 88' lang='lat' dir='ltr'><strong>autem</strong></span> <span class='ocrx_word' id='word_1_250' title='bbox 581 2842 677 2903; x_wconf 89' lang='lat' dir='ltr'><strong>neque</strong></span> <span class='ocrx_word' id='word_1_251' title='bbox 689 2823 758 2882; x_wconf 89' lang='lat' dir='ltr'><strong>olim</strong></span> <span class='ocrx_word' id='word_1_252' title='bbox 767 2823 823 2884; x_wconf 91' lang='lat' dir='ltr'><strong>hoc</strong></span> <span class='ocrx_word' id='word_1_253' title='bbox 835 2823 957 2900; x_wconf 87' lang='lat' dir='ltr'><strong>factum,</strong></span> <span class='ocrx_word' id='word_1_254' title='bbox 972 2834 1003 2884; x_wconf 88' lang='lat' dir='ltr'><strong>ct</strong></span> <span class='ocrx_word' id='word_1_255' title='bbox 1015 2823 1135 2884; x_wconf 85' lang='lat' dir='ltr'><strong>ostensa</strong></span> <span class='ocrx_word' id='word_1_256' title='bbox 1144 2825 1207 2905; x_wconf 83' lang='lat' dir='ltr'><strong>J&#39;arn</strong></span> 
     </span>
     <span class='ocr_line' id='line_1_29' title="bbox 101 2915 1206 3000; baseline -0.002 -20"><span class='ocrx_word' id='word_1_257' title='bbox 101 2923 184 2982; x_wconf 88' lang='lat' dir='ltr'><strong>nobis</strong></span> <span class='ocrx_word' id='word_1_258' title='bbox 201 2931 248 2980; x_wconf 86' lang='lat' dir='ltr'><strong>est</strong></span> <span class='ocrx_word' id='word_1_259' title='bbox 260 2920 396 3000; x_wconf 85' lang='lat' dir='ltr'><strong>quaedam</strong></span> <span class='ocrx_word' id='word_1_260' title='bbox 412 2917 537 2979; x_wconf 87' lang='lat' dir='ltr'><strong>societas</strong></span> <span class='ocrx_word' id='word_1_261' title='bbox 558 2935 626 2996; x_wconf 80' lang='lat' dir='ltr'><strong>quoe</strong></span> <span class='ocrx_word' id='word_1_262' title='bbox 639 2915 705 2976; x_wconf 78' lang='lat' dir='ltr'><strong>hoec</strong></span> <span class='ocrx_word' id='word_1_263' title='bbox 727 2927 876 2976; x_wconf 87' lang='lat' dir='ltr'><strong>momento</strong></span> <span class='ocrx_word' id='word_1_264' title='bbox 898 2933 953 2978; x_wconf 93' lang='lat' dir='ltr'><strong>suo</strong></span> <span class='ocrx_word' id='word_1_265' title='bbox 972 2918 1100 2989; x_wconf 85' lang='lat' dir='ltr'><strong>libraret,</strong></span> <span class='ocrx_word' id='word_1_266' title='bbox 1115 2919 1206 2978; x_wconf 89' lang='lat' dir='ltr'><strong>modo</strong></span> 
     </span>
     <span class='ocr_line' id='line_1_30' title="bbox 102 3008 1205 3090; baseline -0.005 -16"><span class='ocrx_word' id='word_1_267' title='bbox 102 3015 142 3074; x_wconf 89' lang='lat' dir='ltr'><strong>uti</strong></span> <span class='ocrx_word' id='word_1_268' title='bbox 153 3010 289 3087; x_wconf 79' lang='lat' dir='ltr'><strong>velimus,</strong></span> <span class='ocrx_word' id='word_1_269' title='bbox 299 3011 406 3072; x_wconf 78' lang='lat' dir='ltr'><strong>divirr&#39;ae</strong></span> <span class='ocrx_word' id='word_1_270' title='bbox 414 3008 626 3070; x_wconf 67' lang='lat' dir='ltr'><strong>benevolentis</strong></span> <span class='ocrx_word' id='word_1_271' title='bbox 636 3009 812 3069; x_wconf 87' lang='lat' dir='ltr'><strong>beneficium</strong></span> <span class='ocrx_word' id='word_1_272' title='bbox 825 3009 961 3088; x_wconf 89' lang='lat' dir='ltr'><strong>equidem</strong></span> <span class='ocrx_word' id='word_1_273' title='bbox 973 3009 1205 3090; x_wconf 88' lang='lat' dir='ltr'><strong>pronuntiarem.</strong></span> 
     </span>
    </p>
   </div>
   <div class='ocr_carea' id='block_1_5' title="bbox 102 3101 1207 3200">
    <p class='ocr_par' dir='ltr' id='par_1_6' title="bbox 102 3101 1207 3200">
     <span class='ocr_line' id='line_1_31' title="bbox 102 3101 1207 3200; baseline -0.009 -30"><span class='ocrx_word' id='word_1_274' title='bbox 102 3110 161 3170; x_wconf 81' lang='lat' dir='ltr'><strong>Sed</strong></span> <span class='ocrx_word' id='word_1_275' title='bbox 181 3108 304 3200; x_wconf 86' lang='lat' dir='ltr'><strong>perinde</strong></span> <span class='ocrx_word' id='word_1_276' title='bbox 317 3109 351 3167; x_wconf 87' lang='lat' dir='ltr'><strong>fit</strong></span> <span class='ocrx_word' id='word_1_277' title='bbox 372 3106 485 3166; x_wconf 86' lang='lat' dir='ltr'><strong>scilicet</strong></span> <span class='ocrx_word' id='word_1_278' title='bbox 496 3103 574 3164; x_wconf 79' lang='lat' dir='ltr'><strong>utin</strong></span> <span class='ocrx_word' id='word_1_279' title='bbox 587 3113 671 3184; x_wconf 83' lang='lat' dir='ltr'><strong>parta</strong></span> <span class='ocrx_word' id='word_1_280' title='bbox 687 3101 823 3182; x_wconf 90' lang='lat' dir='ltr'><strong>pecunia.</strong></span> <span class='ocrx_word' id='word_1_281' title='bbox 865 3101 1000 3172; x_wconf 81' lang='lat' dir='ltr'><strong>Quam</strong></span> <span class='ocrx_word' id='word_1_282' title='bbox 977 3123 1002 3162; x_wconf 80' lang='grc' dir='ltr'><strong>ιι</strong></span> <span class='ocrx_word' id='word_1_283' title='bbox 1014 3101 1065 3182; x_wconf 89' lang='lat' dir='ltr'><strong>qui</strong></span> <span class='ocrx_word' id='word_1_284' title='bbox 1080 3102 1207 3181; x_wconf 82' lang='lat' dir='ltr'><strong>accepit,</strong></span> 
     </span>
    </p>
   </div>
   <div class='ocr_carea' id='block_1_6' title="bbox 103 3192 1310 3278">
    <p class='ocr_par' dir='ltr' id='par_1_7' title="bbox 103 3192 1310 3278">
     <span class='ocr_line' id='line_1_32' title="bbox 103 3192 1310 3278; baseline -0.007 -16"><span class='ocrx_word' id='word_1_285' title='bbox 103 3200 187 3264; x_wconf 86' lang='lat' dir='ltr'><strong>etiarn</strong></span> <span class='ocrx_word' id='word_1_286' title='bbox 201 3213 311 3274; x_wconf 87' lang='lat' dir='ltr'><strong>tuetur,</strong></span> <span class='ocrx_word' id='word_1_287' title='bbox 326 3216 463 3278; x_wconf 77' lang='lat' dir='ltr'><strong>magnam</strong></span> <span class='ocrx_word' id='word_1_288' title='bbox 473 3198 565 3258; x_wconf 89' lang='lat' dir='ltr'><strong>habet</strong></span> <span class='ocrx_word' id='word_1_289' title='bbox 577 3196 703 3257; x_wconf 83' lang='lat' dir='ltr'><strong>fortunae</strong></span> <span class='ocrx_word' id='word_1_290' title='bbox 717 3197 859 3276; x_wconf 76' lang='lat' dir='ltr'><strong>gratiam-2</strong></span> <span class='ocrx_word' id='word_1_291' title='bbox 882 3215 907 3254; x_wconf 89' lang='lat' dir='ltr'><strong>sr</strong></span> <span class='ocrx_word' id='word_1_292' title='bbox 899 3193 1016 3274; x_wconf 83' lang='lat' dir='ltr'><strong>perdit</strong></span> <span class='ocrx_word' id='word_1_293' title='bbox 1027 3192 1206 3274; x_wconf 78' lang='lat' dir='ltr'><strong>imprudens,</strong></span> <span class='ocrx_word' id='word_1_294' title='bbox 1303 3201 1310 3208; x_wconf 77' lang='lat'><strong><em>‘</em></strong></span> 
     </span>
    </p>
   </div>
   <div class='ocr_carea' id='block_1_7' title="bbox 104 3284 1206 3578">
    <p class='ocr_par' dir='ltr' id='par_1_8' title="bbox 104 3284 1206 3562">
     <span class='ocr_line' id='line_1_33' title="bbox 104 3284 1205 3390; baseline -0.01 -34"><span class='ocrx_word' id='word_1_295' title='bbox 104 3297 196 3374; x_wconf 91' lang='lat' dir='ltr'><strong>perdit</strong></span> <span class='ocrx_word' id='word_1_296' title='bbox 219 3295 305 3356; x_wconf 87' lang='lat' dir='ltr'><strong>simul</strong></span> <span class='ocrx_word' id='word_1_297' title='bbox 319 3291 451 3354; x_wconf 84' lang='lat' dir='ltr'><strong>beneficii</strong></span> <span class='ocrx_word' id='word_1_298' title='bbox 468 3290 647 3351; x_wconf 83' lang='lat' dir='ltr'><strong>memoriam.</strong></span> <span class='ocrx_word' id='word_1_299' title='bbox 656 3289 728 3350; x_wconf 91' lang='lat' dir='ltr'><strong>Sic</strong></span> <span class='ocrx_word' id='word_1_300' title='bbox 745 3289 833 3350; x_wconf 89' lang='lat' dir='ltr'><strong>etiarn</strong></span> <span class='ocrx_word' id='word_1_301' title='bbox 846 3287 876 3347; x_wconf 93' lang='lat' dir='ltr'><strong>in</strong></span> <span class='ocrx_word' id='word_1_302' title='bbox 890 3287 977 3346; x_wconf 90' lang='lat' dir='ltr'><strong>rebus</strong></span> <span class='ocrx_word' id='word_1_303' title='bbox 991 3284 1148 3390; x_wconf 81' lang='lat' dir='ltr'><strong>gerendis,</strong></span> <span class='ocrx_word' id='word_1_304' title='bbox 1146 3285 1205 3364; x_wconf 85' lang='lat' dir='ltr'><strong>q&#39;ui</strong></span> 
     </span>
     <span class='ocr_line' id='line_1_34' title="bbox 104 3377 1206 3458; baseline -0.007 -10"><span class='ocrx_word' id='word_1_305' title='bbox 104 3391 306 3452; x_wconf 86' lang='lat' dir='ltr'><strong>occasionibus</strong></span> <span class='ocrx_word' id='word_1_306' title='bbox 321 3407 382 3449; x_wconf 91' lang='lat' dir='ltr'><strong>non</strong></span> <span class='ocrx_word' id='word_1_307' title='bbox 396 3395 475 3446; x_wconf 88' lang='lat' dir='ltr'><strong>reete</strong></span> <span class='ocrx_word' id='word_1_308' title='bbox 488 3384 535 3445; x_wconf 88' lang='lat' dir='ltr'><strong>usi</strong></span> <span class='ocrx_word' id='word_1_309' title='bbox 555 3383 635 3458; x_wconf 87' lang='lat' dir='ltr'><strong>sunt,</strong></span> <span class='ocrx_word' id='word_1_310' title='bbox 648 3402 668 3444; x_wconf 91' lang='lat' dir='ltr'><strong>u</strong></span> <span class='ocrx_word' id='word_1_311' title='bbox 682 3381 800 3442; x_wconf 81' lang='lat' dir='ltr'><strong>tametsi</strong></span> <span class='ocrx_word' id='word_1_312' title='bbox 815 3380 887 3440; x_wconf 89' lang='lat' dir='ltr'><strong>boni</strong></span> <span class='ocrx_word' id='word_1_313' title='bbox 899 3377 1048 3458; x_wconf 74' lang='lat' dir='ltr'><strong>quippiam</strong></span> <span class='ocrx_word' id='word_1_314' title='bbox 1068 3377 1206 3440; x_wconf 74' lang='lat' dir='ltr'><strong>diuinitus</strong></span> 
     </span>
     <span class='ocr_line' id='line_1_35' title="bbox 104 3468 1205 3578; baseline -0.013 -35"><span class='ocrx_word' id='word_1_315' title='bbox 104 3482 213 3578; x_wconf 86' lang='lat' dir='ltr'><strong>obtigit,</strong></span> <span class='ocrx_word' id='word_1_316' title='bbox 223 3481 305 3558; x_wconf 80' lang='lat' dir='ltr'><strong>haud</strong></span> <span class='ocrx_word' id='word_1_317' title='bbox 320 3479 532 3542; x_wconf 80' lang='lat' dir='ltr'><strong>meminerunt.</strong></span> <span class='ocrx_word' id='word_1_318' title='bbox 552 3493 589 3536; x_wconf 85' lang='lat' dir='ltr'><strong>ex</strong></span> <span class='ocrx_word' id='word_1_319' title='bbox 603 3473 706 3535; x_wconf 88' lang='lat' dir='ltr'><strong>ultimo</strong></span> <span class='ocrx_word' id='word_1_320' title='bbox 720 3473 798 3534; x_wconf 89' lang='lat' dir='ltr'><strong>enim</strong></span> <span class='ocrx_word' id='word_1_321' title='bbox 812 3481 928 3543; x_wconf 82' lang='lat' dir='ltr'><strong>eventu,</strong></span> <span class='ocrx_word' id='word_1_322' title='bbox 943 3468 1016 3528; x_wconf 88' lang='lat' dir='ltr'><strong>de</strong></span> <span class='ocrx_word' id='word_1_323' title='bbox 999 3488 1033 3528; x_wconf 90' lang='lat' dir='ltr'><strong>us</strong></span> <span class='ocrx_word' id='word_1_324' title='bbox 1047 3488 1115 3549; x_wconf 79' lang='lat' dir='ltr'><strong>quae</strong></span> <span class='ocrx_word' id='word_1_325' title='bbox 1125 3487 1205 3548; x_wconf 74' lang='lat' dir='ltr'><strong>prm·</strong></span> 
     </span>
    </p>
   </div>
   <div class='ocr_carea' id='block_1_8' title="bbox 105 3561 1207 3746">
    <p class='ocr_par' dir='ltr' id='par_1_9' title="bbox 105 3561 1207 3746">
     <span class='ocr_line' id='line_1_36' title="bbox 105 3561 1207 3649; baseline -0.013 -13"><span class='ocrx_word' id='word_1_326' title='bbox 105 3569 250 3637; x_wconf 76' lang='lat' dir='ltr'><strong>cesserunt</strong></span> <span class='ocrx_word' id='word_1_327' title='bbox 270 3573 417 3646; x_wconf 86' lang='lat' dir='ltr'><strong>omnibus,</strong></span> <span class='ocrx_word' id='word_1_328' title='bbox 438 3572 473 3631; x_wconf 88' lang='lat' dir='ltr'><strong>fit</strong></span> <span class='ocrx_word' id='word_1_329' title='bbox 486 3569 657 3649; x_wconf 90' lang='lat' dir='ltr'><strong>plerumque</strong></span> <span class='ocrx_word' id='word_1_330' title='bbox 673 3566 829 3648; x_wconf 88' lang='lat' dir='ltr'><strong>judicium.</strong></span> <span class='ocrx_word' id='word_1_331' title='bbox 870 3561 1053 3640; x_wconf 85' lang='lat' dir='ltr'><strong>Quapropter</strong></span> <span class='ocrx_word' id='word_1_332' title='bbox 1065 3561 1155 3621; x_wconf 79' lang='lat' dir='ltr'><strong>vobis</strong></span> <span class='ocrx_word' id='word_1_333' title='bbox 1169 3581 1207 3622; x_wconf 90' lang='lat' dir='ltr'><strong>ea</strong></span> 
     </span>
     <span class='ocr_line' id='line_1_37' title="bbox 105 3652 1205 3746; baseline -0.015 -17"><span class='ocrx_word' id='word_1_334' title='bbox 105 3685 166 3746; x_wconf 75' lang='lat' dir='ltr'><strong>qun</strong></span> <span class='ocrx_word' id='word_1_335' title='bbox 173 3679 294 3739; x_wconf 84' lang='lat' dir='ltr'><strong>restant</strong></span> <span class='ocrx_word' id='word_1_336' title='bbox 306 3666 511 3735; x_wconf 85' lang='lat' dir='ltr'><strong>Athenienses,</strong></span> <span class='ocrx_word' id='word_1_337' title='bbox 523 3680 651 3741; x_wconf 78' lang='lat' dir='ltr'><strong>magnae</strong></span> <span class='ocrx_word' id='word_1_338' title='bbox 649 3675 733 3720; x_wconf 85' lang='lat' dir='ltr'><strong>curae</strong></span> <span class='ocrx_word' id='word_1_339' title='bbox 742 3677 807 3719; x_wconf 89' lang='lat' dir='ltr'><strong>esse</strong></span> <span class='ocrx_word' id='word_1_340' title='bbox 821 3655 939 3725; x_wconf 84' lang='lat' dir='ltr'><strong>debent,</strong></span> <span class='ocrx_word' id='word_1_341' title='bbox 949 3663 984 3713; x_wconf 91' lang='lat' dir='ltr'><strong>ut</strong></span> <span class='ocrx_word' id='word_1_342' title='bbox 995 3652 1041 3713; x_wconf 89' lang='lat' dir='ltr'><strong>his</strong></span> <span class='ocrx_word' id='word_1_343' title='bbox 1051 3652 1126 3714; x_wconf 86' lang='lat' dir='ltr'><strong>vitiis</strong></span> <span class='ocrx_word' id='word_1_344' title='bbox 1140 3673 1205 3714; x_wconf 92' lang='lat' dir='ltr'><strong>cor·</strong></span> 
     </span>
    </p>
   </div>
   <div class='ocr_carea' id='block_1_9' title="bbox 105 3737 1330 3834">
    <p class='ocr_par' dir='ltr' id='par_1_10' title="bbox 105 3737 1330 3834">
     <span class='ocr_line' id='line_1_38' title="bbox 105 3737 1330 3834; baseline -0.008 -17"><span class='ocrx_word' id='word_1_345' title='bbox 105 3761 184 3820; x_wconf 84' lang='lat' dir='ltr'><strong>rectu</strong></span> <span class='ocrx_word' id='word_1_346' title='bbox 195 3775 290 3819; x_wconf 84' lang='lat' dir='ltr'><strong>rerum</strong></span> <span class='ocrx_word' id='word_1_347' title='bbox 306 3759 347 3816; x_wconf 90' lang='lat' dir='ltr'><strong>ita</strong></span> <span class='ocrx_word' id='word_1_348' title='bbox 360 3764 511 3834; x_wconf 83' lang='lat' dir='ltr'><strong>gestarum</strong></span> <span class='ocrx_word' id='word_1_349' title='bbox 518 3752 674 3813; x_wconf 76' lang='lat' dir='ltr'><strong>infamiam</strong></span> <span class='ocrx_word' id='word_1_350' title='bbox 687 3751 844 3812; x_wconf 86' lang='lat' dir='ltr'><strong>diluamus</strong></span> <span class='ocrx_word' id='word_1_351' title='bbox 875 3744 973 3812; x_wconf 81' lang='lat' dir='ltr'><strong>Quod</strong></span> <span class='ocrx_word' id='word_1_352' title='bbox 983 3765 1008 3805; x_wconf 77' lang='lat' dir='ltr'><strong>nr</strong></span> <span class='ocrx_word' id='word_1_353' title='bbox 999 3745 1202 3824; x_wconf 82' lang='lat' dir='ltr'><strong>hosquoque</strong></span> <span class='ocrx_word' id='word_1_354' title='bbox 1311 3737 1330 3754; x_wconf 65' lang='lat'><strong>‘&#39;</strong></span> 
     </span>
    </p>
   </div>
   <div class='ocr_carea' id='block_1_10' title="bbox 104 3835 1213 4396">
    <p class='ocr_par' dir='ltr' id='par_1_11' title="bbox 104 3835 1203 4396">
     <span class='ocr_line' id='line_1_39' title="bbox 104 3835 1203 3920; baseline -0.007 -11"><span class='ocrx_word' id='word_1_355' title='bbox 104 3850 229 3914; x_wconf 88' lang='lat' dir='ltr'><strong>homines</strong></span> <span class='ocrx_word' id='word_1_356' title='bbox 243 3846 473 3917; x_wconf 84' lang='lat' dir='ltr'><strong>destituerimus&#39;,</strong></span> <span class='ocrx_word' id='word_1_357' title='bbox 486 3843 692 3914; x_wconf 84' lang='lat' dir='ltr'><strong>Athenienses,</strong></span> <span class='ocrx_word' id='word_1_358' title='bbox 706 3853 794 3920; x_wconf 87' lang='lat' dir='ltr'><strong>atque</strong></span> <span class='ocrx_word' id='word_1_359' title='bbox 811 3839 861 3899; x_wconf 91' lang='lat' dir='ltr'><strong>ille</strong></span> <span class='ocrx_word' id='word_1_360' title='bbox 872 3835 1043 3919; x_wconf 82' lang='lat' dir='ltr'><strong>Olynthum</strong></span> <span class='ocrx_word' id='word_1_361' title='bbox 1057 3840 1203 3915; x_wconf 86' lang='lat' dir='ltr'><strong>everterit,</strong></span> 
     </span>
     <span class='ocr_line' id='line_1_40' title="bbox 107 3931 1201 4072; baseline -0.006 -70"><span class='ocrx_word' id='word_1_362' title='bbox 107 3941 178 4005; x_wconf 81' lang='lat' dir='ltr'><strong>dicat</strong></span> <span class='ocrx_word' id='word_1_363' title='bbox 184 3945 255 4006; x_wconf 91' lang='lat' dir='ltr'><strong>mihi</strong></span> <span class='ocrx_word' id='word_1_364' title='bbox 269 3941 372 4021; x_wconf 86' lang='lat' dir='ltr'><strong>aliquis</strong></span> <span class='ocrx_word' id='word_1_365' title='bbox 383 3935 456 4020; x_wconf 88' lang='lat' dir='ltr'><strong>quid</strong></span> <span class='ocrx_word' id='word_1_366' title='bbox 468 3940 564 4068; x_wconf 80' lang='lat' dir='ltr'><strong>restet,</strong></span> <span class='ocrx_word' id='word_1_367' title='bbox 578 3935 658 4013; x_wconf 90' lang='lat' dir='ltr'><strong>quod</strong></span> <span class='ocrx_word' id='word_1_368' title='bbox 671 3934 762 4054; x_wconf 88' lang='grc' dir='ltr'><em>ιιιιιιιι</em></span> <span class='ocrx_word' id='word_1_369' title='bbox 760 3933 929 4012; x_wconf 85' lang='lat' dir='ltr'><strong>quominus</strong></span> <span class='ocrx_word' id='word_1_370' title='bbox 942 3940 993 3992; x_wconf 84' lang='lat' dir='ltr'><strong>eat</strong></span> <span class='ocrx_word' id='word_1_371' title='bbox 1003 3948 1060 4072; x_wconf 83' lang='lat' dir='ltr'><strong>quo</strong></span> <span class='ocrx_word' id='word_1_372' title='bbox 1074 3931 1145 3992; x_wconf 86' lang='lat' dir='ltr'><strong>velit</strong></span> <span class='ocrx_word' id='word_1_373' title='bbox 1154 3953 1201 3995; x_wconf 89' lang='lat' dir='ltr'><strong>re·</strong></span> 
     </span>
     <span class='ocr_line' id='line_1_41' title="bbox 106 4034 1199 4214; baseline -0.008 -23"><span class='ocrx_word' id='word_1_374' title='bbox 106 4034 327 4209; x_wconf 49' lang='grc' dir='ltr'><strong>11106Γῗῑιιιιιιιιιιιιι</strong></span> <span class='ocrx_word' id='word_1_375' title='bbox 340 4079 476 4189; x_wconf 82' lang='lat' dir='ltr'><strong>restrum</strong></span> <span class='ocrx_word' id='word_1_376' title='bbox 485 4126 608 4206; x_wconf 76' lang='lat' dir='ltr'><strong>cogitat,</strong></span> <span class='ocrx_word' id='word_1_377' title='bbox 622 4077 830 4193; x_wconf 81' lang='lat' dir='ltr'><strong>Athenienses,</strong></span> <span class='ocrx_word' id='word_1_378' title='bbox 844 4131 874 4179; x_wconf 88' lang='lat' dir='ltr'><strong>et</strong></span> <span class='ocrx_word' id='word_1_379' title='bbox 890 4127 1013 4214; x_wconf 77' lang='lat' dir='ltr'><strong>spectat,</strong></span> <span class='ocrx_word' id='word_1_380' title='bbox 1024 4063 1145 4198; x_wconf 85' lang='lat' dir='ltr'><strong>quibus</strong></span> <span class='ocrx_word' id='word_1_381' title='bbox 1142 4116 1199 4182; x_wconf 76' lang='lat' dir='ltr'><strong>lam</strong></span> 
     </span>
     <span class='ocr_line' id='line_1_42' title="bbox 106 4207 1199 4318; baseline -0.008 -37"><span class='ocrx_word' id='word_1_382' title='bbox 106 4241 220 4303; x_wconf 80' lang='lat' dir='ltr'><strong>magnus</strong></span> <span class='ocrx_word' id='word_1_383' title='bbox 233 4213 507 4292; x_wconf 81' lang='lat' dir='ltr'><strong>evasitrationibus&#39;,</strong></span> <span class='ocrx_word' id='word_1_384' title='bbox 515 4219 725 4278; x_wconf 81' lang='lat' dir='ltr'><strong>infirmuscurn</strong></span> <span class='ocrx_word' id='word_1_385' title='bbox 738 4212 920 4282; x_wconf 84' lang='lat' dir='ltr'><strong>essetinitio,</strong></span> <span class='ocrx_word' id='word_1_386' title='bbox 917 4207 1113 4318; x_wconf 77' lang='lat' dir='ltr'><strong>Philippus?</strong></span> <span class='ocrx_word' id='word_1_387' title='bbox 1135 4211 1199 4272; x_wconf 92' lang='lat' dir='ltr'><strong>Pri·</strong></span> 
     </span>
     <span class='ocr_line' id='line_1_43' title="bbox 107 4303 1213 4396; baseline -0.007 -24"><span class='ocrx_word' id='word_1_388' title='bbox 107 4332 177 4376; x_wconf 88' lang='lat' dir='ltr'><strong>mum</strong></span> <span class='ocrx_word' id='word_1_389' title='bbox 195 4312 363 4396; x_wconf 86' lang='lat' dir='ltr'><strong>Arnplripoli</strong></span> <span class='ocrx_word' id='word_1_390' title='bbox 376 4321 478 4392; x_wconf 87' lang='lat' dir='ltr'><strong>capta,</strong></span> <span class='ocrx_word' id='word_1_391' title='bbox 487 4309 593 4372; x_wconf 87' lang='lat' dir='ltr'><strong>deinde</strong></span> <span class='ocrx_word' id='word_1_392' title='bbox 607 4306 723 4388; x_wconf 88' lang='lat' dir='ltr'><strong>Pydna,</strong></span> <span class='ocrx_word' id='word_1_393' title='bbox 736 4323 838 4366; x_wconf 85' lang='lat' dir='ltr'><strong>rursus</strong></span> <span class='ocrx_word' id='word_1_394' title='bbox 852 4303 1019 4379; x_wconf 70' lang='lat' dir='ltr'><strong>Potidaea,</strong></span> <span class='ocrx_word' id='word_1_395' title='bbox 1010 4315 1127 4366; x_wconf 79' lang='lat' dir='ltr'><strong>uterum</strong></span> <span class='ocrx_word' id='word_1_396' title='bbox 1131 4305 1213 4365; x_wconf 85' lang='lat' dir='ltr'><strong>Me</strong></span> 
     </span>
    </p>
   </div>
   <div class='ocr_carea' id='block_1_11' title="bbox 106 4397 1199 4554">
    <p class='ocr_par' dir='ltr' id='par_1_12' title="bbox 106 4397 1199 4554">
     <span class='ocr_line' id='line_1_44' title="bbox 106 4397 1199 4493; baseline -0.007 -26"><span class='ocrx_word' id='word_1_397' title='bbox 106 4405 195 4486; x_wconf 87' lang='lat' dir='ltr'><strong>thone,</strong></span> <span class='ocrx_word' id='word_1_398' title='bbox 213 4417 318 4493; x_wconf 85' lang='lat' dir='ltr'><strong>postea</strong></span> <span class='ocrx_word' id='word_1_399' title='bbox 331 4401 515 4468; x_wconf 71' lang='lat' dir='ltr'><strong>Thessaliam</strong></span> <span class='ocrx_word' id='word_1_400' title='bbox 537 4401 660 4465; x_wconf 85' lang='lat' dir='ltr'><strong>invasit.</strong></span> <span class='ocrx_word' id='word_1_401' title='bbox 683 4399 815 4462; x_wconf 87' lang='lat' dir='ltr'><strong>demum</strong></span> <span class='ocrx_word' id='word_1_402' title='bbox 821 4417 889 4460; x_wconf 89' lang='lat' dir='ltr'><strong>cum</strong></span> <span class='ocrx_word' id='word_1_403' title='bbox 914 4397 1037 4489; x_wconf 83' lang='lat' dir='ltr'><strong>Pheras,</strong></span> <span class='ocrx_word' id='word_1_404' title='bbox 1053 4397 1199 4477; x_wconf 75' lang='lat' dir='ltr'><strong>Pagasas,</strong></span> 
     </span>
     <span class='ocr_line' id='line_1_45' title="bbox 636 4513 656 4554; baseline 0 0"><span class='ocrx_word' id='word_1_405' title='bbox 636 4513 656 4554; x_wconf 83' lang='lat' dir='ltr'><strong>o</strong></span> 
     </span>
    </p>
   </div>
   <div class='ocr_carea' id='block_1_12' title="bbox 0 0 1464 4950">
    <p class='ocr_par' dir='ltr' id='par_1_13' title="bbox 0 0 1464 4950">
     <span class='ocr_line' id='line_1_46' title="bbox 0 0 1464 4950; baseline 0 0"><span class='ocrx_word' id='word_1_406' title='bbox 0 0 1464 4950; x_wconf 95' lang='lat' dir='ltr'><strong> </strong></span> 
     </span>
    </p>
   </div>
  </div>
 </body>
</html>
