2946 4954
579 255 842 331 nu'couoss.
1198 276 1257 362 soa

161 417 277 480 collatae
290 418 397 481 laudes
411 430 503 496 erant,
525 441 545 488 a.
561 423 643 483 vobis
665 444 733 485 vero
752 423 895 486 sacrificia
908 434 938 484 et
958 423 1186 504 supplicationes
1199 427 1256 487 diis

164 513 336 590 agebantur.
378 515 474 592 Atque
488 517 547 594 ego'
557 514 681 576 libenter
695 535 765 576 sane
779 518 815 575 ab
825 516 968 576 'AEschine
983 517 1165 595 quaesierim:
1187 510 1255 580 curn

161 603 191 661 in
201 603 246 662 his
260 605 448 665 versaremini
461 616 490 666 et
504 607 799 688 honorislaetitiaeque
814 617 844 668 et
855 607 976 668 laudum
993 610 1081 688 plena
1093 621 1173 672 esset
1185 613 1255 672 civi-

160 701 215 768 tas,
230 705 329 756 utrum
347 697 410 776 ipse
429 718 569 758 unacum
582 699 692 779 populo
707 699 876 760 sacrificauit
890 710 920 760 et
938 700 1055 761 loetatus
1070 704 1117 774 sit,
1132 725 1170 764 an
1182 710 1254 764 moe-

158 806 229 848 rens
244 808 278 847 ac
293 809 413 867 gemens
427 799 457 850 et
469 789 558 850 livore
572 793 722 853 confectus
736 786 774 851 ob
791 811 974 851 communem
992 793 1161 855 felicitatem
1176 797 1254 856 domi

159 881 343 940 consederit?
386 883 463 941 Nam
477 883 500 942 si
514 885 615 944 aderat
628 895 659 944 et
671 885 746 944 inter
760 895 878 945 caeteros
892 896 1096 946 annumeratus
1109 898 1162 961 est,
1179 910 1252 949 non·

158 989 199 1029 ne
220 970 325 1049 inique,
341 973 399 1032 imo
412 994 481 1034 vero
502 994 598 1034 nonne
610 976 699 1056 impie
712 977 792 1049 facit,
807 977 856 1054 qui
869 995 991 1054 quarum
1004 998 1100 1037 rernm
1113 989 1253 1058 tanquam

157 1063 331 1140 optimarum
352 1064 417 1142 ipse
439 1067 509 1125 deos
529 1076 619 1127 testes
643 1069 815 1138 adhibuerit,
831 1069 950 1128 easdem
964 1089 1042 1128 nuuc
1063 1081 1097 1130 ut
1116 1071 1252 1150 indignas

151 1153 304 1228 Judicetis,
318 1158 450 1235 postulet
463 1178 481 1217 a
493 1159 576 1218 vobis
590 1161 639 1238 qui
659 1180 710 1238 per
725 1161 796 1220 deos
806 1160 895 1239 jurati
909 1161 1003 1221 estis?
1045 1162 1096 1220 Sin
1110 1183 1177 1224 vero
1191 1184 1251 1222 non

154 1246 269 1320 aderat,
284 1267 382 1306 aunon
396 1250 499 1310 millies
510 1251 535 1309 is
549 1251 642 1329 perire
655 1253 774 1311 meritus
793 1261 848 1326 cst,
857 1252 881 1310 si
895 1253 999 1329 quibus
1014 1253 1145 1314 lentitiam
1159 1256 1251 1314 susci-

154 1338 279 1416 piebant
303 1338 361 1414 alii,
382 1339 417 1400 iis
438 1341 501 1421 ipse
522 1345 590 1403 visis
612 1341 859 1403 contristabatur?
901 1343 1006 1404 Recita
1027 1346 1115 1423 igitur
1136 1357 1166 1410 et
1187 1347 1251 1408 haec

155 1430 230 1489 mihi
244 1432 371 1492 decreta.

422 1589 622 1652 -nscssus
643 1590 699 1650 ns
722 1549 981 1654 sacurmcus.
1133 1571 1136 1578 “

195 1729 246 1786 64.
267 1727 347 1808 Ergo
360 1749 415 1788 nos
429 1731 545 1809 quidem
559 1731 590 1788 in
604 1732 749 1792 sacrificiis
763 1741 824 1792 turn
838 1751 951 1792 eramus
966 1732 1250 1812 occupati,'Ihebaui

152 1829 254 1880 autem
268 1821 338 1881 inibi
351 1831 435 1881 erant
447 1834 480 1882 ut
493 1843 558 1882 sese
572 1844 623 1903 per
633 1845 686 1884 nos
701 1825 824 1884 salutem
839 1836 1013 1906 consecutos
1024 1845 1092 1902 ¹esse
1101 1825 1247 1885 existima·

151 1921 231 1985 rent,
245 1931 338 1990 eoque
361 1933 407 1972 res
430 1914 554 2000 redierat
575 1926 608 1974 ut
622 1918 725 1994 quibus
740 1927 857 1997 propter
871 1917 991 1978 istorum
1005 1917 1135 1977 facinora
1148 1917 1248 1976 auxilii

151 2023 228 2083 opus
242 2006 304 2065 fore
317 2005 478 2078 videbatur,
492 2008 512 2066 ii
524 2007 577 2087 ipsi
592 2008 655 2067 aliis
670 2009 779 2068 ferrent
796 2009 932 2068 auxilium
955 2030 994 2069 ex
1017 2010 1051 2068 iis
1074 2011 1160 2070 rebus
1175 2029 1247 2088 quas

149 2113 201 2154 une
212 2106 331 2156 auctore
345 2099 524 2177 suscepistis.
565 2099 676 2168 Quales
689 2119 775 2178 porro
789 2110 859 2160 tunc
880 2110 996 2180 propter
1008 2100 1073 2160 hmo
1087 2102 1153 2179 ipsa
1161 2109 1248 2162 voces

149 2188 280 2246 mitteret
295 2188 447 2269 Philippus
460 2201 490 2250 et
504 2191 608 2269 quibus
628 2192 657 2249 in
677 2193 769 2251 turbis
787 2203 962 2262 versaretur,
975 2211 1013 2249 ex
1027 2191 1156 2268 epistolis
1170 2192 1247 2250 illius

150 2281 350 2356 cognoscetis,
364 2300 436 2358 quas
449 2281 478 2338 in
491 2282 725 2358 Peloponnesum
738 2283 826 2338 misit.
855 2281 921 2358 Age
935 2300 1006 2359 cape
1020 2280 1085 2339 illas
1098 2299 1132 2340 ac
1146 2282 1247 2354 recita,

148 2378 187 2428 ut
200 2371 380 2449 intelligatis,
395 2390 490 2431 meam
504 2372 704 2430 assiduitatem
720 2380 750 2426 et
763 2371 914 2430 discursus
928 2381 958 2430 et
968 2391 1112 2432 aerumnas
1127 2383 1157 2432 et
1167 2393 1252 2432 conr-¹

148 2461 241 2540 plura
254 2462 381 2536 decreta,
395 2483 462 2540 quae
474 2461 531 2519 iste
544 2461 632 2521 modo
646 2459 798 2519 calumniis
821 2461 971 2538 proscidit,
986 2461 1164 2540 aliquantum
1179 2484 1247 2542 pro-

149 2551 270 2632 fecisse.
312 2553 467 2625 Enimvero
488 2553 572 2610 multi
595 2552 675 2631 apud
688 2570 750 2623 voe,
762 2551 967 2626 Athenienses,
984 2554 1159 2613 exstiterunt
1181 2575 1247 2616 ora-

148 2653 231 2702 tores
245 2643 317 2701 clari
330 2652 417 2720 atque
431 2643 530 2721 magni
552 2652 619 2702 ante
634 2663 689 2714 me,
705 2642 890 2702 Callistratus
905 2644 963 2718 ille,
979 2645 1172 2725 Aristophon‚
1190 2649 1246 2708 Ce-

145 2734 266 2814 phalus,
280 2733 490 2815 Thrasybulus
504 2735 552 2794 alii
565 2735 699 2815 plurimi:
720 2747 934 2796 verumtamen
958 2757 1044 2796 nemo
1064 2759 1105 2818 ex
1122 2740 1169 2800 his
1193 2761 1246 2799 urr-

146 2846 240 2906 quam
253 2845 285 2884 se
298 2838 391 2886 totum
404 2827 466 2886 ulla
480 2827 510 2884 in
530 2847 561 2886 re
582 2826 701 2886 tradidit
714 2828 889 2906 reipublicae,
904 2830 956 2888 sed
974 2832 998 2888 si
1013 2831 1079 2908 quis
1093 2827 1245 2892 decretum

146 2919 301 2996 scriberet,
313 2939 374 2981 non
387 2921 459 2980 obiit
471 2920 657 3000 legationem,
681 2920 705 2980 si
727 2921 901 2998 legationem
923 2922 1025 2993 obiret,
1048 2943 1109 2982 non·
1131 2926 1247 3003 scripsit

147 3014 314 3074 decretum.
355 3013 485 3091 Reliquit
511 3014 588 3072 enim
616 3013 671 3072 sibi
693 3013 815 3091 quisque
837 3013 921 3073 simul
942 3015 1098 3074 laxamenti
1126 3016 1244 3093 aliquid,

147 3104 239 3164 simul
255 3105 279 3164 si
293 3105 365 3182 quid
378 3103 526 3164 accideret
538 3113 698 3184 receptum.
740 3105 844 3171 Quid
874 3105 992 3183 ergo?
1027 3107 1107 3165 dicat
1127 3106 1243 3184 aliquis,

145 3206 243 3255 tune
272 3197 369 3256 adeo
400 3198 547 3256 robore
582 3207 621 3256 et
652 3198 826 3257 andacia
855 3202 1028 3276 praestas
1060 3197 1171 3270 aliis,
1202 3209 1245 3257 ut

146 3287 291 3348 omnia
319 3289 408 3366 ipse
434 3287 648 3348 conficias?
690 3287 1088 3358 Nondicohoc‚verumita
1105 3308 1243 3367 magnum

146 3400 216 3442 esse
231 3381 302 3439 mihi
321 3368 521 3461 persuaseram
540 3381 698 3460 periculum
717 3380 797 3458 quod
814 3381 960 3440 invaserat
976 3380 1132 3456 civitatem,
1144 3390 1177 3440 ut
1190 3402 1241 3440 ne-

143 3494 205 3553 que
219 3483 334 3552 tempus
354 3493 449 3551 neque
471 3472 585 3553 copiam
605 3472 640 3532 de
658 3473 770 3553 privata
791 3473 883 3532 salute
903 3472 1098 3552 prospiciendi
1112 3474 1182 3533 dare
1202 3474 1244 3533 vi-

147 3568 279 3640 deretur,
302 3565 356 3625 sed
378 3566 518 3644 praeclare
540 3565 695 3626 nobiscum
723 3574 820 3624 actum
847 3565 881 3624 iri
909 3567 1098 3635 existimarem,
1126 3565 1150 3622 si
1177 3563 1245 3642 quis

142 3659 232 3719 nulla
253 3679 284 3719 re
307 3659 501 3738 praetermissa
524 3677 589 3735 quse
615 3677 689 3737 opus
719 3667 802 3716 erant
826 3659 985 3737 perficeret.
1040 3657 1113 3716 Mihi
1144 3663 1242 3713 antem

141 3752 183 3811 de
213 3770 261 3809 me
286 3751 350 3830 ipso
373 3751 403 3809 in
429 3751 557 3810 animum
584 3749 764 3822 induxeram,
792 3741 881 3810 stulte
906 3752 1040 3821 fortasse,
1066 3741 1119 3806 ¹sed
1145 3755 1242 3805 tamen

139 3843 329 3917 induxeram,
342 3843 487 3903 neminem
506 3862 601 3922 neque
621 3843 670 3922 qui
691 3841 810 3902 decreta
824 3842 960 3902 scriberet
979 3840 1080 3900 melius
1093 3855 1181 3915 quam
1193 3855 1242 3896 me

140 3935 242 3994 fnisse
267 3935 452 4014 scripturum,
474 3954 569 4013 neque
595 3935 644 4014 qui
667 3944 767 4014 ageret
788 3935 946 3994 commodius
974 3933 1115 4000 acturum,
1146 3947 1242 4007 neque

140 4027 200 4104 qui
213 4026 387 4105 legationem
406 4028 498 4088 obiret
518 4026 615 4086 studio
629 4035 681 4086 aut
693 4026 750 4086 lide
767 4031 876 4101 maiore
894 4021 1070 4101 legationem
1085 4020 1243 4083 obiturum.

139 4118 195 4178 Ea
208 4128 326 4197 propter
349 4118 505 4180 adomnia
527 4138 573 4179 me
596 4118 714 4198 negotia
737 4117 858 4179 accinxi.
900 4113 1006 4174 Recita
1020 4113 1083 4196 jam
1102 4114 1243 4196 epistolas

143 4209 286 4290 Philippi.
