2912 4946
402 313 458 374 nn
480 303 616 374 senso
636 304 906 404 rusurrt'onro.
1014 307 1017 312 ·
1145 311 1204 372 rus

107 473 220 540 ratione
232 469 393 541 consentit,
403 468 552 530 inimicum
567 488 651 529 suum
664 459 874 529 ctadvemarii
888 467 1007 529 fratrem
1020 468 1060 528 ad
1073 467 1204 529 testimu-

106 567 186 629 nium
200 563 307 625 falsum
321 563 477 623 dicendum
486 551 661 624 inscribere.¹
699 561 777 622 Cum
786 570 885 622 autem
894 559 997 622 barum
1007 579 1104 622 rerum
1113 571 1205 624 testes

106 653 188 720 multi
203 659 279 728 sint3
300 653 582 717 non'minoranobis
593 641 1044 734 ‘etiammgumenta‘suppstunt
1085 654 1131 714 Ac
1145 653 1205 734 pri·

105 768 186 814 mum
197 751 255 812 nisi
268 769 305 810 eu
316 769 385 810 rere
397 747 583 821 bffirmus'set,
596 760 657 808 non
675 760 754 808 nuuc
771 747 903 807 demum
912 755 1052 824 negarete
1073 747 1126 807 sed
1140 742 1205 810 ttts'n
1243 799 1246 806 ,
1264 749 1274 766 ’

106 845 205 906 statim
217 837 348 915 iecisset,
361 861 428 902 curu
443 842 473 901 in
484 841 598 921 judicio
611 840 813 902 testimonium
824 837 983 918 regeretur,
996 837 1047 898 ubi
1055 841 1152 920 magis
1160 835 1207 902 ib*

106 938 212 1000 ficiatio
234 954 323 1017 quam
347 954 428 995 nunc
448 934 475 994 ci
494 933 667 1014 profuisset.
708 931 823 994 Deinde
837 936 903 992 ‘bon
930 931 1127 1011 conquiescet,
1150 935 1206 995 sed

107 1031 250 1092 monem
262 1029 432 1107 injuriarum
451 1037 556 1088 cunno
576 1027 627 1086 usu'
641 1024 824 1097 instituisset,
838 1025 920 1104 quod
930 1042 972 1088 se
990 1025 1066 1092 falsu
1078 1021 1156 1086 dicti
1175 1027 1206 1086 in

105 1126 224 1186 fratrem
237 1121 306 1182 falsi
321 1117 478 1181 testimonii
493 1139 581 1180 reum·
592 1119 745 1179 iecissem:
768 1135 828 1198 quu
838 1117 952 1198 judicio
965 1128 996 1178 et
1013 1119 1139 1198 pecunia
1152 1118 1206 1180 hoa

107 1219 216 1277 misum
228 1225 260 1276 et
272 1214 401 1294 dignitm
411 1213 516 1292 egitur.
558 1213 627 1272 dam
642 1211 665 1271 si
676 1211 738 1271 rem
748 1211 900 1290 explorare
914 1220 945 1271 et
958 1211 1090 1272 evincere
1101 1208 1205 1274 nudus

107 1312 185 1384 isset,
197 1307 385 1390 puerum'qni
398 1305 569 1366 testimonia·
574 1306 730 1384 scripserat
744 1323 762 1364 e
774 1321 822 1364 me
834 1305 1025 1384 postulasset,
1039 1313 1083 1378 ut,
1097 1319 1132 1366 eu
1146 1319 1207 1366 nun

108 1403 223 1474 andito,
236 1400 373 1461 amiam
389 1407 421 1458 et
433 1398 583 1479 injustitie
597 1397 795 1458 convincerer.
838 1397 927 1457 Nunc
938 1407 1053 1458 tantum
1066 1393 1160 1460 abluit
1174 1409 1208 1458 ut

107 1499 164 1559 tale
178 1495 336 1576 quicquam
349 1491 462 1563 fecerit,
482 1501 515 1550 ut
530 1508 587 1551 nec
610 1489 746 1549 tradente
765 1505 824 1558 me,
838 1500 1001 1569 postquem
1017 1489 1073 1549 iste
1095 1489 1207 1552 inficias

106 1591 167 1666 ivit,
188 1587 324 1669 accipere
346 1585 486 1648 vuluerit:
509 1584 585 1645 adeo
600 1601 661 1643 uon
685 1583 782 1642 minus
800 1583 830 1641 in
853 1581 899 1641 bis
920 1583 1009 1642 etiarn
1027 1583 1208 1660 questiones

108 1681 273 1746 tumidant
316 1680 392 1738 Haec
404 1685 440 1737 ut
452 1695 470 1736 a
481 1695 529 1737 me
542 1694 610 1736 vere
624 1675 694 1746 dici,
709 1684 798 1754 utque
811 1692 878 1734 sum
892 1673 972 1734 dicto
985 1675 1062 1734 iuter
1080 1675 1208 1756 reliquos

108 1787 199 1838 metes
213 1773 381 1835 testimonio
394 1788 455 1831 nun
470 1787 596 1850 negasse
611 1769 676 1828 huso
689 1765 786 1828 in'hoo
799 1769 935 1848 ptaetutio
950 1768 1127 1843 adstantem,
1141 1783 1209 1829 cura

108 1868 308 1930 testimouium
327 1865 530 1944 legeramus
551 1879 598 1921 me
622 1860 749 1922 dedente
767 1868 892 1940 puerum
915 1860 1111 1939 torquendum
1132 1860 1209 1935 istis,

107 1961 239 2044 occipere
250 1959 389 2031 uoluisse,
400 1965 535 2025 constet;
557 1955 726 2035 singulatim
740 1955 829 2016 etiam
839 1954 921 2014 vobis
935 1964 1024 2016 testes
1038 1955 1208 2035 producam.

108 2058 241 2116 Accerse
253 2053 321 2115 mihi
334 2071 397 2114 eus.-

493 2345 533 2358 ⁴.
580 2261 743 2330 russas.
851 2343 854 2353 ι

109 2379 112 2392 ’
149 2424 180 2479 dr
204 2417 295 2486 Quod
308 2425 417 2488 autem,
430 2411 565 2484 Judices,
575 2395 707 2470 omnium
717 2418 818 2470 eorum
832 2425 898 2484 quae
912 2403 1210 2466 diximusesidensis»

108 2515 214 2576 simum
239 2514 356 2592 signum
374 2529 440 2570 esse
452 2517 529 2588 putu
544 2503 627 2583 ¹quud
648 2501 813 2564 declaretur
821 2499 891 2560 hese
911 2497 1208 2578 istam-respondisse,

106 2609 140 2668 id
152 2605 294 2667 referam:
316 2624 383 2664 cum
395 2601 544 2662 hominem
557 2607 626 2678 post
639 2595 849 2656 confessionem
865 2601 965 2652 eorum
974 2611 1072 2670 quma
1084 2592 1210 2654 testibus

107 2703 189 2764 dictu
205 2712 276 2763 sunt
294 2719 313 2760 a
335 2717 382 2760 nae
400 2695 575 2778 postularet,
595 2703 684 2770 atque
697 2709 754 2768 ego
767 2688 850 2748 illum
865 2687 894 2745 in
909 2703 944 2746 eo
962 2690 1079 2765 quoque
1098 2687 1210 2748 fraudis

106 2789 212 2859 vellem
223 2793 407 2862 convincere,
417 2789 488 2870 quid
498 2785 594 2848 fucini
613 2803 740 2866 provoco
755 2799 822 2842 eum
839 2780 878 2840 od
889 2779 1049 2841 dicendum
1058 2780 1089 2840 in
1098 2780 1210 2842 Demo·

107 2907 178 2950 nem
192 2884 459 2962 testimonium,qni
470 2869 592 2962 patritus
612 2879 679 2958 aas
688 2886 732 2937 est
741 2886 771 2934 et
784 2873 1082 2952 sociastiujuiiusum
1106 2883 1206 2952 atqua,

105 2982 205 3043 bisin
225 2981 337 3060 scripta
354 2977 465 3046 relatis,
482 2994 518 3035 ea
535 2974 631 3032 dicere
649 2971 742 3051 jubeo
760 2975 862 3027 nnuma
880 2984 949 3044 qaue
964 2983 1043 3024 nune
1060 2965 1209 3028 cabonem

106 3075 176 3138 falsi
184 3071 345 3134 testimonii
357 3068 493 3128 instituit.
535 3066 567 3125 Is
581 3083 650 3124 vcro
663 3063 794 3141 primum
805 3056 992 3138 impudenter
1004 3059 1141 3135 negabat,
1155 3059 1210 3118 ssu

100 3170 234 3249 jubente
241 3165 350 3226 urbitru
364 3162 411 3222 uel
426 3161 523 3224 dicere
537 3158 587 3217 vel
599 3157 723 3235 ejurare,
737 3152 889 3231 egerrime
909 3143 1103 3210 testimduium
1122 3149 1208 3216 disin

106 3261 211 3342 Atqui,
225 3259 251 3320 si
259 3259 349 3318 horno
363 3255 414 3316 ille
429 3271 535 3314 servus
544 3250 601 3310 fait
612 3268 667 3308 uec
681 3247 737 3307 istu
751 3241 950 3306 liberumesse
962 3240 1042 3321 prius
1053 3233 1209 3304 eonfessus

103 3367 185 3432 eret,
199 3351 270 3434 qnid
293 3348 448 3412 ei=accidit
461 3349 503 3405 ut
520 3341 718 3404 testimonium
737 3339 847 3398 diceret
860 3336 967 3416 potius,
982 3352 1070 3412 quam
1083 3333 1210 3410 ejuraret

103 3466 168 3530 quo
181 3446 303 3528 negotiu
312 3438 507 3504 liberaretur?
528 3451 595 3496 cum
606 3425 874 3514 presertimdebis
888 3423 1209 3491 stiamvellemdedore

103 3557 233 3626 puerum
246 3533 402 3600 testimonii
418 3535 599 3612 scriptorem,
614 3520 806 3608 quietsuas‘
818 3523 918 3583 literas
933 3520 1087 3600 agniturus
1099 3528 1165 3580 erat
1177 3529 1208 3582 et

102 3636 180 3697 satis
201 3632 374 3694 meminerat
394 3629 483 3688 istum
503 3623 616 3683 dixisse
634 3617 844 3682 testimonium.
886 3615 925 3674 Et
948 3613 1014 3672 hoeu
1026 3611 1128 3684 ubtuli,
1148 3631 1208 3674 nou

102 3726 237 3811 penuria-
254 3725 373 3786 tertium
392 3722 454 3802 qui·
466 3710 738 3778 offuscant-emat
758 3710 837 3772 enim
858 3715 1023 3790 prestab-,³
1038 3704 1101 3764 sed·
1115 3723 1160 3770 eo,¹
1175 3712 1209 3764 ut

102 3841 164 3884 nec
178 3819 325 3882 mendacii
338 3831 391 3876 eos
406 3812 616 3880 criminaretur,
637 3818 671 3867 et
687 3820 788 3868 eurum
807 3802 883 3864 fides
901 3798 1112 3878 questionibus
1126 3813 1207 3856 coms

100 3916 291 3996 probaretur.
333 3909 399 3977 Qui·
412 3923 482 3966 veru
495 3903 583 3962 decet
594 3908 712 3980 propter
726 3898 814 3974 istum
826 3889 960 3952 damnari
973 3898 1076 3961 testes,
1089 3885 1208 3973 asiscli
1273 3921 1275 3925 -

98 4007 237 4068 omniurn
251 4003 302 4083 qui
317 4018 447 4078 unquam
461 3997 490 4055 in
509 3995 605 4055 lorum
618 3999 762 4052 uenerunt
780 3989 874 4066 ipsum
892 3992 1093 4044 accusatorem
1107 3999 1208 4040 earum

100 4119 207 4162 rerum
219 4099 275 4160 sibi
289 4094 438 4156 exstitisse
451 4081 759 4166 testem,ostenduntl
781 4081 825 4140 Ac
837 4088 871 4138 ut
889 4095 938 4144 me
950 4096 1019 4137 vera
1029 4074 1126 4136 dicere
1137 4094 1207 4136 con·
1221 4097 1223 4106 <

99 4204 176 4269 stet,
189 4211 262 4274 cape
276 4186 514 4271 provocationem
528 4200 563 4242 ac
577 4175 796 4272 testimonium,
