2886 4946
222 261 279 318 ιιι
488 258 543 316 na
565 243 747 318 amnena
769 254 1063 316 ΑιιιιιΑιιιιιιΕο.
1194 267 1208 296 ·

216 413 387 493 graviorem,
403 412 483 493 quod
502 412 643 472 famulum
656 431 742 472 nemo
755 414 855 476 volens
866 412 991 481 occidit;
1013 431 1080 473 cum
1094 413 1248 493 tyrannide
1260 434 1315 494 op·

214 523 331 584 pressos
347 523 405 564 non
419 505 507 564 modo
520 503 629 564 indicta
644 524 735 565 causa
747 506 849 583 perimi
862 505 1023 578 videamus,
1043 505 1098 565 sed
1112 524 1213 566 eorum
1226 507 1314 566 etiam

217 614 322 658 uxores
333 607 363 658 et
376 598 482 679 liberos
495 598 534 658 ad
548 609 649 677 stupra
660 599 869 658 contumeliose
885 597 958 677 rapi.

256 694 285 749 3.
306 691 472 750 Alexander
491 700 588 750 autern
603 701 705 758 contra
714 688 919 770 jusjurandum
937 689 969 748 in
989 691 1136 750 communi
1156 711 1230 769 pace
1248 711 1314 771 per.

216 783 366 862 seriptum,
381 782 522 842 Philiadae
535 783 632 842 liberis
646 783 696 862 qui
715 783 831 862 tyranni
850 792 919 842 sunt
939 783 1107 842 Messanam
1124 783 1312 856 reducendis,

216 877 347 958 nunquid
370 876 490 956 justitiae
513 875 653 935 rationem
679 875 800 935 habuit?
821 894 857 934 ac
876 894 935 934 non
955 875 1051 954 potius
1079 895 1133 936 suo
1161 877 1313 955 tyrannico

216 989 294 1029 more
314 989 394 1042 usus,
417 979 479 1028 tum
499 988 552 1029 vos
568 979 628 1028 tum
648 969 814 1056 pactionem
833 987 1016 1028 communem
1030 987 1080 1046 pro
1102 968 1193 1028 nihilo
1209 970 1315 1030 duxit?

206 1055 328 1122 Annon
347 1081 427 1134 vero,
446 1061 470 1120 si
486 1062 551 1140 quis
564 1061 645 1120 vobis
664 1081 729 1124 eam
743 1061 945 1120 necessitatem
967 1062 1109 1140 imponat,
1126 1059 1315 1150 iniquissimis

214 1155 289 1220 ferre
304 1155 404 1218 animis
416 1155 581 1233 oportebit?
604 1155 659 1214 Sin
669 1153 738 1216 alibi
757 1173 880 1258 usquam
886 1153 1095 1231 jusjurandum
1108 1145 1192 1215 robis
1209 1155 1313 1218 datum

212 1249 347 1320 violetur,
360 1247 429 1307 boni
442 1247 655 1308 consulendum
668 1248 732 1318 erit,
745 1246 854 1306 omissa
865 1247 1038 1312 defensione
1057 1247 1193 1306 foederis:
1215 1268 1317 1326 neque

214 1361 304 1420 quuru
318 1340 435 1419 quidam
449 1340 498 1400 bic'
511 1339 698 1399 vos-incitent
706 1341 709 1348 '
717 1347 750 1398 ut
763 1337 857 1398 toedus
868 1339 1004 1410 servetis,
1012 1347 1097 1397 tanta
1109 1338 1230 1398 licentia
1243 1345 1314 1399 eon*

215 1433 351 1493 cedenda
364 1427 421 1492 illis'
434 1442 479 1492 est
493 1452 511 1492 a
531 1433 636 1511 quibus
650 1432 691 1491 ita
704 1431 802 1511 palam
816 1430 957 1491 violatum
976 1429 1041 1490 est?
1063 1429 1138 1490 Haec
1159 1431 1238 1490 enim
1261 1433 1313 1492 ad-

214 1525 290 1584 mitti
313 1545 496 1605 nequaquam
509 1533 644 1605 possunt,
665 1524 689 1583 si
704 1523 755 1603 jus
770 1523 890 1602 exsequi
912 1521 1026 1582 velitis:
1048 1542 1115 1581 nam
1132 1523 1209 1583 illud
1224 1525 1312 1584 etiam

213 1617 244 1676 in
254 1618 365 1678 foedere
379 1625 426 1676 est
438 1616 626 1698 adscriptum,
637 1625 670 1674 ut
680 1634 732 1694 pro
745 1615 830 1674 hoste
838 1614 989 1686 habeatur,
995 1614 1045 1694 qui
1057 1613 1129 1673 talia
1142 1615 1314 1694 egeritque-

214 1710 254 1769 lia
264 1710 361 1770 studio
377 1710 432 1769 sibi
443 1709 533 1769 habet
543 1708 719 1778 Alexander,
734 1708 771 1767 ab
786 1705 920 1766 omnibus
931 1707 964 1765 iis
977 1706 1027 1812 qui
1037 1726 1109 1785 pace
1120 1709 1311 1788 comprehen-

214 1801 361 1872 (Ιιιιιιιιι,Ι
353 1821 378 1861 rs
397 1811 485 1881 atque
507 1820 629 1880 regnum
652 1800 726 1880 eJ'us,
747 1810 838 1878 utque
859 1819 960 1859 omnes
981 1800 1077 1877 ipsum
1100 1800 1178 1860 bello
1198 1812 1312 1880 petant

214 1893 325 1963 Quare,
346 1893 370 1952 si
384 1913 420 1952 ea
432 1913 498 1970 quae
513 1911 677 1958 convenere
689 1911 803 1952 servare
816 1891 963 1980 volumus,
976 1891 1104 1951 hostium
1118 1912 1240 1954 numero
1260 1894 1311 1954 ba·

213 1987 347 2046 bebimus
358 2007 424 2046 eum
439 1988 489 2065 qui
502 1996 641 2066 tyrannos
655 1985 799 2045 restituit:
822 1995 934 2045 atvero
949 1985 1067 2045 dicent
1060 1986 1106 2045 rsti
1120 1995 1308 2066 tyrannorum

212 2079 348 2152 studiosi,
359 2079 499 2139 Philiadse
513 2078 620 2138 liberos
635 2089 784 2161 propterea
804 2077 883 2156 quod
898 2077 1067 2150 Messeniis,
1082 2089 1237 2158 antequam
1254 2079 1308 2138 foe-

213 2173 268 2232 dus
283 2171 447 2242 feriretur,
440 2171 615 2251 imperarint,
628 2171 777 2229 restitutos
793 2173 830 2229 ab
842 2170 1018 2230 Alexandro.
1052 2171 1114 2230 Sed
1128 2171 1254 2232 ridicula
1266 2184 1309 2232 est
1360 2199 1363 2204 ·

209 2268 259 2328 illa
272 2267 354 2338 ratio,
378 2287 468 2347 quum
483 2266 579 2326 Lesbii
597 2265 714 2345 tyranni
735 2265 793 2324 sint
814 2265 898 2345 ejecti
914 2265 1034 2324 Antissa
1048 2274 1078 2324 et
1099 2265 1234 2337 Haereso,
1257 2266 1308 2324 da-

164 2403 168 2406 -
211 2370 312 2420 mnata
329 2360 392 2440 ipsa
408 2359 625 2440 gubernationis
639 2358 786 2417 forma-ut
801 2356 918 2437 injusta,
933 2356 984 2436 qui
1000 2368 1071 2417 ante
1088 2357 1184 2416 foedus
1208 2368 1240 2440 et
1255 2359 1308 2437 ipsi

209 2455 354 2530 dominati¹
371 2465 456 2518 sunt:
479 2453 628 2518 Messenae
641 2451 808 2511 tolerandos
824 2469 897 2524 esse,
918 2469 986 2525 cum
1000 2450 1136 2530 utrinque
1154 2451 1193 2510 sit
1207 2452 1307 2512 eadem

211 2546 381 2626 indignitas.
1169 2541 1171 2546 ’

252 2643 283 2696 4.
305 2637 419 2698 Deinde
433 2635 571 2697 etfoedus
589 2639 686 2696 statim
701 2637 1013 2698 abrmtroGraecos
1034 2637 1193 2697 liberos
1218 2657 1304 2698 esse

131 2785 133 2794 ,
214 2731 373 2822 suisque
409 2727 545 2808 vivere
571 2729 733 2808 legibus
757 2730 853 2808 jubet.
912 2729 992 2795 Quid
1027 2729 1115 2808 igitur
1143 2732 1306 2800 absurdius,

211 2842 300 2904 quam
314 2830 403 2900 caput
415 2819 454 2878 de
467 2809 601 2879 libertate
617 2819 786 2881 Graecorum
790 2822 971 2900 ,principem
987 2829 1084 2880 tenere
1097 2821 1219 2881 locum'
1211 2843 1244 2880 ιιι
1256 2823 1305 2881 foe-

211 2915 292 2984 dere,
308 2922 338 2988 et
351 2911 510 2972 existimari
524 2911 603 2972 illum
617 2933 666 2995 qur
658 2914 798 2973 'eosdem
818 2914 955 2974 servitute
973 2913 1119 2994 opprimit,
1136 2914 1211 2974 nihil
1230 2935 1305 2974 oom-

211 3006 347 3066 munibus
361 3004 455 3084 pactis
472 3004 576 3063 secisse
589 3007 774 3066 contrarium.
804 3006 901 3074 Quare
914 3027 1034 3066 necesse
1047 3007 1201 3081 babemus,
1218 3009 1304 3068 Athe·

210 3099 338 3170 aienses,
354 3118 378 3156 ιιι
370 3096 481 3155 modo
495 3094 581 3156 fidem
596 3097 776 3156 servabimus
790 3107 820 3156 et
828 3097 971 3176 justitiam
990 3099 1121 3159 colemus
1122 3120 1235 3204 ,-quo
1254 3119 1306 3160 uos

211 3191 258 3250 isti
268 3199 384 3259 vocant,
391 3199 424 3246 ut
433 3185 521 3247 modo
535 3187 716 3258 dicebam-,
728 3189 866 3268 correptis
876 3190 961 3250 armis
971 3191 1150 3271 adscitisque
1163 3190 1307 3272 sociisqui

209 3263 313 3344 solunt
333 3280 491 3360 foedifragis
514 3281 619 3342 inferre
634 3282 763 3342 bellum:
785 3303 822 3342 an
842 3303 910 3343 vero
931 3305 998 3344 cum
1018 3285 1125 3364 putetis
1147 3285 1305 3366 aliquando

210 3373 303 3452 ipsam
311 3372 493 3432 occasionem
503 3375 611 3444 valere,
622 3394 656 3434 ac
667 3374 729 3434 sine
735 3374 858 3450 justitia,
868 3375 899 3434 id
909 3376 989 3454 quod
999 3375 1136 3454 expediat
1144 3377 1285 3438 conficere
1295 3397 1304 3445 ;

50 3525 55 3532 ,
121 3489 123 3494 ’
210 3484 288 3526 nunc
302 3473 454 3546 postquam
475 3474 504 3522 et
524 3467 638 3525 occasio
653 3477 683 3524 et
702 3469 752 3544 jus
771 3476 801 3525 et
821 3467 929 3527 utilitas
950 3488 1010 3527 una
1024 3482 1212 3543 concurrunt,
1227 3469 1307 3530 aliud

208 3557 357 3642 quoddam
370 3564 483 3634 tempus
497 3560 703 3637 exspectabitis
723 3568 785 3618 turn
799 3561 980 3620 vestrae'tum
994 3560 1114 3639 reliqua
1130 3561 1257 3624 Graecioe
1269 3563 1306 3621 li·

207 3649 326 3714 bertatis
339 3645 543 3708 vindicandas?
740 3721 741 3726 J
883 3723 886 3735 Ι

214 3733 216 3740 ’
248 3746 274 3801 5.
300 3743 368 3803 .Ῑιιιιι
382 3741 420 3800 ad
438 3741 517 3800 aliud
533 3741 606 3820 juris
628 3745 822 3822 caputvenio.
855 3745 1001 3825 Scriptum
1023 3757 1071 3807 est
1084 3749 1115 3806 in
1136 3749 1256 3821 foedere,
1272 3750 1308 3809 si

195 3837 275 3914 ,qui
290 3835 535 3916 respublicas
556 3836 654 3914 apud
675 3857 848 3918 quosque
867 3851 1042 3922 receptas
1065 3851 1152 3913 tum,
1169 3862 1246 3904 cum
1269 3845 1307 3902 in

131 3997 134 4003 J
209 3928 1307 4010 pacemjurarent‚abrogaverint,eosabomnibusiis

210 4017 1308 4100 adquospertineatpax,prohostibusessehabendos.

210 4109 298 4188 Agite
311 4128 378 4168 vero
389 4114 580 4184 considerate,
595 4113 806 4189 Athenienses,
810 4117 936 4178 Achaeos
950 4111 1000 4197 qui
1011 4119 1244 4199 Peloponnesum
1259 4121 1309 4182 in·

210 4200 313 4261 colunt
332 4199 436 4264 liberas
454 4205 591 4264 habuisse
612 4205 761 4266 civitates:
787 4221 818 4266 at
838 4209 965 4270 Macedo
988 4217 1069 4272 nuric
1089 4209 1310 4273 Pellenaeorum

208 4291 415 4372 rempublicam
426 4295 577 4378 abrogavit
587 4298 686 4376 ejectis
701 4299 830 4379 plurimis
842 4302 953 4362 civibus
955 4303 1149 4385 ,illorumque
1159 4325 1229 4386 opes
1244 4326 1314 4388 ser-

209 4385 253 4447 vis
266 4384 403 4454 tradidit,
412 4386 554 4448 Chaerone
568 4390 726 4467 palaestrita
740 4403 862 4474 tyranno
880 4397 1025 4476 imposito.
1065 4399 1129 4460 Nos
1142 4419 1210 4460 vero
1223 4402 1315 4480 pacis
