2932 4952
397 219 926 310 ‚souma—narsrocunrnu.
1155 249 1221 308 ros·
1319 237 1326 254 ·

424 359 437 386 ·Ι

22 389 24 394 ’
56 447 59 454 ,
79 401 104 447 ιι.
124 389 217 452 Haud
229 390 342 472 injuria.
360 392 430 457 Nec
456 397 540 458 enim'
553 397 595 458 eis
612 399 782 462 vendebant
801 391 1084 470 suamslibertateur,¹
1102 410 1134 460 et
1152 400 1216 460 mai
1238 419 1242 424 ·

123 483 276 560 gnitudine
290 487 451 547 animorum
471 491 587 566 partam‘
603 487 739 567 gloriam¹
758 489 810 550 sed
830 501 861 550 et
873 491 944 550 dum
964 491 1034 551 borii
1054 500 1146 564 erant,
1164 509 1216 552 eos

121 575 323 639 honorabant:
343 588 375 640 et
386 579 524 684 improbis
538 598 638 639 eorum
653 582 806 641 conatibus
821 583 1018 642 obsistebant:
1038 592 1215 655 vosautem,

122 667 326 744 Athenienses,
348 671 583 760 gravissimorum
596 671 743 731 scelernm
759 693 824 734 reos
847 683 878 733 et
894 673 1043 733 convictos
1061 673 1214 753 palam,
1190 693 1216 732 st

56 823 58 828 ,
100 815 104 820 .
121 777 215 818 unum
228 771 315 840 atque
325 745 459 824 alteium
462 763 591 822 facetum
604 759 716 823 dictum
724 763 907 843 protulerint,
918 773 949 824 et
962 783 980 823 a
992 765 1147 828 tribulibus
1161 765 1216 825 ali·

121 863 194 929 quot
204 852 310 914 delecti
321 855 456 916 advocati
469 856 670 936 deprecentur,
684 856 844 930 absolvitis,
858 857 903 916 sin
918 855 1064 915 damnatis
1077 857 1215 962 aliquem,

121 943 280 1005 aestimatio
293 946 352 1005 litis
366 949 411 1006 esi
425 967 504 1006 xxv.
531 947 746 1010 drachmarum.
770 948 861 1026 Atqui
881 945 943 1007 tuin
962 947 1096 1007 cerarium
1115 949 1215 1027 copio·
1290 1021 1298 1030 α

121 1043 186 1094 sulm
209 1048 281 1110 erat,
302 1041 334 1097 et'
354 1058 480 1118 magnus
501 1039 667 1117 reipublicae
689 1039 844 1118 splendor:
865 1037 999 1118 privatim
1018 1057 1105 1099 nemo
1126 1059 1217 1118 supra

119 1127 227 1205 vulgus
243 1129 398 1190 eminebat.
427 1131 462 1189 Id
472 1130 551 1209 quod
564 1130 632 1190 hinc
645 1131 805 1191 cladssime
819 1131 965 1200 cernitur:
984 1149 1054 1190 nam
1068 1130 1214 1192 Miltiadis

120 1227 150 1278 et
168 1218 382 1294 Themistoclis,
403 1222 584 1303 aliorumque
597 1221 676 1281 illius
690 1224 785 1282 ostatis
804 1222 965 1282 illustrium·
976 1223 1101 1283 virorum
1122 1221 1220 1294 aedes:

110 1309 145 1368 ''si
155 1311 300 1390 quispiam
313 1323 441 1373 vestrum
454 1313 710 1393 vidit,cujusmodi
721 1315 791 1387 sint,
801 1313 1024 1394 reliquisnihilo
1035 1333 1102 1376 esse
1114 1315 1214 1394 splen·
1235 1342 1241 1356 =

120 1400 247 1464 didiores
274 1403 373 1463 ridet:
401 1406 461 1464 sed·
478 1405 603 1465 aedificia
621 1405 740 1484 publica
760 1417 791 1465 et
813 1406 1042 1487 substructiones
1059 1405 1216 1468 ‘tantaecet
1269 1417 1274 1423 “

119 1493 206 1565 tales,
228 1503 262 1554 ut
284 1495 322 1554 ad
343 1515 443 1555 eorum
458 1496 658 1557 excellentiam
671 1498 826 1575 posteritas
840 1497 912 1557 nihil
927 1495 1041 1559 addere
1061 1499 1150 1577 posse
1168 1501 1213 1560 vi·

120 1583 235 1658 dentur,
259 1597 293 1647 ut
302 1631 305 1636 ι
314 1587 465 1667 propylaea
487 1587 562 1662 haec,
581 1587 706 1662 navalia,
728 1590 868 1666 porticus,
885 1589 1023 1661 Piraeeus,
1035 1601 1040 1616 '¹
1048 1600 1080 1648 et
1099 1589 1214 1670 reliqua

118 1676 224 1754 quibus
239 1679 338 1738 urbem
350 1679 520 1740 adornatam
534 1680 684 1758 spectatis.
706 1680 794 1756 Nunc
808 1681 929 1760 privatae
941 1680 1123 1759 singulorum
1137 1701 1214 1741 rem·

118 1768 266 1848 publicam
287 1772 451 1848 gerentium
470 1781 561 1832 tnntae
579 1790 649 1850 opes
664 1773 743 1850 sunt,
760 1782 795 1831 ut
812 1772 860 1831 alii
874 1771 954 1830 tedes
971 1772 1070 1831 multis
1084 1772 1234 1852 publicis·

119 1853 251 1922 oediliciis
264 1863 527 1966 magnificentiores
537 1861 668 1922 habeant
669 1881 772 1940 ,agros
784 1861 939 1940 aliiplnres
948 1863 1114 1935 coemerint,
1123 1882 1213 1941 quarn
1290 1911 1297 1928 ,

118 1973 172 2012 vos
186 1953 300 2013 habetis
314 1972 416 2013 omnes
430 1953 481 2032 qui
495 1952 647 2032 injudicio
663 1953 809 2012 assidetis.
832 1953 907 2021 Quae
920 1972 972 2012 vos
984 1957 1085 2013 autem
1096 1953 1213 2032 publice

118 2045 240 2120 struitis,
253 2054 284 2106 et
293 2043 417 2106 tectorio
430 2045 578 2117 inducitis,
598 2054 681 2124 turpe
700 2045 782 2105 dictu
803 2053 848 2105 est
866 2063 953 2123 quam
968 2045 1036 2104 sint
1053 2044 1163 2119 tenuia,
1181 2054 1212 2105 et

117 2137 247 2197 sordida.
960 2161 963 2170 ⁴

159 2233 212 2290 54.
233 2230 373 2310 Nunquid
387 2231 483 2291 dicere
494 2241 592 2310 potest
593 2229 628 2304 is,
650 2249 704 2290 vos
722 2232 917 2291 communiter
927 2234 1081 2310 quaesitam
1101 2240 1132 2292 et
1143 2251 1211 2311 par·

116 2332 179 2383 tam
190 2323 342 2382 relicturos
361 2321 437 2395 csse,
452 2323 528 2382 sicut
540 2323 581 2382 illi
594 2324 739 2393 fecerunt,
752 2318 982 2395 Chersonesum,
1001 2323 1210 2402 Amphipolim,

117 2413 240 2495 gloriam
255 2429 350 2474 rernm
366 2413 532 2492 gestarum?
553 2415 650 2479 Quam
664 2414 952 2492 cumistiusgeneris
961 2413 1038 2474 cives
1051 2414 1129 2472 omni
1146 2433 1209 2475 mo-

110 2509 158 2570 ·do
172 2510 338 2578 absumant,
353 2525 411 2565 non
426 2517 524 2565 tamen
539 2507 693 2565 obscurare
706 2501 841 2584 possunt,
855 2505 1062 2578 Athenienses.
1091 2504 1216 2566 Merito:

116 2600 205 2659 Nam'
217 2597 364 2670 Aristidis,
382 2598 432 2676 qni
452 2616 506 2657 suo
528 2596 667 2657 arbitratu
685 2597 838 2657 ordinandi
861 2598 1015 2676 vectigalia
1034 2594 1213 2678 potestatem

116 2690 232 2763 habuit,
243 2709 314 2772 opes
326 2708 365 2748 ne
373 2707 434 2748 una
442 2687 560 2767 quidem
570 2687 710 2768 drachma
720 2699 789 2749 sunt
798 2701 903 2761 auctoe,
913 2690 983 2768 quin
993 2689 1024 2749 'et
1032 2689 1096 2770 ejus
1106 2693 1212 2752 mortui
1224 2766 1227 2773 Δ

115 2783 207 2843 funus
221 2781 347 2862 publicis
359 2779 501 2840 sumtibus
517 2789 563 2840 est
575 2781 704 2840 elatum:
725 2779 807 2841 vobis
823 2790 929 2852 autem,
944 2782 1036 2842 sicubi
1050 2799 1123 2861 opus
1138 2791 1217 2858 erat*

115 2877 147 2936 in
161 2873 264 2935 oerario
285 2872 410 2953 pecunia
429 2873 554 2932 murima
568 2871 631 2932 erat
649 2873 724 2931 inter
742 2891 843 2931 ornnes
864 2871 997 2942 Graecos,
1018 2884 1053 2932 ut
1072 2871 1216 2951 quamdiu*

114 2987 171 3030 vos
185 2966 256 3026 soris
263 2965 436 3024 militaturos
445 2963 656 3037 decrevissetis,
668 2963 777 3024 tamdiu
789 2972 923 3042 sumptus
932 2962 1088 3024 haberetis.
1107 2963 1217 3039 Nunc,

114 3056 391 3140 qui'rempublicam
405 3055 617 3128 administrant,
637 3075 675 3114 ex
691 3055 790 3134 inopia
808 3053 1002 3134 pervenerunt
1020 3055 1059 3115 ad
1079 3075 1159 3134 opes,
1181 3066 1212 3118 et

115 3151 201 3229 longi
226 3149 364 3227 temporis
385 3157 549 3207 commeatu
570 3156 638 3206 sunt
658 3145 813 3206 instructi:
834 3167 886 3206 vos
908 3147 1025 3225 publice
1045 3163 1102 3207 nec
1114 3149 1218 3208 unius

114 3242 175 3302 diei
188 3240 303 3300 habetis
317 3239 491 3308 alimoniam,
506 3235 559 3298 sed
572 3237 688 3307 accidit,
703 3248 737 3296 ut
754 3237 840 3297 simul
855 3237 963 3314 aliquid
977 3237 1143 3298 iaciendum
1154 3241 1211 3314 sit,

93 3383 97 3388 .
113 3333 295 3398 simdl'unde
307 3329 338 3390 id
353 3340 500 3410 suppetat,
508 3349 560 3389 vos
568 3329 639 3389 nibil
651 3330 795 3389 habeatis.
817 3329 895 3388 Turn
904 3330 979 3387 enim
990 3331 1210 3409 magistratuum

114 3425 254 3487 dominus
269 3432 332 3482 erat
344 3420 480 3500 populus,
490 3441 570 3485 nuno
583 3413 654 3481 verb
669 3432 715 3481 est
729 3420 868 3505 minister.
890 3422 923 3479 ln
933 3441 1024 3482 causa
1034 3434 1131 3484 autem
1142 3435 1212 3486 suut

112 3518 176 3587 isti,
188 3515 238 3595 qui
251 3515 512 3586 taliascribuut,''et
525 3534 577 3573 vos
592 3513 802 3582 assuefaciunt,
817 3523 851 3571 ut
862 3513 1056 3591 vosmetipsos
1071 3531 1210 3594 asperne-

113 3611 199 3681 mini,
213 3627 304 3667 nnum
316 3616 403 3684 atque
416 3605 539 3665 alterum
552 3606 700 3665 hominem
713 3603 912 3672 admiremini:
935 3605 976 3663 sio
992 3605 1035 3676 lit,
1051 3617 1084 3665 ut
1099 3607 1148 3665 isti
1161 3626 1211 3666 ve·
1224 3637 1226 3641 v

113 3710 187 3762 stroe
201 3698 312 3777 gloriae,
327 3707 489 3775 vestraque
503 3695 653 3756 felicitatis
660 3695 851 3755 hereditatem
864 3705 999 3756 cernant:
1017 3695 1073 3754 'vos
1085 3713 1117 3755 re
1130 3697 1213 3757 nulla

111 3790 265 3861 fruamini,
285 3787 338 3849 sed
357 3797 449 3848 testes
470 3787 531 3847 sitis
553 3788 713 3848 alienorum
729 3788 882 3857 bonorum,
903 3786 1012 3846 nullius
1033 3785 1150 3847 alterius
1170 3789 1212 3848 rei

99 3882 283 3966 participes,
295 3879 350 3938 nisi
364 3868 509 3950 fraudum,
520 3879 624 3956 quibus
638 3877 915 3938 circumscribimini.
936 3877 978 3935 At
987 3887 1109 3953 quantos
1121 3881 1212 3956 gemi-

109 3988 173 4048 tus,
190 3982 303 4054 quanta
329 3969 454 4048 suspiria
477 3970 599 4030 ederent
620 3969 663 4028 illi
683 3969 814 4051 viri,·qui
840 3986 892 4048 pro
917 3967 1010 4045 gloria
1030 3979 1062 4027 et
1078 3969 1224 4033 libertate'

108 4075 240 4129 mortem
254 4061 465 4142 oppetiverunt,
478 4071 510 4120 et
522 4061 647 4140 plurima
658 4059 929 4121 honestissimorum
944 4059 1103 4119 facinorum
1118 4064 1212 4122 moui-

107 4167 217 4221 menta
235 4155 426 4232 reliquerunt,
432 4155 468 4212 'si
481 4155 599 4224 scirent,
619 4173 697 4212 nunc
717 4153 818 4210 urbem
836 4150 875 4209 ad
897 4147 1018 4210 ministri
1034 4150 1166 4211 habiturn
1181 4166 1216 4214 et

105 4248 313 4313 conditionem
327 4243 488 4316 redactam,
500 4263 537 4303 an
549 4243 740 4304 Charidemus
753 4241 965 4300 custodiendus
974 4241 1022 4316 sit,
1030 4242 1211 4305 deliberaret

108 4337 325 4432 Charidemus,
338 4335 386 4399 hei
400 4334 497 4398 mihi!
509 4335 562 4397 sed
585 4354 645 4396 non
667 4335 722 4394 hoc
742 4342 789 4394 est
802 4351 902 4412 grave,
916 4352 975 4394 non
985 4333 1059 4410 hoc,
1075 4351 1131 4395 nos
1141 4341 1210 4396 ¹-mu
1256 4362 1259 4370 ¹

635 4429 691 4486 So
