<?xml version="1.0" encoding="UTF-8"?>
<!DOCTYPE html PUBLIC "-//W3C//DTD XHTML 1.0 Transitional//EN"
    "http://www.w3.org/TR/xhtml1/DTD/xhtml1-transitional.dtd">
<html xmlns="http://www.w3.org/1999/xhtml" xml:lang="en" lang="en">
 <head>
  <title>
</title>
<meta http-equiv="Content-Type" content="text/html;charset=utf-8" />
  <meta name='ocr-system' content='tesseract 3.04.00' />
  <meta name='ocr-capabilities' content='ocr_page ocr_carea ocr_par ocr_line ocrx_word'/>
</head>
<body>
  <div class='ocr_page' id='page_1' title='image "./demosthenisetsc08ulpigoog/demosthenisetsc08ulpigoog_0323.png"; bbox 0 0 2932 4952; ppageno 0'>
   <div class='ocr_carea' id='block_1_1' title="bbox 248 597 1290 772">
    <p class='ocr_par' dir='ltr' id='par_1_1' title="bbox 248 597 1290 772">
     <span class='ocr_line' id='line_1_1' title="bbox 248 597 1290 664; baseline 0 -2"><span class='ocrx_word' id='word_1_1' title='bbox 248 597 408 662; x_wconf 77' lang='lat' dir='ltr'>arnsnn</span> <span class='ocrx_word' id='word_1_2' title='bbox 433 601 733 664; x_wconf 74' lang='lat' dir='ltr'>secundarum</span> <span class='ocrx_word' id='word_1_3' title='bbox 762 603 808 662; x_wconf 81' lang='lat' dir='ltr'>m</span> <span class='ocrx_word' id='word_1_4' title='bbox 838 602 1085 663; x_wconf 75' lang='lat' dir='ltr'>cannosum</span> <span class='ocrx_word' id='word_1_5' title='bbox 1120 603 1290 664; x_wconf 75' lang='lat' dir='ltr'>conans</span> 
     </span>
     <span class='ocr_line' id='line_1_2' title="bbox 525 695 985 772; baseline -0.007 -16"><span class='ocrx_word' id='word_1_6' title='bbox 525 764 530 772; x_wconf 62' lang='grc'>,</span> <span class='ocrx_word' id='word_1_7' title='bbox 574 697 732 756; x_wconf 81' lang='lat' dir='ltr'>nrnmm</span> <span class='ocrx_word' id='word_1_8' title='bbox 757 697 815 756; x_wconf 85' lang='lat' dir='ltr'>na</span> <span class='ocrx_word' id='word_1_9' title='bbox 841 695 985 755; x_wconf 74' lang='lat' dir='ltr'>Auses.</span> 
     </span>
    </p>
   </div>
   <div class='ocr_carea' id='block_1_2' title="bbox 166 823 1322 1040">
    <p class='ocr_par' dir='ltr' id='par_1_2' title="bbox 166 823 1322 1040">
     <span class='ocr_line' id='line_1_3' title="bbox 256 823 1320 887; baseline -0.004 -14"><span class='ocrx_word' id='word_1_10' title='bbox 256 825 364 874; x_wconf 78' lang='lat' dir='ltr'>Fssruaa</span> <span class='ocrx_word' id='word_1_11' title='bbox 374 825 458 872; x_wconf 82' lang='lat' dir='ltr'>Bacchi</span> <span class='ocrx_word' id='word_1_12' title='bbox 468 825 617 872; x_wconf 81' lang='lat' dir='ltr'>celebrabant</span> <span class='ocrx_word' id='word_1_13' title='bbox 625 825 789 881; x_wconf 81' lang='lat' dir='ltr'>Athenienses,</span> <span class='ocrx_word' id='word_1_14' title='bbox 799 826 861 887; x_wconf 91' lang='lat' dir='ltr'>quod</span> <span class='ocrx_word' id='word_1_15' title='bbox 873 839 887 872; x_wconf 89' lang='lat' dir='ltr'>a</span> <span class='ocrx_word' id='word_1_16' title='bbox 897 826 943 872; x_wconf 88' lang='lat' dir='ltr'>deo</span> <span class='ocrx_word' id='word_1_17' title='bbox 954 825 996 872; x_wconf 90' lang='lat' dir='ltr'>illo</span> <span class='ocrx_word' id='word_1_18' title='bbox 1005 824 1156 872; x_wconf 84' lang='lat' dir='ltr'>Bacchanalia</span> <span class='ocrx_word' id='word_1_19' title='bbox 1164 823 1320 872; x_wconf 78' lang='lat' dir='ltr'>nomiuahmtt</span> 
     </span>
     <span class='ocr_line' id='line_1_4' title="bbox 166 899 1322 974; baseline 0 -26"><span class='ocrx_word' id='word_1_20' title='bbox 166 963 169 970; x_wconf 33' lang='grc'>1</span> <span class='ocrx_word' id='word_1_21' title='bbox 223 902 248 950; x_wconf 88' lang='lat' dir='ltr'>ia</span> <span class='ocrx_word' id='word_1_22' title='bbox 260 917 288 948; x_wconf 87' lang='lat' dir='ltr'>eo</span> <span class='ocrx_word' id='word_1_23' title='bbox 299 903 361 948; x_wconf 82' lang='lat' dir='ltr'>testo</span> <span class='ocrx_word' id='word_1_24' title='bbox 371 901 462 962; x_wconf 74' lang='lat' dir='ltr'>tragici,</span> <span class='ocrx_word' id='word_1_25' title='bbox 474 909 498 950; x_wconf 90' lang='lat' dir='ltr'>et</span> <span class='ocrx_word' id='word_1_26' title='bbox 516 903 609 956; x_wconf 86' lang='lat' dir='ltr'>comici,</span> <span class='ocrx_word' id='word_1_27' title='bbox 627 909 651 948; x_wconf 88' lang='lat' dir='ltr'>et</span> <span class='ocrx_word' id='word_1_28' title='bbox 666 901 785 950; x_wconf 88' lang='lat' dir='ltr'>tibicinum</span> <span class='ocrx_word' id='word_1_29' title='bbox 803 910 878 950; x_wconf 80' lang='lat' dir='ltr'>oratus</span> <span class='ocrx_word' id='word_1_30' title='bbox 895 901 955 950; x_wconf 89' lang='lat' dir='ltr'>iuter</span> <span class='ocrx_word' id='word_1_31' title='bbox 972 917 1024 949; x_wconf 88' lang='lat' dir='ltr'>aesc</span> <span class='ocrx_word' id='word_1_32' title='bbox 1041 899 1167 950; x_wconf 59' lang='lat' dir='ltr'>certahaatss</span> <span class='ocrx_word' id='word_1_33' title='bbox 1196 901 1231 948; x_wconf 83' lang='lat' dir='ltr'>Hi</span> <span class='ocrx_word' id='word_1_34' title='bbox 1250 907 1322 974; x_wconf 68' lang='lat' dir='ltr'>emtas</span> 
     </span>
     <span class='ocr_line' id='line_1_5' title="bbox 223 977 1321 1040; baseline -0.001 -15"><span class='ocrx_word' id='word_1_35' title='bbox 223 977 423 1030; x_wconf 71' lang='lat' dir='ltr'>constituebantur</span> <span class='ocrx_word' id='word_1_36' title='bbox 432 995 447 1024; x_wconf 91' lang='lat' dir='ltr'>a</span> <span class='ocrx_word' id='word_1_37' title='bbox 458 978 575 1034; x_wconf 88' lang='lat' dir='ltr'>tribubus,</span> <span class='ocrx_word' id='word_1_38' title='bbox 587 994 638 1039; x_wconf 78' lang='lat' dir='ltr'>quse</span> <span class='ocrx_word' id='word_1_39' title='bbox 650 993 744 1024; x_wconf 86' lang='lat' dir='ltr'>numero</span> <span class='ocrx_word' id='word_1_40' title='bbox 755 979 836 1026; x_wconf 86' lang='lat' dir='ltr'>decern</span> <span class='ocrx_word' id='word_1_41' title='bbox 844 987 909 1026; x_wconf 88' lang='lat' dir='ltr'>erant</span> <span class='ocrx_word' id='word_1_42' title='bbox 920 995 925 1024; x_wconf 92' lang='lat'><strong>:</strong></span> <span class='ocrx_word' id='word_1_43' title='bbox 943 984 965 1024; x_wconf 89' lang='lat' dir='ltr'>at</span> <span class='ocrx_word' id='word_1_44' title='bbox 975 977 1103 1039; x_wconf 70' lang='lat' dir='ltr'>eligebatur</span> <span class='ocrx_word' id='word_1_45' title='bbox 1111 978 1222 1040; x_wconf 84' lang='lat' dir='ltr'>prsehitor</span> <span class='ocrx_word' id='word_1_46' title='bbox 1231 993 1261 1024; x_wconf 86' lang='lat' dir='ltr'>ex</span> <span class='ocrx_word' id='word_1_47' title='bbox 1272 991 1321 1024; x_wconf 86' lang='lat' dir='ltr'>nna·</span> 
     </span>
    </p>
   </div>
   <div class='ocr_carea' id='block_1_3' title="bbox 141 1045 1321 1116">
    <p class='ocr_par' dir='ltr' id='par_1_3' title="bbox 141 1045 1321 1116">
     <span class='ocr_line' id='line_1_6' title="bbox 141 1045 1321 1116; baseline 0.002 -18"><span class='ocrx_word' id='word_1_48' title='bbox 141 1071 143 1076; x_wconf 59' lang='lat'><strong><em>¹</em></strong></span> <span class='ocrx_word' id='word_1_49' title='bbox 223 1045 825 1116; x_wconf 84' lang='lat' dir='ltr'>qnaqnatribu,quicoaluisumptussnppeditaret.</span> <span class='ocrx_word' id='word_1_50' title='bbox 851 1055 1021 1103; x_wconf 88' lang='lat' dir='ltr'>Demosthenes</span> <span class='ocrx_word' id='word_1_51' title='bbox 1031 1053 1105 1114; x_wconf 78' lang='lat' dir='ltr'>igitur</span> <span class='ocrx_word' id='word_1_52' title='bbox 1117 1069 1166 1101; x_wconf 81' lang='lat' dir='ltr'>sose</span> <span class='ocrx_word' id='word_1_53' title='bbox 1178 1054 1253 1104; x_wconf 85' lang='lat' dir='ltr'>trihus</span> <span class='ocrx_word' id='word_1_54' title='bbox 1264 1053 1321 1100; x_wconf 87' lang='lat' dir='ltr'>Pan-</span> 
     </span>
    </p>
   </div>
   <div class='ocr_carea' id='block_1_4' title="bbox 155 1128 1355 2340">
    <p class='ocr_par' dir='ltr' id='par_1_4' title="bbox 155 1128 1355 2340">
     <span class='ocr_line' id='line_1_7' title="bbox 222 1128 1320 1191; baseline -0.001 -15"><span class='ocrx_word' id='word_1_55' title='bbox 222 1128 306 1176; x_wconf 85' lang='lat' dir='ltr'>diooiae</span> <span class='ocrx_word' id='word_1_56' title='bbox 322 1130 382 1191; x_wconf 87' lang='lat' dir='ltr'>ultro</span> <span class='ocrx_word' id='word_1_57' title='bbox 393 1130 505 1190; x_wconf 79' lang='lat' dir='ltr'>presbiter</span> <span class='ocrx_word' id='word_1_58' title='bbox 516 1146 569 1178; x_wconf 85' lang='lat' dir='ltr'>esse</span> <span class='ocrx_word' id='word_1_59' title='bbox 582 1130 664 1176; x_wconf 84' lang='lat' dir='ltr'>voluit.</span> <span class='ocrx_word' id='word_1_60' title='bbox 682 1131 741 1177; x_wconf 86' lang='lat' dir='ltr'>Cum</span> <span class='ocrx_word' id='word_1_61' title='bbox 753 1138 828 1178; x_wconf 88' lang='lat' dir='ltr'>autem</span> <span class='ocrx_word' id='word_1_62' title='bbox 840 1131 936 1177; x_wconf 88' lang='lat' dir='ltr'>haberet</span> <span class='ocrx_word' id='word_1_63' title='bbox 953 1130 1071 1178; x_wconf 86' lang='lat' dir='ltr'>inimicum</span> <span class='ocrx_word' id='word_1_64' title='bbox 1084 1130 1191 1187; x_wconf 88' lang='lat' dir='ltr'>Midism,</span> <span class='ocrx_word' id='word_1_65' title='bbox 1209 1129 1320 1176; x_wconf 89' lang='lat' dir='ltr'>hominem</span> 
     </span>
     <span class='ocr_line' id='line_1_8' title="bbox 221 1205 1321 1268; baseline 0.001 -16"><span class='ocrx_word' id='word_1_66' title='bbox 221 1206 371 1268; x_wconf 88' lang='lat' dir='ltr'>locupletem,</span> <span class='ocrx_word' id='word_1_67' title='bbox 382 1206 411 1252; x_wconf 91' lang='lat' dir='ltr'>ah</span> <span class='ocrx_word' id='word_1_68' title='bbox 418 1221 446 1253; x_wconf 88' lang='lat' dir='ltr'>eo</span> <span class='ocrx_word' id='word_1_69' title='bbox 459 1205 481 1252; x_wconf 87' lang='lat' dir='ltr'>in</span> <span class='ocrx_word' id='word_1_70' title='bbox 490 1207 602 1254; x_wconf 81' lang='lat' dir='ltr'>aedilitate</span> <span class='ocrx_word' id='word_1_71' title='bbox 610 1221 662 1253; x_wconf 87' lang='lat' dir='ltr'>com</span> <span class='ocrx_word' id='word_1_72' title='bbox 673 1206 726 1253; x_wconf 89' lang='lat' dir='ltr'>aliis</span> <span class='ocrx_word' id='word_1_73' title='bbox 736 1206 803 1253; x_wconf 87' lang='lat' dir='ltr'>malis</span> <span class='ocrx_word' id='word_1_74' title='bbox 812 1223 838 1254; x_wconf 89' lang='lat' dir='ltr'>se</span> <span class='ocrx_word' id='word_1_75' title='bbox 847 1207 954 1254; x_wconf 79' lang='lat' dir='ltr'>affectum</span> <span class='ocrx_word' id='word_1_76' title='bbox 963 1224 1016 1255; x_wconf 87' lang='lat' dir='ltr'>esse</span> <span class='ocrx_word' id='word_1_77' title='bbox 1025 1208 1138 1268; x_wconf 86' lang='lat' dir='ltr'>queritur,</span> <span class='ocrx_word' id='word_1_78' title='bbox 1146 1215 1195 1254; x_wconf 89' lang='lat' dir='ltr'>turn</span> <span class='ocrx_word' id='word_1_79' title='bbox 1207 1213 1321 1268; x_wconf 91' lang='lat' dir='ltr'>postremo</span> 
     </span>
     <span class='ocr_line' id='line_1_9' title="bbox 222 1282 1321 1346; baseline 0.002 -18"><span class='ocrx_word' id='word_1_80' title='bbox 222 1282 246 1328; x_wconf 91' lang='lat' dir='ltr'>ia</span> <span class='ocrx_word' id='word_1_81' title='bbox 257 1283 386 1338; x_wconf 70' lang='lat' dir='ltr'>orchestra,</span> <span class='ocrx_word' id='word_1_82' title='bbox 396 1282 420 1328; x_wconf 91' lang='lat' dir='ltr'>in</span> <span class='ocrx_word' id='word_1_83' title='bbox 430 1291 558 1344; x_wconf 85' lang='lat' dir='ltr'>conspectu</span> <span class='ocrx_word' id='word_1_84' title='bbox 566 1282 666 1330; x_wconf 88' lang='lat' dir='ltr'>omnium</span> <span class='ocrx_word' id='word_1_85' title='bbox 676 1290 844 1344; x_wconf 87' lang='lat' dir='ltr'>spectatorum,</span> <span class='ocrx_word' id='word_1_86' title='bbox 853 1285 938 1346; x_wconf 68' lang='lat' dir='ltr'>pugnis</span> <span class='ocrx_word' id='word_1_87' title='bbox 948 1299 1043 1332; x_wconf 74' lang='lat' dir='ltr'>cresum.</span> <span class='ocrx_word' id='word_1_88' title='bbox 1061 1285 1217 1344; x_wconf 75' lang='lat' dir='ltr'>Quamobrem</span> <span class='ocrx_word' id='word_1_89' title='bbox 1227 1283 1321 1330; x_wconf 77' lang='lat' dir='ltr'>Midian</span> 
     </span>
     <span class='ocr_line' id='line_1_10' title="bbox 222 1359 1320 1421; baseline 0.001 -16"><span class='ocrx_word' id='word_1_90' title='bbox 222 1359 282 1419; x_wconf 87' lang='lat' dir='ltr'>apud</span> <span class='ocrx_word' id='word_1_91' title='bbox 295 1359 408 1420; x_wconf 89' lang='lat' dir='ltr'>populum</span> <span class='ocrx_word' id='word_1_92' title='bbox 420 1367 515 1408; x_wconf 89' lang='lat' dir='ltr'>accusat</span> <span class='ocrx_word' id='word_1_93' title='bbox 526 1359 662 1420; x_wconf 88' lang='lat' dir='ltr'>impietatis,</span> <span class='ocrx_word' id='word_1_94' title='bbox 671 1359 711 1421; x_wconf 91' lang='lat' dir='ltr'>qui</span> <span class='ocrx_word' id='word_1_95' title='bbox 720 1361 805 1408; x_wconf 86' lang='lat' dir='ltr'>festum</span> <span class='ocrx_word' id='word_1_96' title='bbox 817 1367 841 1408; x_wconf 87' lang='lat' dir='ltr'>et</span> <span class='ocrx_word' id='word_1_97' title='bbox 853 1361 970 1408; x_wconf 87' lang='lat' dir='ltr'>Bacchum</span> <span class='ocrx_word' id='word_1_98' title='bbox 982 1361 1083 1408; x_wconf 81' lang='lat' dir='ltr'>violarit.</span> <span class='ocrx_word' id='word_1_99' title='bbox 1102 1361 1236 1407; x_wconf 81' lang='lat' dir='ltr'>Vocabatur</span> <span class='ocrx_word' id='word_1_100' title='bbox 1248 1365 1320 1406; x_wconf 85' lang='lat' dir='ltr'>antem</span> 
     </span>
     <span class='ocr_line' id='line_1_11' title="bbox 221 1431 1320 1500; baseline 0 -18"><span class='ocrx_word' id='word_1_101' title='bbox 221 1450 250 1482; x_wconf 89' lang='lat' dir='ltr'>ea</span> <span class='ocrx_word' id='word_1_102' title='bbox 260 1435 331 1490; x_wconf 90' lang='lat' dir='ltr'>actio,</span> <span class='ocrx_word' id='word_1_103' title='bbox 342 1432 446 1500; x_wconf 62' lang='lat' dir='ltr'>arguisti.</span> <span class='ocrx_word' id='word_1_104' title='bbox 474 1437 581 1498; x_wconf 80' lang='lat' dir='ltr'>Pupulus</span> <span class='ocrx_word' id='word_1_105' title='bbox 597 1436 695 1484; x_wconf 90' lang='lat' dir='ltr'>Midiam</span> <span class='ocrx_word' id='word_1_106' title='bbox 707 1435 834 1498; x_wconf 82' lang='lat' dir='ltr'>impietatis</span> <span class='ocrx_word' id='word_1_107' title='bbox 845 1437 989 1484; x_wconf 82' lang='lat' dir='ltr'>condemnat.</span> <span class='ocrx_word' id='word_1_108' title='bbox 1004 1438 1073 1488; x_wconf 83' lang='lat' dir='ltr'>Nunc</span> <span class='ocrx_word' id='word_1_109' title='bbox 1085 1436 1107 1482; x_wconf 94' lang='lat' dir='ltr'>in</span> <span class='ocrx_word' id='word_1_110' title='bbox 1121 1435 1213 1497; x_wconf 86' lang='lat' dir='ltr'>judicio</span> <span class='ocrx_word' id='word_1_111' title='bbox 1231 1431 1320 1482; x_wconf 78' lang='lat' dir='ltr'>oo&#39;nten-</span> 
     </span>
     <span class='ocr_line' id='line_1_12' title="bbox 221 1511 1322 1575; baseline 0.002 -19"><span class='ocrx_word' id='word_1_112' title='bbox 221 1511 278 1558; x_wconf 89' lang='lat' dir='ltr'>dunt</span> <span class='ocrx_word' id='word_1_113' title='bbox 288 1511 318 1559; x_wconf 91' lang='lat' dir='ltr'>de</span> <span class='ocrx_word' id='word_1_114' title='bbox 331 1513 412 1575; x_wconf 91' lang='lat' dir='ltr'>populi</span> <span class='ocrx_word' id='word_1_115' title='bbox 423 1513 504 1559; x_wconf 77' lang='lat' dir='ltr'>Midiae</span> <span class='ocrx_word' id='word_1_116' title='bbox 521 1513 720 1560; x_wconf 77' lang='lat' dir='ltr'>condemnatione.</span> <span class='ocrx_word' id='word_1_117' title='bbox 740 1515 799 1560; x_wconf 89' lang='lat' dir='ltr'>Nam</span> <span class='ocrx_word' id='word_1_118' title='bbox 815 1529 866 1559; x_wconf 91' lang='lat' dir='ltr'>cum</span> <span class='ocrx_word' id='word_1_119' title='bbox 878 1514 979 1575; x_wconf 90' lang='lat' dir='ltr'>populus</span> <span class='ocrx_word' id='word_1_120' title='bbox 990 1515 1090 1575; x_wconf 88' lang='lat' dir='ltr'>aliquem</span> <span class='ocrx_word' id='word_1_121' title='bbox 1101 1514 1276 1568; x_wconf 85' lang='lat' dir='ltr'>condemnarat,</span> <span class='ocrx_word' id='word_1_122' title='bbox 1287 1528 1322 1559; x_wconf 92' lang='lat' dir='ltr'>ne·</span> 
     </span>
     <span class='ocr_line' id='line_1_13' title="bbox 221 1588 1321 1652; baseline -0.001 -16"><span class='ocrx_word' id='word_1_123' title='bbox 221 1605 289 1638; x_wconf 89' lang='lat' dir='ltr'>cesse</span> <span class='ocrx_word' id='word_1_124' title='bbox 300 1596 349 1636; x_wconf 91' lang='lat' dir='ltr'>erat</span> <span class='ocrx_word' id='word_1_125' title='bbox 359 1604 453 1638; x_wconf 87' lang='lat' dir='ltr'>cansam</span> <span class='ocrx_word' id='word_1_126' title='bbox 465 1590 487 1636; x_wconf 93' lang='lat' dir='ltr'>in</span> <span class='ocrx_word' id='word_1_127' title='bbox 496 1589 587 1650; x_wconf 85' lang='lat' dir='ltr'>judicio</span> <span class='ocrx_word' id='word_1_128' title='bbox 602 1590 730 1638; x_wconf 86' lang='lat' dir='ltr'>retractari.</span> <span class='ocrx_word' id='word_1_129' title='bbox 742 1591 874 1646; x_wconf 59' lang='lat' dir='ltr'>,Certamen</span> <span class='ocrx_word' id='word_1_130' title='bbox 886 1590 958 1652; x_wconf 75' lang='lat' dir='ltr'>igitur</span> <span class='ocrx_word' id='word_1_131' title='bbox 969 1599 1006 1636; x_wconf 89' lang='lat' dir='ltr'>est</span> <span class='ocrx_word' id='word_1_132' title='bbox 1016 1590 1046 1638; x_wconf 90' lang='lat' dir='ltr'>de</span> <span class='ocrx_word' id='word_1_133' title='bbox 1058 1589 1150 1637; x_wconf 86' lang='lat' dir='ltr'>mulcta.</span> <span class='ocrx_word' id='word_1_134' title='bbox 1167 1588 1321 1650; x_wconf 83' lang='lat' dir='ltr'>Neque&#39;enim</span> 
     </span>
     <span class='ocr_line' id='line_1_14' title="bbox 221 1665 1321 1726; baseline 0 -15"><span class='ocrx_word' id='word_1_135' title='bbox 221 1665 308 1712; x_wconf 84' lang='lat' dir='ltr'>Midias</span> <span class='ocrx_word' id='word_1_136' title='bbox 320 1681 345 1712; x_wconf 90' lang='lat' dir='ltr'>se</span> <span class='ocrx_word' id='word_1_137' title='bbox 356 1665 441 1726; x_wconf 81' lang='lat' dir='ltr'>injuste</span> <span class='ocrx_word' id='word_1_138' title='bbox 452 1665 536 1714; x_wconf 81' lang='lat' dir='ltr'>fecisse</span> <span class='ocrx_word' id='word_1_139' title='bbox 548 1672 626 1726; x_wconf 80' lang='lat' dir='ltr'>negat,</span> <span class='ocrx_word' id='word_1_140' title='bbox 638 1667 678 1714; x_wconf 88' lang='lat' dir='ltr'>sed</span> <span class='ocrx_word' id='word_1_141' title='bbox 689 1667 718 1713; x_wconf 89' lang='lat' dir='ltr'>de</span> <span class='ocrx_word' id='word_1_142' title='bbox 729 1665 779 1712; x_wconf 89' lang='lat' dir='ltr'>litis</span> <span class='ocrx_word' id='word_1_143' title='bbox 790 1665 943 1712; x_wconf 76' lang='lat' dir='ltr'>aestimatione</span> <span class='ocrx_word' id='word_1_144' title='bbox 953 1665 1110 1714; x_wconf 84' lang='lat' dir='ltr'>controversia</span> <span class='ocrx_word' id='word_1_145' title='bbox 1121 1671 1167 1721; x_wconf 89' lang='lat' dir='ltr'>est,</span> <span class='ocrx_word' id='word_1_146' title='bbox 1179 1672 1257 1716; x_wconf 79' lang='lat' dir='ltr'>utram</span> <span class='ocrx_word' id='word_1_147' title='bbox 1269 1679 1321 1712; x_wconf 83' lang='lat' dir='ltr'>oon·</span> 
     </span>
     <span class='ocr_line' id='line_1_15' title="bbox 220 1737 1321 1801; baseline 0 -13"><span class='ocrx_word' id='word_1_148' title='bbox 220 1741 332 1798; x_wconf 71' lang='lat' dir='ltr'>romelia,</span> <span class='ocrx_word' id='word_1_149' title='bbox 345 1755 373 1787; x_wconf 91' lang='lat' dir='ltr'>an</span> <span class='ocrx_word' id='word_1_150' title='bbox 385 1756 440 1787; x_wconf 84' lang='lat' dir='ltr'>raro</span> <span class='ocrx_word' id='word_1_151' title='bbox 452 1741 579 1801; x_wconf 89' lang='lat' dir='ltr'>impietatis</span> <span class='ocrx_word' id='word_1_152' title='bbox 592 1742 623 1788; x_wconf 83' lang='lat' dir='ltr'>sit</span> <span class='ocrx_word' id='word_1_153' title='bbox 634 1756 696 1788; x_wconf 87' lang='lat' dir='ltr'>reus.</span> <span class='ocrx_word' id='word_1_154' title='bbox 723 1741 826 1790; x_wconf 80' lang='lat' dir='ltr'>Proinde</span> <span class='ocrx_word' id='word_1_155' title='bbox 837 1741 920 1789; x_wconf 81' lang='lat' dir='ltr'>finitivi</span> <span class='ocrx_word' id='word_1_156' title='bbox 932 1749 1007 1790; x_wconf 88' lang='lat' dir='ltr'>statos</span> <span class='ocrx_word' id='word_1_157' title='bbox 1019 1749 1055 1789; x_wconf 89' lang='lat' dir='ltr'>est</span> <span class='ocrx_word' id='word_1_158' title='bbox 1066 1742 1149 1796; x_wconf 88' lang='lat' dir='ltr'>oratio,</span> <span class='ocrx_word' id='word_1_159' title='bbox 1165 1755 1218 1788; x_wconf 86' lang='lat' dir='ltr'>oum</span> <span class='ocrx_word' id='word_1_160' title='bbox 1238 1737 1321 1788; x_wconf 88' lang='lat' dir='ltr'>Midias</span> 
     </span>
     <span class='ocr_line' id='line_1_16' title="bbox 220 1816 1321 1880; baseline 0 -16"><span class='ocrx_word' id='word_1_161' title='bbox 220 1816 294 1872; x_wconf 89' lang='lat' dir='ltr'>dicat,</span> <span class='ocrx_word' id='word_1_162' title='bbox 304 1817 329 1865; x_wconf 87' lang='lat' dir='ltr'>id</span> <span class='ocrx_word' id='word_1_163' title='bbox 340 1817 430 1865; x_wconf 81' lang='lat' dir='ltr'>lacinus</span> <span class='ocrx_word' id='word_1_164' title='bbox 440 1833 494 1864; x_wconf 90' lang='lat' dir='ltr'>esse</span> <span class='ocrx_word' id='word_1_165' title='bbox 509 1819 681 1880; x_wconf 77' lang='lat' dir='ltr'>contumeliam,</span> <span class='ocrx_word' id='word_1_166' title='bbox 700 1819 761 1878; x_wconf 86' lang='lat' dir='ltr'>quod</span> <span class='ocrx_word' id='word_1_167' title='bbox 779 1817 893 1866; x_wconf 88' lang='lat' dir='ltr'>hominem</span> <span class='ocrx_word' id='word_1_168' title='bbox 905 1819 1005 1866; x_wconf 81' lang='lat' dir='ltr'>libatum</span> <span class='ocrx_word' id='word_1_169' title='bbox 1016 1818 1162 1866; x_wconf 83' lang='lat' dir='ltr'>verberarit:</span> <span class='ocrx_word' id='word_1_170' title='bbox 1179 1824 1261 1864; x_wconf 68' lang='lat' dir='ltr'>contu</span> <span class='ocrx_word' id='word_1_171' title='bbox 1276 1819 1321 1864; x_wconf 88' lang='lat' dir='ltr'>De&#39;-</span> 
     </span>
     <span class='ocr_line' id='line_1_17' title="bbox 219 1893 1355 1956; baseline -0.001 -16"><span class='ocrx_word' id='word_1_172' title='bbox 219 1894 361 1948; x_wconf 90' lang='lat' dir='ltr'>mosthenes,</span> <span class='ocrx_word' id='word_1_173' title='bbox 374 1893 525 1956; x_wconf 80' lang='lat' dir='ltr'>impietatem,</span> <span class='ocrx_word' id='word_1_174' title='bbox 537 1901 584 1940; x_wconf 89' lang='lat' dir='ltr'>tum</span> <span class='ocrx_word' id='word_1_175' title='bbox 596 1895 658 1955; x_wconf 89' lang='lat' dir='ltr'>qnod</span> <span class='ocrx_word' id='word_1_176' title='bbox 676 1894 778 1952; x_wconf 87' lang='lat' dir='ltr'>aedilem,</span> <span class='ocrx_word' id='word_1_177' title='bbox 793 1902 842 1942; x_wconf 88' lang='lat' dir='ltr'>tuor</span> <span class='ocrx_word' id='word_1_178' title='bbox 861 1895 923 1955; x_wconf 86' lang='lat' dir='ltr'>quod</span> <span class='ocrx_word' id='word_1_179' title='bbox 941 1895 1134 1950; x_wconf 87' lang='lat' dir='ltr'>Bacchanalibus,</span> <span class='ocrx_word' id='word_1_180' title='bbox 1152 1902 1202 1942; x_wconf 90' lang='lat' dir='ltr'>tnm</span> <span class='ocrx_word' id='word_1_181' title='bbox 1220 1895 1282 1955; x_wconf 87' lang='lat' dir='ltr'>qnod</span> <span class='ocrx_word' id='word_1_182' title='bbox 1299 1893 1321 1940; x_wconf 92' lang='lat' dir='ltr'>in</span> <span class='ocrx_word' id='word_1_183' title='bbox 1353 1901 1355 1905; x_wconf 88' lang='lat'>&#39;</span> 
     </span>
     <span class='ocr_line' id='line_1_18' title="bbox 218 1969 1322 2033; baseline -0.001 -16"><span class='ocrx_word' id='word_1_184' title='bbox 218 1971 309 2017; x_wconf 85' lang='lat' dir='ltr'>theatro</span> <span class='ocrx_word' id='word_1_185' title='bbox 323 1971 465 2029; x_wconf 79' lang='lat' dir='ltr'>verberarit3</span> <span class='ocrx_word' id='word_1_186' title='bbox 481 1970 517 2017; x_wconf 90' lang='lat' dir='ltr'>his</span> <span class='ocrx_word' id='word_1_187' title='bbox 530 1970 591 2018; x_wconf 88' lang='lat' dir='ltr'>enim</span> <span class='ocrx_word' id='word_1_188' title='bbox 602 1971 671 2018; x_wconf 85' lang='lat' dir='ltr'>etiarn</span> <span class='ocrx_word' id='word_1_189' title='bbox 683 1970 753 2032; x_wconf 87' lang='lat' dir='ltr'>impie</span> <span class='ocrx_word' id='word_1_190' title='bbox 765 1970 848 2018; x_wconf 76' lang='lat' dir='ltr'>t‘eoisae</span> <span class='ocrx_word' id='word_1_191' title='bbox 862 1971 958 2018; x_wconf 88' lang='lat' dir='ltr'>Midiam</span> <span class='ocrx_word' id='word_1_192' title='bbox 969 1972 1014 2018; x_wconf 87' lang='lat' dir='ltr'>ait:</span> <span class='ocrx_word' id='word_1_193' title='bbox 1039 1978 1065 2018; x_wconf 88' lang='lat' dir='ltr'>nt</span> <span class='ocrx_word' id='word_1_194' title='bbox 1075 1972 1108 2018; x_wconf 87' lang='lat' dir='ltr'>ita</span> <span class='ocrx_word' id='word_1_195' title='bbox 1118 1969 1222 2017; x_wconf 85' lang='lat' dir='ltr'>delinitio</span> <span class='ocrx_word' id='word_1_196' title='bbox 1234 1970 1322 2033; x_wconf 82' lang='lat' dir='ltr'>duplex</span> 
     </span>
     <span class='ocr_line' id='line_1_19' title="bbox 220 2047 1322 2110; baseline -0.004 -14"><span class='ocrx_word' id='word_1_197' title='bbox 220 2049 251 2096; x_wconf 88' lang='lat' dir='ltr'>sit</span> <span class='ocrx_word' id='word_1_198' title='bbox 261 2064 304 2110; x_wconf 92' lang='lat' dir='ltr'>per</span> <span class='ocrx_word' id='word_1_199' title='bbox 316 2047 553 2109; x_wconf 79' lang='lat' dir='ltr'>comprehensionem,</span> <span class='ocrx_word' id='word_1_200' title='bbox 570 2065 598 2095; x_wconf 90' lang='lat' dir='ltr'>es</span> <span class='ocrx_word' id='word_1_201' title='bbox 609 2048 706 2104; x_wconf 89' lang='lat' dir='ltr'>ratione,</span> <span class='ocrx_word' id='word_1_202' title='bbox 718 2049 773 2095; x_wconf 88' lang='lat' dir='ltr'>dnm</span> <span class='ocrx_word' id='word_1_203' title='bbox 784 2055 808 2094; x_wconf 90' lang='lat' dir='ltr'>et</span> <span class='ocrx_word' id='word_1_204' title='bbox 818 2063 901 2096; x_wconf 90' lang='lat' dir='ltr'>nomen</span> <span class='ocrx_word' id='word_1_205' title='bbox 917 2051 947 2096; x_wconf 87' lang='lat' dir='ltr'>ab</span> <span class='ocrx_word' id='word_1_206' title='bbox 962 2049 1096 2096; x_wconf 75' lang='lat' dir='ltr'>edversario</span> <span class='ocrx_word' id='word_1_207' title='bbox 1112 2047 1271 2095; x_wconf 86' lang='lat' dir='ltr'>introductum</span> <span class='ocrx_word' id='word_1_208' title='bbox 1283 2047 1322 2092; x_wconf 90' lang='lat' dir='ltr'>ad·</span> 
     </span>
     <span class='ocr_line' id='line_1_20' title="bbox 219 2118 1322 2187; baseline 0 -17"><span class='ocrx_word' id='word_1_209' title='bbox 219 2124 342 2180; x_wconf 89' lang='lat' dir='ltr'>mittimus,</span> <span class='ocrx_word' id='word_1_210' title='bbox 351 2133 375 2171; x_wconf 87' lang='lat' dir='ltr'>et</span> <span class='ocrx_word' id='word_1_211' title='bbox 386 2125 449 2171; x_wconf 88' lang='lat' dir='ltr'>allud</span> <span class='ocrx_word' id='word_1_212' title='bbox 460 2125 535 2171; x_wconf 90' lang='lat' dir='ltr'>eidem</span> <span class='ocrx_word' id='word_1_213' title='bbox 548 2118 692 2187; x_wconf 81' lang='lat' dir='ltr'>copulamus,</span> <span class='ocrx_word' id='word_1_214' title='bbox 703 2134 804 2186; x_wconf 86' lang='lat' dir='ltr'>utquam</span> <span class='ocrx_word' id='word_1_215' title='bbox 815 2125 859 2172; x_wconf 91' lang='lat' dir='ltr'>heo</span> <span class='ocrx_word' id='word_1_216' title='bbox 867 2123 919 2172; x_wconf 91' lang='lat' dir='ltr'>loco</span> <span class='ocrx_word' id='word_1_217' title='bbox 929 2125 1106 2180; x_wconf 72' lang='lat' dir='ltr'>Demosthenen,</span> <span class='ocrx_word' id='word_1_218' title='bbox 1116 2126 1204 2171; x_wconf 84' lang='lat' dir='ltr'>latente</span> <span class='ocrx_word' id='word_1_219' title='bbox 1211 2123 1288 2170; x_wconf 80' lang='lat' dir='ltr'>Midia</span> <span class='ocrx_word' id='word_1_220' title='bbox 1297 2137 1322 2170; x_wconf 89' lang='lat' dir='ltr'>ae</span> 
     </span>
     <span class='ocr_line' id='line_1_21' title="bbox 155 2200 1323 2265; baseline -0.001 -17"><span class='ocrx_word' id='word_1_221' title='bbox 155 2201 163 2212; x_wconf 87' lang='lat'>&#39;</span> <span class='ocrx_word' id='word_1_222' title='bbox 219 2200 387 2248; x_wconf 84' lang='lat' dir='ltr'>contumeliose</span> <span class='ocrx_word' id='word_1_223' title='bbox 398 2201 493 2256; x_wconf 83' lang='lat' dir='ltr'>lesisse,</span> <span class='ocrx_word' id='word_1_224' title='bbox 511 2217 539 2246; x_wconf 86' lang='lat' dir='ltr'>ne</span> <span class='ocrx_word' id='word_1_225' title='bbox 555 2201 720 2249; x_wconf 79' lang='lat' dir='ltr'>contumeliam</span> <span class='ocrx_word' id='word_1_226' title='bbox 736 2202 830 2263; x_wconf 86' lang='lat' dir='ltr'>qnidam</span> <span class='ocrx_word' id='word_1_227' title='bbox 848 2201 934 2265; x_wconf 84' lang='lat' dir='ltr'>rejicit,</span> <span class='ocrx_word' id='word_1_228' title='bbox 952 2202 993 2250; x_wconf 90' lang='lat' dir='ltr'>sed</span> <span class='ocrx_word' id='word_1_229' title='bbox 1004 2202 1082 2250; x_wconf 78' lang='lat' dir='ltr'>sideru</span> <span class='ocrx_word' id='word_1_230' title='bbox 1098 2201 1167 2250; x_wconf 84' lang='lat' dir='ltr'>etiam</span> <span class='ocrx_word' id='word_1_231' title='bbox 1180 2200 1323 2262; x_wconf 83' lang='lat' dir='ltr'>impietatem</span> 
     </span>
     <span class='ocr_line' id='line_1_22' title="bbox 218 2276 332 2340; baseline 0.018 -16"><span class='ocrx_word' id='word_1_232' title='bbox 218 2276 332 2340; x_wconf 70' lang='lat' dir='ltr'>adiungit.</span> 
     </span>
    </p>
   </div>
   <div class='ocr_carea' id='block_1_5' title="bbox 534 2381 1048 2478">
    <p class='ocr_par' dir='ltr' id='par_1_5' title="bbox 534 2381 1048 2478">
     <span class='ocr_line' id='line_1_23' title="bbox 534 2381 1048 2478; baseline 0.006 -4"><span class='ocrx_word' id='word_1_233' title='bbox 534 2413 664 2474; x_wconf 69' lang='lat' dir='ltr'>seron</span> <span class='ocrx_word' id='word_1_234' title='bbox 687 2413 1004 2478; x_wconf 68' lang='lat' dir='ltr'>cenomannum.</span> <span class='ocrx_word' id='word_1_235' title='bbox 1045 2381 1048 2387; x_wconf 67' lang='grc'><strong>’</strong></span> 
     </span>
    </p>
   </div>
   <div class='ocr_carea' id='block_1_6' title="bbox 162 2547 1350 4462">
    <p class='ocr_par' dir='ltr' id='par_1_6' title="bbox 162 2547 1350 4462">
     <span class='ocr_line' id='line_1_24' title="bbox 251 2547 1323 2610; baseline -0.001 -15"><span class='ocrx_word' id='word_1_236' title='bbox 251 2549 342 2598; x_wconf 77' lang='lat' dir='ltr'>Vasta</span> <span class='ocrx_word' id='word_1_237' title='bbox 351 2549 412 2609; x_wconf 89' lang='lat' dir='ltr'>apud</span> <span class='ocrx_word' id='word_1_238' title='bbox 423 2547 577 2596; x_wconf 76' lang='lat' dir='ltr'>Athenienses</span> <span class='ocrx_word' id='word_1_239' title='bbox 589 2549 648 2595; x_wconf 85' lang='lat' dir='ltr'>testa</span> <span class='ocrx_word' id='word_1_240' title='bbox 658 2548 800 2610; x_wconf 77' lang='lat' dir='ltr'>agebantur:</span> <span class='ocrx_word' id='word_1_241' title='bbox 815 2547 838 2594; x_wconf 92' lang='lat' dir='ltr'>in</span> <span class='ocrx_word' id='word_1_242' title='bbox 849 2549 934 2609; x_wconf 86' lang='lat' dir='ltr'>quihus</span> <span class='ocrx_word' id='word_1_243' title='bbox 945 2556 1010 2596; x_wconf 90' lang='lat' dir='ltr'>erant</span> <span class='ocrx_word' id='word_1_244' title='bbox 1020 2550 1176 2597; x_wconf 75' lang='lat' dir='ltr'>Panathenaea</span> <span class='ocrx_word' id='word_1_245' title='bbox 1185 2555 1235 2596; x_wconf 86' lang='lat' dir='ltr'>tom</span> <span class='ocrx_word' id='word_1_246' title='bbox 1245 2563 1323 2610; x_wconf 87' lang='lat' dir='ltr'>parra,</span> 
     </span>
     <span class='ocr_line' id='line_1_25' title="bbox 218 2625 1323 2687; baseline -0.002 -14"><span class='ocrx_word' id='word_1_247' title='bbox 218 2635 268 2674; x_wconf 84' lang='lat' dir='ltr'>tum</span> <span class='ocrx_word' id='word_1_248' title='bbox 279 2640 369 2687; x_wconf 77' lang='lat' dir='ltr'>magna.</span> <span class='ocrx_word' id='word_1_249' title='bbox 392 2625 497 2682; x_wconf 88' lang='lat' dir='ltr'>Quorum</span> <span class='ocrx_word' id='word_1_250' title='bbox 509 2625 558 2671; x_wconf 89' lang='lat' dir='ltr'>hacc</span> <span class='ocrx_word' id='word_1_251' title='bbox 575 2625 664 2686; x_wconf 87' lang='lat' dir='ltr'>quinto,</span> <span class='ocrx_word' id='word_1_252' title='bbox 676 2625 716 2672; x_wconf 88' lang='lat' dir='ltr'>illa</span> <span class='ocrx_word' id='word_1_253' title='bbox 728 2625 796 2672; x_wconf 90' lang='lat' dir='ltr'>tertio</span> <span class='ocrx_word' id='word_1_254' title='bbox 808 2641 900 2686; x_wconf 89' lang='lat' dir='ltr'>quoqne</span> <span class='ocrx_word' id='word_1_255' title='bbox 911 2641 970 2672; x_wconf 91' lang='lat' dir='ltr'>auno</span> <span class='ocrx_word' id='word_1_256' title='bbox 982 2627 1165 2674; x_wconf 85' lang='lat' dir='ltr'>celebrabantur.</span> <span class='ocrx_word' id='word_1_257' title='bbox 1193 2626 1263 2673; x_wconf 82' lang='lat' dir='ltr'>Acin</span> <span class='ocrx_word' id='word_1_258' title='bbox 1276 2641 1323 2671; x_wconf 89' lang='lat' dir='ltr'>ma·</span> 
     </span>
     <span class='ocr_line' id='line_1_26' title="bbox 219 2700 1323 2764; baseline -0.002 -15"><span class='ocrx_word' id='word_1_259' title='bbox 219 2701 270 2764; x_wconf 73' lang='lat' dir='ltr'>gnis</span> <span class='ocrx_word' id='word_1_260' title='bbox 280 2701 374 2762; x_wconf 88' lang='lat' dir='ltr'>quidem</span> <span class='ocrx_word' id='word_1_261' title='bbox 384 2701 561 2748; x_wconf 77' lang='lat' dir='ltr'>exercitationes</span> <span class='ocrx_word' id='word_1_262' title='bbox 570 2701 676 2761; x_wconf 83' lang='lat' dir='ltr'>quaedam</span> <span class='ocrx_word' id='word_1_263' title='bbox 683 2701 775 2757; x_wconf 85' lang='lat' dir='ltr'>fiebant,</span> <span class='ocrx_word' id='word_1_264' title='bbox 787 2708 811 2749; x_wconf 90' lang='lat' dir='ltr'>et</span> <span class='ocrx_word' id='word_1_265' title='bbox 820 2700 937 2763; x_wconf 80' lang='lat' dir='ltr'>esingulis</span> <span class='ocrx_word' id='word_1_266' title='bbox 945 2702 1052 2749; x_wconf 87' lang='lat' dir='ltr'>tribubus</span> <span class='ocrx_word' id='word_1_267' title='bbox 1061 2719 1119 2749; x_wconf 90' lang='lat' dir='ltr'>unns</span> <span class='ocrx_word' id='word_1_268' title='bbox 1132 2701 1323 2764; x_wconf 77' lang='lat' dir='ltr'>gymnasiarchus</span> 
     </span>
     <span class='ocr_line' id='line_1_27' title="bbox 217 2778 1323 2842; baseline 0 -16"><span class='ocrx_word' id='word_1_269' title='bbox 217 2781 394 2834; x_wconf 76' lang='lat' dir='ltr'>decernebatur,</span> <span class='ocrx_word' id='word_1_270' title='bbox 406 2778 474 2840; x_wconf 84' lang='lat' dir='ltr'>eique</span> <span class='ocrx_word' id='word_1_271' title='bbox 490 2779 588 2826; x_wconf 87' lang='lat' dir='ltr'>dabatur</span> <span class='ocrx_word' id='word_1_272' title='bbox 601 2779 700 2840; x_wconf 87' lang='lat' dir='ltr'>pecnnia</span> <span class='ocrx_word' id='word_1_273' title='bbox 710 2780 740 2826; x_wconf 90' lang='lat' dir='ltr'>ad</span> <span class='ocrx_word' id='word_1_274' title='bbox 755 2781 899 2828; x_wconf 83' lang='lat' dir='ltr'>exercendos</span> <span class='ocrx_word' id='word_1_275' title='bbox 909 2795 959 2835; x_wconf 90' lang='lat' dir='ltr'>ces,</span> <span class='ocrx_word' id='word_1_276' title='bbox 970 2780 1010 2842; x_wconf 88' lang='lat' dir='ltr'>qui</span> <span class='ocrx_word' id='word_1_277' title='bbox 1021 2782 1106 2828; x_wconf 86' lang='lat' dir='ltr'>lestans</span> <span class='ocrx_word' id='word_1_278' title='bbox 1118 2781 1237 2842; x_wconf 81' lang='lat' dir='ltr'>peracturi</span> <span class='ocrx_word' id='word_1_279' title='bbox 1249 2787 1323 2838; x_wconf 87' lang='lat' dir='ltr'>erant,</span> 
     </span>
     <span class='ocr_line' id='line_1_28' title="bbox 218 2856 1323 2920; baseline -0.001 -16"><span class='ocrx_word' id='word_1_280' title='bbox 218 2863 243 2905; x_wconf 87' lang='lat' dir='ltr'>et</span> <span class='ocrx_word' id='word_1_281' title='bbox 261 2857 291 2904; x_wconf 89' lang='lat' dir='ltr'>ad</span> <span class='ocrx_word' id='word_1_282' title='bbox 307 2871 386 2904; x_wconf 89' lang='lat' dir='ltr'>earum</span> <span class='ocrx_word' id='word_1_283' title='bbox 401 2871 478 2903; x_wconf 89' lang='lat' dir='ltr'>rernm</span> <span class='ocrx_word' id='word_1_284' title='bbox 497 2863 604 2916; x_wconf 86' lang='lat' dir='ltr'>sumptas</span> <span class='ocrx_word' id='word_1_285' title='bbox 618 2856 666 2903; x_wconf 88' lang='lat' dir='ltr'>saia</span> <span class='ocrx_word' id='word_1_286' title='bbox 686 2856 813 2905; x_wconf 76' lang='lat' dir='ltr'>tribulibus</span> <span class='ocrx_word' id='word_1_287' title='bbox 833 2858 1024 2920; x_wconf 87' lang='lat' dir='ltr'>suppeditandos.</span> <span class='ocrx_word' id='word_1_288' title='bbox 1048 2859 1183 2920; x_wconf 71' lang='lat' dir='ltr'>Agebantur</span> <span class='ocrx_word' id='word_1_289' title='bbox 1196 2859 1260 2919; x_wconf 89' lang='lat' dir='ltr'>apud</span> <span class='ocrx_word' id='word_1_290' title='bbox 1282 2872 1323 2903; x_wconf 89' lang='lat' dir='ltr'>eos</span> 
     </span>
     <span class='ocr_line' id='line_1_29' title="bbox 218 2932 1323 2997; baseline -0.004 -14"><span class='ocrx_word' id='word_1_291' title='bbox 218 2935 288 2984; x_wconf 77' lang='grc' dir='ltr'>οιίιιιι</span> <span class='ocrx_word' id='word_1_292' title='bbox 301 2934 463 2990; x_wconf 70' lang='lat' dir='ltr'>Bacchanalia,</span> <span class='ocrx_word' id='word_1_293' title='bbox 481 2947 554 2994; x_wconf 86' lang='lat' dir='ltr'>caque</span> <span class='ocrx_word' id='word_1_294' title='bbox 574 2932 684 2995; x_wconf 86' lang='lat' dir='ltr'>duplicia,</span> <span class='ocrx_word' id='word_1_295' title='bbox 702 2942 726 2982; x_wconf 91' lang='lat' dir='ltr'>et</span> <span class='ocrx_word' id='word_1_296' title='bbox 737 2949 810 2995; x_wconf 84' lang='lat' dir='ltr'>parva</span> <span class='ocrx_word' id='word_1_297' title='bbox 824 2941 849 2982; x_wconf 87' lang='lat' dir='ltr'>et</span> <span class='ocrx_word' id='word_1_298' title='bbox 862 2951 959 2996; x_wconf 74' lang='lat' dir='ltr'>magna:</span> <span class='ocrx_word' id='word_1_299' title='bbox 976 2950 1004 2983; x_wconf 91' lang='lat' dir='ltr'>ao</span> <span class='ocrx_word' id='word_1_300' title='bbox 1018 2951 1092 2997; x_wconf 84' lang='lat' dir='ltr'>parra</span> <span class='ocrx_word' id='word_1_301' title='bbox 1110 2934 1205 2996; x_wconf 83' lang='lat' dir='ltr'>quidem</span> <span class='ocrx_word' id='word_1_302' title='bbox 1221 2935 1244 2980; x_wconf 93' lang='lat' dir='ltr'>in</span> <span class='ocrx_word' id='word_1_303' title='bbox 1265 2935 1323 2980; x_wconf 84' lang='lat' dir='ltr'>urhe</span> 
     </span>
     <span class='ocr_line' id='line_1_30' title="bbox 216 3010 1322 3075; baseline -0.003 -16"><span class='ocrx_word' id='word_1_304' title='bbox 216 3010 348 3075; x_wconf 84' lang='lat' dir='ltr'>quotannis,</span> <span class='ocrx_word' id='word_1_305' title='bbox 364 3026 448 3072; x_wconf 77' lang='lat' dir='ltr'>magna</span> <span class='ocrx_word' id='word_1_306' title='bbox 460 3025 515 3058; x_wconf 83' lang='lat' dir='ltr'>vero</span> <span class='ocrx_word' id='word_1_307' title='bbox 530 3010 599 3058; x_wconf 89' lang='lat' dir='ltr'>tertio</span> <span class='ocrx_word' id='word_1_308' title='bbox 614 3026 706 3073; x_wconf 85' lang='lat' dir='ltr'>quoque</span> <span class='ocrx_word' id='word_1_309' title='bbox 722 3027 782 3058; x_wconf 89' lang='lat' dir='ltr'>anno</span> <span class='ocrx_word' id='word_1_310' title='bbox 794 3012 823 3059; x_wconf 91' lang='lat' dir='ltr'>ad</span> <span class='ocrx_word' id='word_1_311' title='bbox 840 3011 979 3060; x_wconf 85' lang='lat' dir='ltr'>torcularia:</span> <span class='ocrx_word' id='word_1_312' title='bbox 1002 3012 1026 3059; x_wconf 89' lang='lat' dir='ltr'>in</span> <span class='ocrx_word' id='word_1_313' title='bbox 1043 3012 1130 3074; x_wconf 86' lang='lat' dir='ltr'>quibua</span> <span class='ocrx_word' id='word_1_314' title='bbox 1149 3012 1322 3058; x_wconf 77' lang='lat' dir='ltr'>decernebatur</span> 
     </span>
     <span class='ocr_line' id='line_1_31' title="bbox 216 3087 1321 3150; baseline -0.003 -13"><span class='ocrx_word' id='word_1_315' title='bbox 216 3091 293 3138; x_wconf 82' lang='lat' dir='ltr'>aedilis</span> <span class='ocrx_word' id='word_1_316' title='bbox 304 3105 318 3136; x_wconf 91' lang='lat' dir='ltr'>a</span> <span class='ocrx_word' id='word_1_317' title='bbox 330 3087 430 3150; x_wconf 79' lang='lat' dir='ltr'>singulis</span> <span class='ocrx_word' id='word_1_318' title='bbox 442 3088 558 3144; x_wconf 87' lang='lat' dir='ltr'>tribubus,</span> <span class='ocrx_word' id='word_1_319' title='bbox 569 3088 608 3148; x_wconf 88' lang='lat' dir='ltr'>qui</span> <span class='ocrx_word' id='word_1_320' title='bbox 620 3096 695 3136; x_wconf 86' lang='lat' dir='ltr'>coetus</span> <span class='ocrx_word' id='word_1_321' title='bbox 712 3095 736 3136; x_wconf 90' lang='lat' dir='ltr'>et</span> <span class='ocrx_word' id='word_1_322' title='bbox 746 3104 870 3150; x_wconf 88' lang='lat' dir='ltr'>puerorum</span> <span class='ocrx_word' id='word_1_323' title='bbox 883 3096 907 3137; x_wconf 90' lang='lat' dir='ltr'>et</span> <span class='ocrx_word' id='word_1_324' title='bbox 920 3090 1023 3136; x_wconf 81' lang='lat' dir='ltr'>virorum</span> <span class='ocrx_word' id='word_1_325' title='bbox 1036 3089 1124 3136; x_wconf 87' lang='lat' dir='ltr'>aleret:</span> <span class='ocrx_word' id='word_1_326' title='bbox 1149 3089 1179 3136; x_wconf 94' lang='lat' dir='ltr'>ad</span> <span class='ocrx_word' id='word_1_327' title='bbox 1191 3100 1260 3149; x_wconf 84' lang='lat' dir='ltr'>quaro</span> <span class='ocrx_word' id='word_1_328' title='bbox 1274 3101 1321 3134; x_wconf 88' lang='lat' dir='ltr'>rem</span> 
     </span>
     <span class='ocr_line' id='line_1_32' title="bbox 215 3165 1322 3228; baseline -0.005 -14"><span class='ocrx_word' id='word_1_329' title='bbox 215 3166 313 3228; x_wconf 88' lang='lat' dir='ltr'>pecunia</span> <span class='ocrx_word' id='word_1_330' title='bbox 329 3166 352 3213; x_wconf 91' lang='lat' dir='ltr'>ei</span> <span class='ocrx_word' id='word_1_331' title='bbox 371 3165 477 3212; x_wconf 85' lang='lat' dir='ltr'>dabatur.</span> <span class='ocrx_word' id='word_1_332' title='bbox 501 3167 572 3213; x_wconf 80' lang='lat' dir='ltr'>Festo</span> <span class='ocrx_word' id='word_1_333' title='bbox 589 3172 665 3212; x_wconf 86' lang='lat' dir='ltr'>antem</span> <span class='ocrx_word' id='word_1_334' title='bbox 678 3167 726 3226; x_wconf 76' lang='lat' dir='ltr'>J&#39;ans</span> <span class='ocrx_word' id='word_1_335' title='bbox 743 3165 853 3222; x_wconf 88' lang='lat' dir='ltr'>instante,</span> <span class='ocrx_word' id='word_1_336' title='bbox 865 3168 985 3214; x_wconf 85' lang='lat' dir='ltr'>certabant</span> <span class='ocrx_word' id='word_1_337' title='bbox 997 3172 1020 3214; x_wconf 90' lang='lat' dir='ltr'>et</span> <span class='ocrx_word' id='word_1_338' title='bbox 1037 3166 1209 3213; x_wconf 81' lang='lat' dir='ltr'>contendebant</span> <span class='ocrx_word' id='word_1_339' title='bbox 1219 3165 1282 3212; x_wconf 89' lang='lat' dir='ltr'>inter</span> <span class='ocrx_word' id='word_1_340' title='bbox 1298 3177 1322 3208; x_wconf 86' lang='lat' dir='ltr'>se</span> 
     </span>
     <span class='ocr_line' id='line_1_33' title="bbox 215 3241 1323 3304; baseline -0.005 -12"><span class='ocrx_word' id='word_1_341' title='bbox 215 3245 306 3301; x_wconf 75' lang='lat' dir='ltr'>aediles,</span> <span class='ocrx_word' id='word_1_342' title='bbox 326 3243 466 3290; x_wconf 81' lang='lat' dir='ltr'>carminibus</span> <span class='ocrx_word' id='word_1_343' title='bbox 485 3242 509 3289; x_wconf 91' lang='lat' dir='ltr'>in</span> <span class='ocrx_word' id='word_1_344' title='bbox 532 3241 618 3290; x_wconf 82' lang='lat' dir='ltr'>Bacchi</span> <span class='ocrx_word' id='word_1_345' title='bbox 639 3243 733 3289; x_wconf 85' lang='lat' dir='ltr'>laudem</span> <span class='ocrx_word' id='word_1_346' title='bbox 756 3241 891 3291; x_wconf 87' lang='lat' dir='ltr'>cantandis:</span> <span class='ocrx_word' id='word_1_347' title='bbox 910 3241 994 3290; x_wconf 78' lang='lat' dir='ltr'>victori</span> <span class='ocrx_word' id='word_1_348' title='bbox 1015 3241 1090 3304; x_wconf 87' lang='lat' dir='ltr'>tripes</span> <span class='ocrx_word' id='word_1_349' title='bbox 1110 3241 1234 3304; x_wconf 62' lang='lat' dir='ltr'>premium</span> <span class='ocrx_word' id='word_1_350' title='bbox 1254 3247 1323 3298; x_wconf 72' lang='lat' dir='ltr'>erat,</span> 
     </span>
     <span class='ocr_line' id='line_1_34' title="bbox 215 3316 1322 3382; baseline -0.001 -14"><span class='ocrx_word' id='word_1_351' title='bbox 215 3337 268 3368; x_wconf 87' lang='lat' dir='ltr'>nam</span> <span class='ocrx_word' id='word_1_352' title='bbox 284 3323 383 3368; x_wconf 88' lang='lat' dir='ltr'>eandem</span> <span class='ocrx_word' id='word_1_353' title='bbox 403 3327 427 3368; x_wconf 89' lang='lat' dir='ltr'>et</span> <span class='ocrx_word' id='word_1_354' title='bbox 443 3321 521 3368; x_wconf 85' lang='lat' dir='ltr'>Solam</span> <span class='ocrx_word' id='word_1_355' title='bbox 532 3325 558 3367; x_wconf 87' lang='lat' dir='ltr'>et</span> <span class='ocrx_word' id='word_1_356' title='bbox 568 3319 701 3380; x_wconf 79' lang='lat' dir='ltr'>Apollinem</span> <span class='ocrx_word' id='word_1_357' title='bbox 715 3327 740 3368; x_wconf 90' lang='lat' dir='ltr'>et</span> <span class='ocrx_word' id='word_1_358' title='bbox 757 3321 876 3368; x_wconf 86' lang='lat' dir='ltr'>Bacchum</span> <span class='ocrx_word' id='word_1_359' title='bbox 887 3321 1008 3382; x_wconf 87' lang='lat' dir='ltr'>putabant.</span> <span class='ocrx_word' id='word_1_360' title='bbox 1036 3321 1134 3368; x_wconf 86' lang='lat' dir='ltr'>Peracto</span> <span class='ocrx_word' id='word_1_361' title='bbox 1151 3320 1225 3376; x_wconf 76' lang='lat' dir='ltr'>testo,</span> <span class='ocrx_word' id='word_1_362' title='bbox 1243 3316 1322 3380; x_wconf 80' lang='lat' dir='ltr'>primo</span> 
     </span>
     <span class='ocr_line' id='line_1_35' title="bbox 214 3395 1350 3459; baseline -0.003 -13"><span class='ocrx_word' id='word_1_363' title='bbox 214 3413 295 3446; x_wconf 83' lang='lat' dir='ltr'>mense</span> <span class='ocrx_word' id='word_1_364' title='bbox 306 3399 487 3446; x_wconf 82' lang='lat' dir='ltr'>decernebantur</span> <span class='ocrx_word' id='word_1_365' title='bbox 504 3395 642 3458; x_wconf 88' lang='lat' dir='ltr'>praebitores</span> <span class='ocrx_word' id='word_1_366' title='bbox 653 3397 725 3446; x_wconf 82' lang='lat' dir='ltr'>tntnri</span> <span class='ocrx_word' id='word_1_367' title='bbox 738 3397 799 3445; x_wconf 85' lang='lat' dir='ltr'>lecti.</span> <span class='ocrx_word' id='word_1_368' title='bbox 827 3400 905 3458; x_wconf 77' lang='lat' dir='ltr'>Quum</span> <span class='ocrx_word' id='word_1_369' title='bbox 920 3403 1039 3446; x_wconf 77' lang='lat' dir='ltr'>suranco</span> <span class='ocrx_word' id='word_1_370' title='bbox 1053 3405 1158 3459; x_wconf 84' lang='lat' dir='ltr'>tempore</span> <span class='ocrx_word' id='word_1_371' title='bbox 1174 3397 1320 3459; x_wconf 73' lang='lat' dir='ltr'>singularum</span> <span class='ocrx_word' id='word_1_372' title='bbox 1347 3427 1350 3436; x_wconf 49' lang='grc' dir='ltr'>ι</span> 
     </span>
     <span class='ocr_line' id='line_1_36' title="bbox 214 3468 1321 3536; baseline -0.002 -14"><span class='ocrx_word' id='word_1_373' title='bbox 214 3473 316 3522; x_wconf 85' lang='lat' dir='ltr'>tribuum</span> <span class='ocrx_word' id='word_1_374' title='bbox 335 3474 416 3520; x_wconf 86' lang='lat' dir='ltr'>aediles</span> <span class='ocrx_word' id='word_1_375' title='bbox 433 3473 574 3535; x_wconf 75' lang='lat' dir='ltr'>promulgati</span> <span class='ocrx_word' id='word_1_376' title='bbox 593 3481 680 3528; x_wconf 89' lang='lat' dir='ltr'>essent,</span> <span class='ocrx_word' id='word_1_377' title='bbox 697 3473 834 3530; x_wconf 86' lang='lat' dir='ltr'>Pandionia,</span> <span class='ocrx_word' id='word_1_378' title='bbox 849 3475 1014 3523; x_wconf 87' lang='lat' dir='ltr'>Demosthenis</span> <span class='ocrx_word' id='word_1_379' title='bbox 1030 3476 1113 3529; x_wconf 88' lang='lat' dir='ltr'>tribua,</span> <span class='ocrx_word' id='word_1_380' title='bbox 1133 3468 1268 3536; x_wconf 76' lang='lat' dir='ltr'>praebitore‘</span> <span class='ocrx_word' id='word_1_381' title='bbox 1282 3488 1321 3520; x_wconf 89' lang='lat' dir='ltr'>ca-</span> 
     </span>
     <span class='ocr_line' id='line_1_37' title="bbox 213 3539 1322 3621; baseline -0.005 -21"><span class='ocrx_word' id='word_1_382' title='bbox 213 3554 292 3600; x_wconf 84' lang='lat' dir='ltr'>rebat:</span> <span class='ocrx_word' id='word_1_383' title='bbox 314 3565 411 3610; x_wconf 79' lang='lat' dir='ltr'>namque</span> <span class='ocrx_word' id='word_1_384' title='bbox 425 3565 474 3596; x_wconf 90' lang='lat' dir='ltr'>rem</span> <span class='ocrx_word' id='word_1_385' title='bbox 487 3551 572 3610; x_wconf 90' lang='lat' dir='ltr'>primo,</span> <span class='ocrx_word' id='word_1_386' title='bbox 588 3552 690 3598; x_wconf 87' lang='lat' dir='ltr'>secando</span> <span class='ocrx_word' id='word_1_387' title='bbox 705 3558 729 3598; x_wconf 90' lang='lat' dir='ltr'>et</span> <span class='ocrx_word' id='word_1_388' title='bbox 741 3551 811 3598; x_wconf 89' lang='lat' dir='ltr'>tertio</span> <span class='ocrx_word' id='word_1_389' title='bbox 823 3567 882 3598; x_wconf 87' lang='lat' dir='ltr'>anno</span> <span class='ocrx_word' id='word_1_390' title='bbox 894 3539 1047 3621; x_wconf 51' lang='lat' dir='ltr'>neclexerab</span> <span class='ocrx_word' id='word_1_391' title='bbox 1070 3550 1144 3598; x_wconf 82' lang='lat' dir='ltr'>Moris</span> <span class='ocrx_word' id='word_1_392' title='bbox 1165 3559 1242 3598; x_wconf 90' lang='lat' dir='ltr'>sutem</span> <span class='ocrx_word' id='word_1_393' title='bbox 1263 3555 1322 3602; x_wconf 86' lang='lat' dir='ltr'>erat,</span> 
     </span>
     <span class='ocr_line' id='line_1_38' title="bbox 213 3626 1320 3692; baseline -0.005 -14"><span class='ocrx_word' id='word_1_394' title='bbox 213 3637 239 3678; x_wconf 87' lang='lat' dir='ltr'>ut</span> <span class='ocrx_word' id='word_1_395' title='bbox 249 3636 336 3692; x_wconf 78' lang='lat' dir='ltr'>praetor</span> <span class='ocrx_word' id='word_1_396' title='bbox 349 3645 394 3676; x_wconf 91' lang='lat' dir='ltr'>unc</span> <span class='ocrx_word' id='word_1_397' title='bbox 412 3643 490 3674; x_wconf 87' lang='lat' dir='ltr'>mense</span> <span class='ocrx_word' id='word_1_398' title='bbox 502 3633 553 3674; x_wconf 89' lang='lat' dir='ltr'>ante</span> <span class='ocrx_word' id='word_1_399' title='bbox 571 3629 664 3684; x_wconf 83' lang='lat' dir='ltr'>lestnm,</span> <span class='ocrx_word' id='word_1_400' title='bbox 682 3629 787 3676; x_wconf 89' lang='lat' dir='ltr'>omnium</span> <span class='ocrx_word' id='word_1_401' title='bbox 806 3630 906 3675; x_wconf 89' lang='lat' dir='ltr'>tribuum</span> <span class='ocrx_word' id='word_1_402' title='bbox 924 3627 1090 3689; x_wconf 85' lang='lat' dir='ltr'>proebitoribna</span> <span class='ocrx_word' id='word_1_403' title='bbox 1105 3630 1251 3683; x_wconf 76' lang='lat' dir='ltr'>convocatis,</span> <span class='ocrx_word' id='word_1_404' title='bbox 1263 3626 1320 3674; x_wconf 90' lang='lat' dir='ltr'>tibi·</span> 
     </span>
     <span class='ocr_line' id='line_1_39' title="bbox 212 3705 1320 3768; baseline -0.005 -13"><span class='ocrx_word' id='word_1_405' title='bbox 212 3709 277 3756; x_wconf 87' lang='lat' dir='ltr'>eiuas</span> <span class='ocrx_word' id='word_1_406' title='bbox 288 3707 367 3754; x_wconf 86' lang='lat' dir='ltr'>sortiri</span> <span class='ocrx_word' id='word_1_407' title='bbox 381 3707 489 3766; x_wconf 81' lang='lat' dir='ltr'>juberet:</span> <span class='ocrx_word' id='word_1_408' title='bbox 507 3708 531 3751; x_wconf 82' lang='lat' dir='ltr'>et</span> <span class='ocrx_word' id='word_1_409' title='bbox 542 3721 612 3765; x_wconf 86' lang='lat' dir='ltr'>qnurn</span> <span class='ocrx_word' id='word_1_410' title='bbox 625 3707 766 3768; x_wconf 78' lang='lat' dir='ltr'>singularum</span> <span class='ocrx_word' id='word_1_411' title='bbox 784 3705 885 3753; x_wconf 87' lang='lat' dir='ltr'>tribuum</span> <span class='ocrx_word' id='word_1_412' title='bbox 897 3707 1036 3768; x_wconf 87' lang='lat' dir='ltr'>praebitores</span> <span class='ocrx_word' id='word_1_413' title='bbox 1047 3705 1166 3762; x_wconf 86' lang='lat' dir='ltr'>adessent,</span> <span class='ocrx_word' id='word_1_414' title='bbox 1178 3713 1280 3767; x_wconf 86' lang='lat' dir='ltr'>excepto</span> <span class='ocrx_word' id='word_1_415' title='bbox 1290 3717 1320 3750; x_wconf 85' lang='lat' dir='ltr'>co</span> 
     </span>
     <span class='ocr_line' id='line_1_40' title="bbox 212 3779 1321 3847; baseline -0.003 -15"><span class='ocrx_word' id='word_1_416' title='bbox 212 3785 254 3847; x_wconf 80' lang='lat' dir='ltr'>qni</span> <span class='ocrx_word' id='word_1_417' title='bbox 269 3800 283 3832; x_wconf 92' lang='lat' dir='ltr'>e</span> <span class='ocrx_word' id='word_1_418' title='bbox 294 3782 426 3831; x_wconf 84' lang='lat' dir='ltr'>Pandionia</span> <span class='ocrx_word' id='word_1_419' title='bbox 442 3780 627 3837; x_wconf 85' lang='lat' dir='ltr'>desiderabatur,</span> <span class='ocrx_word' id='word_1_420' title='bbox 639 3783 722 3830; x_wconf 80' lang='lat' dir='ltr'>sidens</span> <span class='ocrx_word' id='word_1_421' title='bbox 735 3784 904 3830; x_wconf 83' lang='lat' dir='ltr'>Demosthenes</span> <span class='ocrx_word' id='word_1_422' title='bbox 920 3799 969 3831; x_wconf 87' lang='lat' dir='ltr'>suae</span> <span class='ocrx_word' id='word_1_423' title='bbox 981 3784 1052 3832; x_wconf 87' lang='lat' dir='ltr'>tribui</span> <span class='ocrx_word' id='word_1_424' title='bbox 1067 3783 1180 3830; x_wconf 84' lang='lat' dir='ltr'>dedecori</span> <span class='ocrx_word' id='word_1_425' title='bbox 1191 3797 1244 3836; x_wconf 84' lang='lat' dir='ltr'>ease</span> <span class='ocrx_word' id='word_1_426' title='bbox 1257 3779 1321 3844; x_wconf 80' lang='lat' dir='ltr'>apud</span> 
     </span>
     <span class='ocr_line' id='line_1_41' title="bbox 212 3858 1321 3922; baseline -0.005 -13"><span class='ocrx_word' id='word_1_427' title='bbox 212 3876 302 3918; x_wconf 86' lang='lat' dir='ltr'>amnes,</span> <span class='ocrx_word' id='word_1_428' title='bbox 312 3861 375 3922; x_wconf 84' lang='lat' dir='ltr'>qnod</span> <span class='ocrx_word' id='word_1_429' title='bbox 386 3858 534 3921; x_wconf 81' lang='lat' dir='ltr'>praebitorem</span> <span class='ocrx_word' id='word_1_430' title='bbox 545 3873 590 3904; x_wconf 89' lang='lat' dir='ltr'>aon</span> <span class='ocrx_word' id='word_1_431' title='bbox 602 3859 708 3916; x_wconf 88' lang='lat' dir='ltr'>haberet,</span> <span class='ocrx_word' id='word_1_432' title='bbox 720 3860 790 3916; x_wconf 92' lang='lat' dir='ltr'>oltro,</span> <span class='ocrx_word' id='word_1_433' title='bbox 805 3862 903 3920; x_wconf 83' lang='lat' dir='ltr'>juhe&#39;nte</span> <span class='ocrx_word' id='word_1_434' title='bbox 918 3860 1018 3918; x_wconf 71' lang='lat' dir='ltr'>nemim,</span> <span class='ocrx_word' id='word_1_435' title='bbox 1034 3867 1078 3907; x_wconf 88' lang='lat' dir='ltr'>sno</span> <span class='ocrx_word' id='word_1_436' title='bbox 1094 3861 1147 3921; x_wconf 82' lang='lat' dir='ltr'>ipse</span> <span class='ocrx_word' id='word_1_437' title='bbox 1160 3859 1282 3920; x_wconf 70' lang='lat' dir='ltr'>suffragio,</span> <span class='ocrx_word' id='word_1_438' title='bbox 1293 3872 1321 3904; x_wconf 86' lang='lat' dir='ltr'>se</span> 
     </span>
     <span class='ocr_line' id='line_1_42' title="bbox 211 3928 1322 4008; baseline -0.005 -23"><span class='ocrx_word' id='word_1_439' title='bbox 211 3938 358 3998; x_wconf 83' lang='lat' dir='ltr'>praebitorem</span> <span class='ocrx_word' id='word_1_440' title='bbox 369 3936 462 4008; x_wconf 86' lang='lat' dir='ltr'>cbtplit,</span> <span class='ocrx_word' id='word_1_441' title='bbox 471 3943 541 3996; x_wconf 87' lang='lat' dir='ltr'>atque</span> <span class='ocrx_word' id='word_1_442' title='bbox 548 3937 579 3982; x_wconf 93' lang='lat' dir='ltr'>ob</span> <span class='ocrx_word' id='word_1_443' title='bbox 588 3935 612 3982; x_wconf 89' lang='lat' dir='ltr'>id</span> <span class='ocrx_word' id='word_1_444' title='bbox 621 3928 711 3982; x_wconf 80' lang='lat' dir='ltr'>lactum</span> <span class='ocrx_word' id='word_1_445' title='bbox 718 3937 747 3984; x_wconf 94' lang='lat' dir='ltr'>ab</span> <span class='ocrx_word' id='word_1_446' title='bbox 757 3938 864 3985; x_wconf 89' lang='lat' dir='ltr'>omnibus</span> <span class='ocrx_word' id='word_1_447' title='bbox 875 3937 983 3984; x_wconf 88' lang='lat' dir='ltr'>laudatus</span> <span class='ocrx_word' id='word_1_448' title='bbox 994 3945 1039 3986; x_wconf 88' lang='lat' dir='ltr'>est.</span> <span class='ocrx_word' id='word_1_449' title='bbox 1052 3939 1131 3994; x_wconf 87' lang='lat' dir='ltr'>Quum</span> <span class='ocrx_word' id='word_1_450' title='bbox 1143 3953 1201 3984; x_wconf 84' lang='lat' dir='ltr'>vero</span> <span class='ocrx_word' id='word_1_451' title='bbox 1208 3935 1322 3984; x_wconf 88' lang='lat' dir='ltr'>tibicines</span> 
     </span>
     <span class='ocr_line' id='line_1_43' title="bbox 212 4011 1322 4076; baseline -0.003 -15"><span class='ocrx_word' id='word_1_452' title='bbox 212 4015 343 4070; x_wconf 73' lang='lat' dir='ltr'>conicetur,</span> <span class='ocrx_word' id='word_1_453' title='bbox 356 4015 497 4061; x_wconf 78' lang='lat' dir='ltr'>alacritatem</span> <span class='ocrx_word' id='word_1_454' title='bbox 508 4020 532 4060; x_wconf 90' lang='lat' dir='ltr'>et</span> <span class='ocrx_word' id='word_1_455' title='bbox 543 4013 645 4059; x_wconf 85' lang='lat' dir='ltr'>studium</span> <span class='ocrx_word' id='word_1_456' title='bbox 657 4015 708 4074; x_wconf 88' lang='lat' dir='ltr'>ejus</span> <span class='ocrx_word' id='word_1_457' title='bbox 719 4015 811 4062; x_wconf 81' lang='lat' dir='ltr'>fortuna</span> <span class='ocrx_word' id='word_1_458' title='bbox 823 4014 955 4075; x_wconf 84' lang='lat' dir='ltr'>adjuvante,</span> <span class='ocrx_word' id='word_1_459' title='bbox 966 4014 1111 4076; x_wconf 76' lang='lat' dir='ltr'>Telephanes</span> <span class='ocrx_word' id='word_1_460' title='bbox 1123 4011 1249 4062; x_wconf 87' lang='lat' dir='ltr'>tibicinum</span> <span class='ocrx_word' id='word_1_461' title='bbox 1260 4028 1322 4074; x_wconf 86' lang='lat' dir='ltr'>prse-</span> 
     </span>
     <span class='ocr_line' id='line_1_44' title="bbox 211 4085 1321 4153; baseline -0.005 -15"><span class='ocrx_word' id='word_1_462' title='bbox 211 4085 365 4138; x_wconf 80' lang='lat' dir='ltr'>st‘antissinrns</span> <span class='ocrx_word' id='word_1_463' title='bbox 376 4091 398 4138; x_wconf 88' lang='lat' dir='ltr'>ei</span> <span class='ocrx_word' id='word_1_464' title='bbox 410 4091 513 4140; x_wconf 81' lang='lat' dir='ltr'>obvenit.</span> <span class='ocrx_word' id='word_1_465' title='bbox 540 4091 627 4137; x_wconf 89' lang='lat' dir='ltr'>Volens</span> <span class='ocrx_word' id='word_1_466' title='bbox 643 4089 714 4152; x_wconf 83' lang='lat' dir='ltr'>igitur</span> <span class='ocrx_word' id='word_1_467' title='bbox 726 4107 792 4137; x_wconf 84' lang='lat' dir='ltr'>sunm</span> <span class='ocrx_word' id='word_1_468' title='bbox 805 4097 888 4138; x_wconf 76' lang='lat' dir='ltr'>cetum</span> <span class='ocrx_word' id='word_1_469' title='bbox 901 4107 983 4138; x_wconf 87' lang='lat' dir='ltr'>ornare</span> <span class='ocrx_word' id='word_1_470' title='bbox 998 4096 1083 4153; x_wconf 88' lang='lat' dir='ltr'>practer</span> <span class='ocrx_word' id='word_1_471' title='bbox 1102 4095 1205 4144; x_wconf 89' lang='lat' dir='ltr'>ceteros,</span> <span class='ocrx_word' id='word_1_472' title='bbox 1219 4103 1321 4136; x_wconf 88' lang='lat' dir='ltr'>coronas</span> 
     </span>
     <span class='ocr_line' id='line_1_45' title="bbox 210 4165 1321 4230; baseline -0.007 -13"><span class='ocrx_word' id='word_1_473' title='bbox 210 4167 293 4217; x_wconf 82' lang='lat' dir='ltr'>adress</span> <span class='ocrx_word' id='word_1_474' title='bbox 314 4169 349 4214; x_wconf 85' lang='lat' dir='ltr'>eis</span> <span class='ocrx_word' id='word_1_475' title='bbox 368 4168 487 4230; x_wconf 86' lang='lat' dir='ltr'>imposuit.</span> <span class='ocrx_word' id='word_1_476' title='bbox 514 4166 601 4214; x_wconf 78' lang='lat' dir='ltr'>Midias</span> <span class='ocrx_word' id='word_1_477' title='bbox 619 4173 703 4225; x_wconf 88' lang='lat' dir='ltr'>autern,</span> <span class='ocrx_word' id='word_1_478' title='bbox 722 4183 781 4215; x_wconf 90' lang='lat' dir='ltr'>unns</span> <span class='ocrx_word' id='word_1_479' title='bbox 803 4185 816 4216; x_wconf 90' lang='lat' dir='ltr'>e</span> <span class='ocrx_word' id='word_1_480' title='bbox 833 4168 939 4216; x_wconf 83' lang='lat' dir='ltr'>civitatis</span> <span class='ocrx_word' id='word_1_481' title='bbox 958 4169 1162 4230; x_wconf 71' lang='lat' dir='ltr'>gubernatoribus,</span> <span class='ocrx_word' id='word_1_482' title='bbox 1178 4167 1215 4215; x_wconf 78' lang='lat' dir='ltr'>sir</span> <span class='ocrx_word' id='word_1_483' title='bbox 1232 4165 1321 4226; x_wconf 84' lang='lat' dir='ltr'>opibus</span> 
     </span>
     <span class='ocr_line' id='line_1_46' title="bbox 162 4239 1324 4304; baseline -0.003 -11"><span class='ocrx_word' id='word_1_484' title='bbox 162 4275 167 4280; x_wconf 90' lang='lat'>·</span> <span class='ocrx_word' id='word_1_485' title='bbox 209 4246 340 4299; x_wconf 90' lang='lat' dir='ltr'>abundans,</span> <span class='ocrx_word' id='word_1_486' title='bbox 351 4250 375 4290; x_wconf 92' lang='lat' dir='ltr'>et</span> <span class='ocrx_word' id='word_1_487' title='bbox 384 4259 471 4304; x_wconf 72' lang='lat' dir='ltr'>magnae</span> <span class='ocrx_word' id='word_1_488' title='bbox 482 4244 636 4299; x_wconf 87' lang='lat' dir='ltr'>auctoritatis,</span> <span class='ocrx_word' id='word_1_489' title='bbox 645 4244 748 4292; x_wconf 81' lang='lat' dir='ltr'>infensus</span> <span class='ocrx_word' id='word_1_490' title='bbox 759 4245 912 4292; x_wconf 89' lang='lat' dir='ltr'>Demostheni</span> <span class='ocrx_word' id='word_1_491' title='bbox 923 4247 953 4292; x_wconf 91' lang='lat' dir='ltr'>oh</span> <span class='ocrx_word' id='word_1_492' title='bbox 965 4260 1005 4292; x_wconf 87' lang='lat' dir='ltr'>eas</span> <span class='ocrx_word' id='word_1_493' title='bbox 1013 4260 1104 4300; x_wconf 87' lang='lat' dir='ltr'>causas,</span> <span class='ocrx_word' id='word_1_494' title='bbox 1115 4257 1173 4304; x_wconf 84' lang='lat' dir='ltr'>qaas</span> <span class='ocrx_word' id='word_1_495' title='bbox 1183 4239 1324 4304; x_wconf 69' lang='lat' dir='ltr'>paulo&#39;posd</span> 
     </span>
     <span class='ocr_line' id='line_1_47' title="bbox 208 4319 1321 4384; baseline -0.005 -14"><span class='ocrx_word' id='word_1_496' title='bbox 208 4322 293 4384; x_wconf 87' lang='lat' dir='ltr'>ipsein</span> <span class='ocrx_word' id='word_1_497' title='bbox 303 4319 405 4368; x_wconf 85' lang='lat' dir='ltr'>oratione</span> <span class='ocrx_word' id='word_1_498' title='bbox 414 4320 488 4375; x_wconf 83' lang='lat' dir='ltr'>dicet,</span> <span class='ocrx_word' id='word_1_499' title='bbox 497 4333 548 4368; x_wconf 85' lang='lat' dir='ltr'>oam</span> <span class='ocrx_word' id='word_1_500' title='bbox 559 4337 621 4381; x_wconf 82' lang='lat' dir='ltr'>saepe</span> <span class='ocrx_word' id='word_1_501' title='bbox 630 4321 688 4369; x_wconf 90' lang='lat' dir='ltr'>alias</span> <span class='ocrx_word' id='word_1_502' title='bbox 700 4322 721 4368; x_wconf 85' lang='lat' dir='ltr'>ei</span> <span class='ocrx_word' id='word_1_503' title='bbox 731 4323 874 4378; x_wconf 74' lang='lat' dir='ltr'>obturbaret,</span> <span class='ocrx_word' id='word_1_504' title='bbox 883 4330 908 4368; x_wconf 90' lang='lat' dir='ltr'>et</span> <span class='ocrx_word' id='word_1_505' title='bbox 918 4322 1051 4378; x_wconf 87' lang='lat' dir='ltr'>insultarat,</span> <span class='ocrx_word' id='word_1_506' title='bbox 1062 4330 1110 4368; x_wconf 88' lang='lat' dir='ltr'>turn</span> <span class='ocrx_word' id='word_1_507' title='bbox 1123 4322 1212 4370; x_wconf 77' lang='lat' dir='ltr'>veroid</span> <span class='ocrx_word' id='word_1_508' title='bbox 1224 4334 1321 4382; x_wconf 79' lang='lat' dir='ltr'>quoque</span> 
     </span>
     <span class='ocr_line' id='line_1_48' title="bbox 211 4397 1319 4462; baseline -0.005 -14"><span class='ocrx_word' id='word_1_509' title='bbox 211 4400 307 4450; x_wconf 82' lang='lat' dir='ltr'>affirmat</span> <span class='ocrx_word' id='word_1_510' title='bbox 320 4397 500 4452; x_wconf 83' lang='lat' dir='ltr'>Demosthenes,</span> <span class='ocrx_word' id='word_1_511' title='bbox 510 4399 641 4457; x_wconf 85' lang='lat' dir='ltr'>jurantibus</span> <span class='ocrx_word' id='word_1_512' title='bbox 650 4399 770 4459; x_wconf 83' lang='lat' dir='ltr'>judicibus</span> <span class='ocrx_word' id='word_1_513' title='bbox 783 4415 808 4448; x_wconf 86' lang='lat' dir='ltr'>se</span> <span class='ocrx_word' id='word_1_514' title='bbox 819 4398 940 4448; x_wconf 82' lang='lat' dir='ltr'>uictoriam</span> <span class='ocrx_word' id='word_1_515' title='bbox 950 4399 982 4446; x_wconf 90' lang='lat' dir='ltr'>illi</span> <span class='ocrx_word' id='word_1_516' title='bbox 993 4400 1089 4446; x_wconf 84' lang='lat' dir='ltr'>daturos</span> <span class='ocrx_word' id='word_1_517' title='bbox 1102 4399 1143 4462; x_wconf 88' lang='lat' dir='ltr'>qui</span> <span class='ocrx_word' id='word_1_518' title='bbox 1154 4401 1268 4462; x_wconf 85' lang='lat' dir='ltr'>praeolsra</span> <span class='ocrx_word' id='word_1_519' title='bbox 1278 4412 1319 4443; x_wconf 83' lang='lat' dir='ltr'>ce·</span> 
     </span>
    </p>
   </div>
   <div class='ocr_carea' id='block_1_7' title="bbox 0 0 1470 4952">
    <p class='ocr_par' dir='ltr' id='par_1_7' title="bbox 0 0 1470 4952">
     <span class='ocr_line' id='line_1_49' title="bbox 0 0 1470 4952; baseline 0 3"><span class='ocrx_word' id='word_1_520' title='bbox 0 0 1470 4952; x_wconf 95' lang='lat' dir='ltr'> </span> 
     </span>
    </p>
   </div>
  </div>
 </body>
</html>
