<?xml version="1.0" encoding="UTF-8"?>
<!DOCTYPE html PUBLIC "-//W3C//DTD XHTML 1.0 Transitional//EN"
    "http://www.w3.org/TR/xhtml1/DTD/xhtml1-transitional.dtd">
<html xmlns="http://www.w3.org/1999/xhtml" xml:lang="en" lang="en">
 <head>
  <title>
</title>
<meta http-equiv="Content-Type" content="text/html;charset=utf-8" />
  <meta name='ocr-system' content='tesseract 3.04.00' />
  <meta name='ocr-capabilities' content='ocr_page ocr_carea ocr_par ocr_line ocrx_word'/>
</head>
<body>
  <div class='ocr_page' id='page_1' title='image "./demosthenisetsc08ulpigoog_0111.png"; bbox 0 0 2886 4946; ppageno 0'>
   <div class='ocr_carea' id='block_1_1' title="bbox 225 258 936 332">
    <p class='ocr_par' dir='ltr' id='par_1_1' title="bbox 225 258 936 332">
     <span class='ocr_line' id='line_1_1' title="bbox 225 258 936 332; baseline -0.006 -8"><span class='ocrx_word' id='word_1_1' title='bbox 225 260 285 324; x_wconf 85' lang='lat'><strong>100</strong></span> <span class='ocrx_word' id='word_1_2' title='bbox 621 258 862 332; x_wconf 79' lang='lat' dir='ltr'>PHILIPPICA</span> <span class='ocrx_word' id='word_1_3' title='bbox 882 258 936 322; x_wconf 78' lang='lat' dir='ltr'><strong>IV.</strong></span> 
     </span>
    </p>
   </div>
   <div class='ocr_carea' id='block_1_2' title="bbox 220 413 1323 592">
    <p class='ocr_par' dir='ltr' id='par_1_2' title="bbox 220 413 1323 592">
     <span class='ocr_line' id='line_1_2' title="bbox 220 413 1322 500; baseline 0.003 -22"><span class='ocrx_word' id='word_1_4' title='bbox 220 417 389 483; x_wconf 73' lang='lat' dir='ltr'><strong>susannis</strong></span> <span class='ocrx_word' id='word_1_5' title='bbox 403 437 422 480; x_wconf 86' lang='lat' dir='ltr'><strong>n</strong></span> <span class='ocrx_word' id='word_1_6' title='bbox 434 421 522 482; x_wconf 87' lang='lat' dir='ltr'><strong>rebus</strong></span> <span class='ocrx_word' id='word_1_7' title='bbox 535 418 671 500; x_wconf 77' lang='lat' dir='ltr'><strong>gerendis</strong></span> <span class='ocrx_word' id='word_1_8' title='bbox 685 416 860 493; x_wconf 79' lang='lat' dir='ltr'><strong>ebbonetis,</strong></span> <span class='ocrx_word' id='word_1_9' title='bbox 872 425 903 478; x_wconf 87' lang='lat' dir='ltr'><strong>st</strong></span> <span class='ocrx_word' id='word_1_10' title='bbox 915 414 1058 496; x_wconf 74' lang='lat' dir='ltr'>tantisper</span> <span class='ocrx_word' id='word_1_11' title='bbox 1070 413 1184 482; x_wconf 73' lang='lat' dir='ltr'><strong>novatis</strong></span> <span class='ocrx_word' id='word_1_12' title='bbox 1197 431 1322 496; x_wconf 76' lang='lat' dir='ltr'><strong>operam,</strong></span> 
     </span>
     <span class='ocr_line' id='line_1_3' title="bbox 223 507 1323 592; baseline -0.002 -22"><span class='ocrx_word' id='word_1_13' title='bbox 223 510 296 570; x_wconf 81' lang='lat' dir='ltr'><strong>duni</strong></span> <span class='ocrx_word' id='word_1_14' title='bbox 308 510 421 572; x_wconf 85' lang='lat' dir='ltr'><strong>sedetis</strong></span> <span class='ocrx_word' id='word_1_15' title='bbox 433 520 465 572; x_wconf 89' lang='lat' dir='ltr'><strong>et</strong></span> <span class='ocrx_word' id='word_1_16' title='bbox 477 511 583 574; x_wconf 82' lang='lat' dir='ltr'><strong>auditis</strong></span> <span class='ocrx_word' id='word_1_17' title='bbox 595 512 646 572; x_wconf 88' lang='lat' dir='ltr'><strong>ubi</strong></span> <span class='ocrx_word' id='word_1_18' title='bbox 662 511 743 592; x_wconf 85' lang='lat' dir='ltr'><strong>quod</strong></span> <span class='ocrx_word' id='word_1_19' title='bbox 752 511 821 572; x_wconf 82' lang='lat' dir='ltr'><strong>navi</strong></span> <span class='ocrx_word' id='word_1_20' title='bbox 834 509 999 570; x_wconf 84' lang='lat' dir='ltr'><strong>nuntiatum</strong></span> <span class='ocrx_word' id='word_1_21' title='bbox 1009 509 1106 570; x_wconf 84' lang='lat' dir='ltr'><strong>fuerit.</strong></span> <span class='ocrx_word' id='word_1_22' title='bbox 1147 507 1262 568; x_wconf 87' lang='lat' dir='ltr'><strong>Deinde</strong></span> <span class='ocrx_word' id='word_1_23' title='bbox 1275 527 1323 569; x_wconf 80' lang='lat' dir='ltr'><strong>vs·</strong></span> 
     </span>
    </p>
   </div>
   <div class='ocr_carea' id='block_1_3' title="bbox 221 603 1310 698">
    <p class='ocr_par' dir='ltr' id='par_1_3' title="bbox 221 603 1310 698">
     <span class='ocr_line' id='line_1_4' title="bbox 221 603 1310 698; baseline -0.002 -32"><span class='ocrx_word' id='word_1_24' title='bbox 221 615 316 698; x_wconf 75' lang='lat' dir='ltr'><strong>smum</strong></span> <span class='ocrx_word' id='word_1_25' title='bbox 324 607 448 687; x_wconf 87' lang='lat' dir='ltr'><strong>quisque</strong></span> <span class='ocrx_word' id='word_1_26' title='bbox 457 607 616 687; x_wconf 84' lang='lat' dir='ltr'><strong>digressus,</strong></span> <span class='ocrx_word' id='word_1_27' title='bbox 630 627 690 668; x_wconf 89' lang='lat' dir='ltr'><strong>non</strong></span> <span class='ocrx_word' id='word_1_28' title='bbox 700 607 789 668; x_wconf 87' lang='lat' dir='ltr'><strong>m&#39;odo</strong></span> <span class='ocrx_word' id='word_1_29' title='bbox 797 623 858 667; x_wconf 92' lang='lat' dir='ltr'><strong>non</strong></span> <span class='ocrx_word' id='word_1_30' title='bbox 867 615 952 668; x_wconf 88' lang='lat' dir='ltr'><strong>curat</strong></span> <span class='ocrx_word' id='word_1_31' title='bbox 962 621 1008 679; x_wconf 86' lang='lat' dir='ltr'><strong>ea,</strong></span> <span class='ocrx_word' id='word_1_32' title='bbox 1017 606 1071 666; x_wconf 90' lang='lat' dir='ltr'><strong>sed</strong></span> <span class='ocrx_word' id='word_1_33' title='bbox 1082 621 1139 668; x_wconf 87' lang='lat' dir='ltr'><strong>nec</strong></span> <span class='ocrx_word' id='word_1_34' title='bbox 1146 603 1284 664; x_wconf 78' lang='lat' dir='ltr'><strong>manduit.</strong></span> <span class='ocrx_word' id='word_1_35' title='bbox 1308 637 1310 645; x_wconf 69' lang='lat'><strong>,</strong></span> 
     </span>
    </p>
   </div>
   <div class='ocr_carea' id='block_1_4' title="bbox 221 697 1351 2177">
    <p class='ocr_par' dir='ltr' id='par_1_4' title="bbox 221 697 1351 1992">
     <span class='ocr_line' id='line_1_5' title="bbox 263 697 1322 782; baseline -0.001 -24"><span class='ocrx_word' id='word_1_36' title='bbox 263 701 294 760; x_wconf 80' lang='lat'><strong>2.</strong></span> <span class='ocrx_word' id='word_1_37' title='bbox 315 697 361 761; x_wconf 79' lang='lat' dir='ltr'><strong>Ac</strong></span> <span class='ocrx_word' id='word_1_38' title='bbox 374 701 544 781; x_wconf 70' lang='lat' dir='ltr'><strong>petulantia</strong></span> <span class='ocrx_word' id='word_1_39' title='bbox 554 701 673 782; x_wconf 89' lang='lat' dir='ltr'><strong>quidem</strong></span> <span class='ocrx_word' id='word_1_40' title='bbox 683 710 714 761; x_wconf 84' lang='lat' dir='ltr'><strong>et</strong></span> <span class='ocrx_word' id='word_1_41' title='bbox 727 700 866 773; x_wconf 68' lang='lat' dir='ltr'><strong>evanue,</strong></span> <span class='ocrx_word' id='word_1_42' title='bbox 878 719 938 779; x_wconf 87' lang='lat' dir='ltr'><strong>qua</strong></span> <span class='ocrx_word' id='word_1_43' title='bbox 947 719 1018 780; x_wconf 82' lang='lat' dir='ltr'><strong>erga</strong></span> <span class='ocrx_word' id='word_1_44' title='bbox 1026 699 1177 760; x_wconf 83' lang='lat' dir='ltr'><strong>universos</strong></span> <span class='ocrx_word' id='word_1_45' title='bbox 1187 697 1322 758; x_wconf 79' lang='lat' dir='ltr'><strong>mortales</strong></span> 
     </span>
     <span class='ocr_line' id='line_1_6' title="bbox 221 787 1324 875; baseline 0 -25"><span class='ocrx_word' id='word_1_46' title='bbox 221 787 377 875; x_wconf 83' lang='lat' dir='ltr'>Philippus</span> <span class='ocrx_word' id='word_1_47' title='bbox 388 793 487 868; x_wconf 88' lang='lat' dir='ltr'><strong>utitur,</strong></span> <span class='ocrx_word' id='word_1_48' title='bbox 502 787 585 855; x_wconf 85' lang='lat' dir='ltr'><strong>tanta</strong></span> <span class='ocrx_word' id='word_1_49' title='bbox 597 793 769 874; x_wconf 80' lang='lat' dir='ltr'><strong>magnitudo</strong></span> <span class='ocrx_word' id='word_1_50' title='bbox 783 804 839 866; x_wconf 90' lang='lat' dir='ltr'><strong>est,</strong></span> <span class='ocrx_word' id='word_1_51' title='bbox 848 802 989 873; x_wconf 88' lang='lat' dir='ltr'><strong>quantam</strong></span> <span class='ocrx_word' id='word_1_52' title='bbox 1001 789 1119 852; x_wconf 83' lang='lat' dir='ltr'><strong>auditis.</strong></span> <span class='ocrx_word' id='word_1_53' title='bbox 1142 788 1217 850; x_wconf 86' lang='lat' dir='ltr'><strong>Eum</strong></span> <span class='ocrx_word' id='word_1_54' title='bbox 1230 801 1324 851; x_wconf 88' lang='lat' dir='ltr'><strong>autern</strong></span> 
     </span>
     <span class='ocr_line' id='line_1_7' title="bbox 224 883 1325 967; baseline -0.005 -21"><span class='ocrx_word' id='word_1_55' title='bbox 224 904 285 946; x_wconf 84' lang='lat' dir='ltr'><strong>non</strong></span> <span class='ocrx_word' id='word_1_56' title='bbox 294 893 383 967; x_wconf 88' lang='lat' dir='ltr'><strong>posse</strong></span> <span class='ocrx_word' id='word_1_57' title='bbox 390 887 519 948; x_wconf 88' lang='lat' dir='ltr'><strong>coerceri</strong></span> <span class='ocrx_word' id='word_1_58' title='bbox 532 889 630 948; x_wconf 88' lang='lat' dir='ltr'><strong>verbis</strong></span> <span class='ocrx_word' id='word_1_59' title='bbox 637 896 667 948; x_wconf 93' lang='lat' dir='ltr'><strong>et</strong></span> <span class='ocrx_word' id='word_1_60' title='bbox 677 885 879 960; x_wconf 86' lang='lat' dir='ltr'>concionibus,</span> <span class='ocrx_word' id='word_1_61' title='bbox 887 905 974 946; x_wconf 88' lang='lat' dir='ltr'><strong>nemo</strong></span> <span class='ocrx_word' id='word_1_62' title='bbox 985 895 1065 946; x_wconf 91' lang='lat' dir='ltr'><strong>certe</strong></span> <span class='ocrx_word' id='word_1_63' title='bbox 1073 885 1205 965; x_wconf 78' lang='lat' dir='ltr'><strong>ignorat3</strong></span> <span class='ocrx_word' id='word_1_64' title='bbox 1221 883 1325 944; x_wconf 86' lang='lat' dir='ltr'><strong>etenim</strong></span> 
     </span>
     <span class='ocr_line' id='line_1_8' title="bbox 225 973 1323 1060; baseline -0.002 -22"><span class='ocrx_word' id='word_1_65' title='bbox 225 977 251 1038; x_wconf 90' lang='lat' dir='ltr'><strong>si</strong></span> <span class='ocrx_word' id='word_1_66' title='bbox 261 997 279 1040; x_wconf 89' lang='lat' dir='ltr'><strong>e</strong></span> <span class='ocrx_word' id='word_1_67' title='bbox 289 978 372 1040; x_wconf 88' lang='lat' dir='ltr'><strong>nulla</strong></span> <span class='ocrx_word' id='word_1_68' title='bbox 384 1000 415 1040; x_wconf 86' lang='lat' dir='ltr'><strong>re</strong></span> <span class='ocrx_word' id='word_1_69' title='bbox 430 980 488 1042; x_wconf 84' lang='lat' dir='ltr'><strong>alia</strong></span> <span class='ocrx_word' id='word_1_70' title='bbox 500 973 659 1041; x_wconf 79' lang='lat' dir='ltr'><strong>id&#39;discere</strong></span> <span class='ocrx_word' id='word_1_71' title='bbox 673 980 766 1060; x_wconf 77' lang='lat' dir='ltr'><strong>possit</strong></span> <span class='ocrx_word' id='word_1_72' title='bbox 785 980 900 1059; x_wconf 91' lang='lat' dir='ltr'><strong>aliquis,</strong></span> <span class='ocrx_word' id='word_1_73' title='bbox 910 979 967 1040; x_wconf 90' lang='lat' dir='ltr'><strong>hoc</strong></span> <span class='ocrx_word' id='word_1_74' title='bbox 981 975 1139 1040; x_wconf 82' lang='lat' dir='ltr'><strong>madorem</strong></span> <span class='ocrx_word' id='word_1_75' title='bbox 1154 975 1323 1058; x_wconf 82' lang='lat' dir='ltr'><strong>perpendat.</strong></span> 
     </span>
     <span class='ocr_line' id='line_1_9' title="bbox 224 1068 1325 1154; baseline 0 -24"><span class='ocrx_word' id='word_1_76' title='bbox 224 1068 289 1136; x_wconf 85' lang='lat' dir='ltr'><strong>Nos</strong></span> <span class='ocrx_word' id='word_1_77' title='bbox 303 1071 387 1133; x_wconf 88' lang='lat' dir='ltr'><strong>nullo</strong></span> <span class='ocrx_word' id='word_1_78' title='bbox 401 1092 531 1154; x_wconf 81' lang='lat' dir='ltr'><strong>unquam</strong></span> <span class='ocrx_word' id='word_1_79' title='bbox 549 1073 628 1144; x_wconf 87' lang='lat' dir='ltr'><strong>loco,</strong></span> <span class='ocrx_word' id='word_1_80' title='bbox 641 1092 709 1133; x_wconf 85' lang='lat' dir='ltr'><strong>curn</strong></span> <span class='ocrx_word' id='word_1_81' title='bbox 726 1072 764 1134; x_wconf 88' lang='lat' dir='ltr'><strong>de</strong></span> <span class='ocrx_word' id='word_1_82' title='bbox 778 1073 846 1153; x_wconf 88' lang='lat' dir='ltr'><strong>jure</strong></span> <span class='ocrx_word' id='word_1_83' title='bbox 866 1072 1076 1152; x_wconf 86' lang='lat' dir='ltr'><strong>disputandum</strong></span> <span class='ocrx_word' id='word_1_84' title='bbox 1093 1069 1160 1142; x_wconf 84' lang='lat' dir='ltr'><strong>suit,</strong></span> <span class='ocrx_word' id='word_1_85' title='bbox 1175 1071 1256 1140; x_wconf 88' lang='lat' dir='ltr'><strong>victi,</strong></span> <span class='ocrx_word' id='word_1_86' title='bbox 1272 1090 1325 1142; x_wconf 74' lang='lat' dir='ltr'><strong>nec</strong></span> 
     </span>
     <span class='ocr_line' id='line_1_10' title="bbox 224 1162 1326 1245; baseline 0 -21"><span class='ocrx_word' id='word_1_87' title='bbox 224 1162 360 1244; x_wconf 87' lang='lat' dir='ltr'><strong>injuriam</strong></span> <span class='ocrx_word' id='word_1_88' title='bbox 374 1166 481 1228; x_wconf 79' lang='lat' dir='ltr'><strong>iecisse</strong></span> <span class='ocrx_word' id='word_1_89' title='bbox 494 1165 547 1232; x_wconf 85' lang='lat' dir='ltr'><strong>visi</strong></span> <span class='ocrx_word' id='word_1_90' title='bbox 561 1183 674 1236; x_wconf 69' lang='lat' dir='ltr'><strong>murus.</strong></span> <span class='ocrx_word' id='word_1_91' title='bbox 688 1165 743 1228; x_wconf 89' lang='lat' dir='ltr'><strong>sed</strong></span> <span class='ocrx_word' id='word_1_92' title='bbox 757 1183 861 1231; x_wconf 85' lang='lat' dir='ltr'><strong>omnes</strong></span> <span class='ocrx_word' id='word_1_93' title='bbox 874 1166 984 1245; x_wconf 86' lang='lat' dir='ltr'><strong>ubique</strong></span> <span class='ocrx_word' id='word_1_94' title='bbox 997 1181 1179 1244; x_wconf 84' lang='lat' dir='ltr'><strong>superamus,</strong></span> <span class='ocrx_word' id='word_1_95' title='bbox 1193 1172 1225 1224; x_wconf 90' lang='lat' dir='ltr'><strong>et</strong></span> <span class='ocrx_word' id='word_1_96' title='bbox 1237 1163 1326 1230; x_wconf 85' lang='lat' dir='ltr'><strong>vinoi-</strong></span> 
     </span>
     <span class='ocr_line' id='line_1_11' title="bbox 222 1257 1351 1340; baseline -0.001 -23"><span class='ocrx_word' id='word_1_97' title='bbox 222 1257 454 1320; x_wconf 79' lang='lat' dir='ltr'><strong>muneratione:</strong></span> <span class='ocrx_word' id='word_1_98' title='bbox 476 1259 611 1339; x_wconf 86' lang='lat' dir='ltr'><strong>nunquid</strong></span> <span class='ocrx_word' id='word_1_99' title='bbox 628 1259 718 1338; x_wconf 80' lang='lat' dir='ltr'><strong>igitur</strong></span> <span class='ocrx_word' id='word_1_100' title='bbox 736 1259 953 1340; x_wconf 77' lang='lat' dir='ltr'><strong>propterea-illi</strong></span> <span class='ocrx_word' id='word_1_101' title='bbox 965 1279 1012 1318; x_wconf 79' lang='lat' dir='ltr'><strong>res</strong></span> <span class='ocrx_word' id='word_1_102' title='bbox 1025 1258 1158 1318; x_wconf 83' lang='lat' dir='ltr'><strong>adversae</strong></span> <span class='ocrx_word' id='word_1_103' title='bbox 1177 1268 1258 1330; x_wconf 82' lang='lat' dir='ltr'><strong>snut,</strong></span> <span class='ocrx_word' id='word_1_104' title='bbox 1278 1267 1327 1317; x_wconf 85' lang='lat' dir='ltr'><strong>aut</strong></span> <span class='ocrx_word' id='word_1_105' title='bbox 1350 1331 1351 1336; x_wconf 8' lang='grc' dir='ltr'>η</span> 
     </span>
     <span class='ocr_line' id='line_1_12' title="bbox 223 1350 1327 1432; baseline 0 -23"><span class='ocrx_word' id='word_1_106' title='bbox 223 1351 394 1432; x_wconf 75' lang='lat' dir='ltr'><strong>reipublicae</strong></span> <span class='ocrx_word' id='word_1_107' title='bbox 406 1352 576 1432; x_wconf 69' lang='lat' dir='ltr'><strong>prosperae?</strong></span> <span class='ocrx_word' id='word_1_108' title='bbox 597 1352 729 1412; x_wconf 89' lang='lat' dir='ltr'><strong>Multum</strong></span> <span class='ocrx_word' id='word_1_109' title='bbox 743 1363 822 1413; x_wconf 87' lang='lat' dir='ltr'><strong>certe</strong></span> <span class='ocrx_word' id='word_1_110' title='bbox 836 1355 936 1414; x_wconf 82' lang='lat' dir='ltr'><strong>obest:</strong></span> <span class='ocrx_word' id='word_1_111' title='bbox 959 1367 1025 1412; x_wconf 89' lang='lat' dir='ltr'><strong>curn</strong></span> <span class='ocrx_word' id='word_1_112' title='bbox 1042 1352 1121 1411; x_wconf 83' lang='lat' dir='ltr'><strong>enim</strong></span> <span class='ocrx_word' id='word_1_113' title='bbox 1140 1350 1190 1410; x_wconf 91' lang='lat' dir='ltr'><strong>ille</strong></span> <span class='ocrx_word' id='word_1_114' title='bbox 1208 1351 1327 1430; x_wconf 86' lang='lat' dir='ltr'><strong>sumptis</strong></span> 
     </span>
     <span class='ocr_line' id='line_1_13' title="bbox 223 1443 1327 1528; baseline 0 -22"><span class='ocrx_word' id='word_1_115' title='bbox 223 1455 294 1526; x_wconf 90' lang='lat' dir='ltr'><strong>post</strong></span> <span class='ocrx_word' id='word_1_116' title='bbox 307 1448 395 1507; x_wconf 80' lang='lat' dir='ltr'><strong>armis</strong></span> <span class='ocrx_word' id='word_1_117' title='bbox 415 1447 610 1528; x_wconf 80' lang='lat' dir='ltr'><strong>progreditur,</strong></span> <span class='ocrx_word' id='word_1_118' title='bbox 630 1467 732 1508; x_wconf 87' lang='lat' dir='ltr'><strong>omnes</strong></span> <span class='ocrx_word' id='word_1_119' title='bbox 745 1449 879 1508; x_wconf 72' lang='lat' dir='ltr'><strong>fortunae</strong></span> <span class='ocrx_word' id='word_1_120' title='bbox 900 1448 1034 1520; x_wconf 83' lang='lat' dir='ltr'><strong>alacriter</strong></span> <span class='ocrx_word' id='word_1_121' title='bbox 1054 1447 1083 1506; x_wconf 89' lang='lat' dir='ltr'><strong>in</strong></span> <span class='ocrx_word' id='word_1_122' title='bbox 1104 1443 1263 1505; x_wconf 71' lang='lat' dir='ltr'><strong>discrimen</strong></span> <span class='ocrx_word' id='word_1_123' title='bbox 1278 1446 1327 1506; x_wconf 90' lang='lat' dir='ltr'><strong>ad-</strong></span> 
     </span>
     <span class='ocr_line' id='line_1_14' title="bbox 224 1534 1328 1622; baseline -0.002 -22"><span class='ocrx_word' id='word_1_124' title='bbox 224 1538 358 1602; x_wconf 85' lang='lat' dir='ltr'><strong>ducens:</strong></span> <span class='ocrx_word' id='word_1_125' title='bbox 379 1557 434 1600; x_wconf 90' lang='lat' dir='ltr'><strong>nos</strong></span> <span class='ocrx_word' id='word_1_126' title='bbox 447 1557 518 1601; x_wconf 86' lang='lat' dir='ltr'><strong>vero</strong></span> <span class='ocrx_word' id='word_1_127' title='bbox 532 1539 678 1613; x_wconf 85' lang='lat' dir='ltr'><strong>sedemus,</strong></span> <span class='ocrx_word' id='word_1_128' title='bbox 694 1549 851 1622; x_wconf 85' lang='lat' dir='ltr'><strong>postquam</strong></span> <span class='ocrx_word' id='word_1_129' title='bbox 864 1539 913 1602; x_wconf 85' lang='lat' dir='ltr'><strong>alii</strong></span> <span class='ocrx_word' id='word_1_130' title='bbox 925 1556 1020 1620; x_wconf 75' lang='lat' dir='ltr'><strong>nequa</strong></span> <span class='ocrx_word' id='word_1_131' title='bbox 1033 1534 1170 1612; x_wconf 83' lang='lat' dir='ltr'><strong>diximus,</strong></span> <span class='ocrx_word' id='word_1_132' title='bbox 1184 1535 1234 1598; x_wconf 87' lang='lat' dir='ltr'><strong>alii</strong></span> <span class='ocrx_word' id='word_1_133' title='bbox 1247 1535 1328 1598; x_wconf 88' lang='lat' dir='ltr'><strong>audi·</strong></span> 
     </span>
     <span class='ocr_line' id='line_1_15' title="bbox 223 1627 1327 1714; baseline -0.001 -23"><span class='ocrx_word' id='word_1_134' title='bbox 223 1627 331 1706; x_wconf 83' lang='lat' dir='ltr'><strong>vimus,</strong></span> <span class='ocrx_word' id='word_1_135' title='bbox 344 1633 388 1708; x_wconf 81' lang='lat' dir='ltr'><strong>fis,</strong></span> <span class='ocrx_word' id='word_1_136' title='bbox 408 1633 451 1693; x_wconf 89' lang='lat' dir='ltr'><strong>uti</strong></span> <span class='ocrx_word' id='word_1_137' title='bbox 469 1654 522 1714; x_wconf 88' lang='lat' dir='ltr'><strong>par</strong></span> <span class='ocrx_word' id='word_1_138' title='bbox 541 1644 588 1693; x_wconf 90' lang='lat' dir='ltr'><strong>est</strong></span> <span class='ocrx_word' id='word_1_139' title='bbox 606 1643 689 1713; x_wconf 91' lang='lat' dir='ltr'><strong>puto,</strong></span> <span class='ocrx_word' id='word_1_140' title='bbox 707 1641 741 1694; x_wconf 87' lang='lat' dir='ltr'><strong>ut</strong></span> <span class='ocrx_word' id='word_1_141' title='bbox 753 1633 839 1693; x_wconf 86' lang='lat' dir='ltr'><strong>factis</strong></span> <span class='ocrx_word' id='word_1_142' title='bbox 857 1633 948 1693; x_wconf 86' lang='lat' dir='ltr'><strong>verba</strong></span> <span class='ocrx_word' id='word_1_143' title='bbox 965 1641 1156 1712; x_wconf 89' lang='lat' dir='ltr'><strong>superentur;</strong></span> <span class='ocrx_word' id='word_1_144' title='bbox 1179 1639 1210 1690; x_wconf 89' lang='lat' dir='ltr'><strong>et</strong></span> <span class='ocrx_word' id='word_1_145' title='bbox 1229 1631 1327 1692; x_wconf 80' lang='lat' dir='ltr'><strong>omnes</strong></span> 
     </span>
     <span class='ocr_line' id='line_1_16' title="bbox 224 1724 1329 1806; baseline 0.002 -24"><span class='ocrx_word' id='word_1_146' title='bbox 224 1733 369 1805; x_wconf 82' lang='lat' dir='ltr'><strong>spectent,</strong></span> <span class='ocrx_word' id='word_1_147' title='bbox 380 1746 440 1785; x_wconf 90' lang='lat' dir='ltr'><strong>non</strong></span> <span class='ocrx_word' id='word_1_148' title='bbox 451 1745 510 1806; x_wconf 91' lang='lat' dir='ltr'><strong>qua</strong></span> <span class='ocrx_word' id='word_1_149' title='bbox 520 1745 573 1786; x_wconf 88' lang='lat' dir='ltr'><strong>nos</strong></span> <span class='ocrx_word' id='word_1_150' title='bbox 584 1724 777 1805; x_wconf 86' lang='lat' dir='ltr'><strong>aequitatevel</strong></span> <span class='ocrx_word' id='word_1_151' title='bbox 786 1725 855 1786; x_wconf 81' lang='lat' dir='ltr'><strong>olirn</strong></span> <span class='ocrx_word' id='word_1_152' title='bbox 866 1725 1033 1798; x_wconf 83' lang='lat' dir='ltr'><strong>dixerimus,</strong></span> <span class='ocrx_word' id='word_1_153' title='bbox 1044 1725 1090 1786; x_wconf 89' lang='lat' dir='ltr'><strong>vel</strong></span> <span class='ocrx_word' id='word_1_154' title='bbox 1100 1725 1329 1796; x_wconf 89' lang='lat' dir='ltr'><strong>nuncdicamus,</strong></span> 
     </span>
     <span class='ocr_line' id='line_1_17' title="bbox 225 1817 1330 1900; baseline 0.002 -24"><span class='ocrx_word' id='word_1_155' title='bbox 225 1817 279 1878; x_wconf 90' lang='lat' dir='ltr'><strong>sed</strong></span> <span class='ocrx_word' id='word_1_156' title='bbox 293 1817 366 1900; x_wconf 87' lang='lat' dir='ltr'><strong>quid</strong></span> <span class='ocrx_word' id='word_1_157' title='bbox 379 1818 532 1879; x_wconf 86' lang='lat' dir='ltr'><strong>faciamus.</strong></span> <span class='ocrx_word' id='word_1_158' title='bbox 563 1818 655 1898; x_wconf 86' lang='lat' dir='ltr'><strong>Atqui</strong></span> <span class='ocrx_word' id='word_1_159' title='bbox 669 1818 814 1899; x_wconf 91' lang='lat' dir='ltr'><strong>ejusmodi</strong></span> <span class='ocrx_word' id='word_1_160' title='bbox 828 1829 957 1890; x_wconf 82' lang='lat' dir='ltr'><strong>essunt,</strong></span> <span class='ocrx_word' id='word_1_161' title='bbox 971 1839 1038 1898; x_wconf 81' lang='lat' dir='ltr'><strong>quae</strong></span> <span class='ocrx_word' id='word_1_162' title='bbox 1048 1818 1191 1878; x_wconf 85' lang='lat' dir='ltr'><strong>neminem</strong></span> <span class='ocrx_word' id='word_1_163' title='bbox 1207 1827 1330 1896; x_wconf 80' lang='lat' dir='ltr'><strong>possunt</strong></span> 
     </span>
     <span class='ocr_line' id='line_1_18' title="bbox 225 1908 1200 1992; baseline 0 -22"><span class='ocrx_word' id='word_1_164' title='bbox 225 1911 263 1970; x_wconf 90' lang='lat' dir='ltr'><strong>ab</strong></span> <span class='ocrx_word' id='word_1_165' title='bbox 275 1909 381 1990; x_wconf 82' lang='lat' dir='ltr'><strong>injuria</strong></span> <span class='ocrx_word' id='word_1_166' title='bbox 393 1908 557 1980; x_wconf 70' lang='lat' dir='ltr'><strong>medicarer</strong></span> <span class='ocrx_word' id='word_1_167' title='bbox 580 1912 766 1990; x_wconf 89' lang='lat' dir='ltr'><strong>nequeenim</strong></span> <span class='ocrx_word' id='word_1_168' title='bbox 780 1912 866 1991; x_wconf 87' lang='lat' dir='ltr'><strong>plura</strong></span> <span class='ocrx_word' id='word_1_169' title='bbox 879 1912 917 1972; x_wconf 90' lang='lat' dir='ltr'><strong>de</strong></span> <span class='ocrx_word' id='word_1_170' title='bbox 930 1911 966 1972; x_wconf 87' lang='lat' dir='ltr'><strong>iis</strong></span> <span class='ocrx_word' id='word_1_171' title='bbox 981 1910 1040 1980; x_wconf 85' lang='lat' dir='ltr'><strong>dici</strong></span> <span class='ocrx_word' id='word_1_172' title='bbox 1054 1929 1128 1992; x_wconf 81' lang='lat' dir='ltr'><strong>opus</strong></span> <span class='ocrx_word' id='word_1_173' title='bbox 1142 1919 1200 1973; x_wconf 85' lang='lat' dir='ltr'><strong>est.</strong></span> 
     </span>
    </p>

    <p class='ocr_par' dir='ltr' id='par_1_5' title="bbox 225 2001 1349 2177">
     <span class='ocr_line' id='line_1_19' title="bbox 266 2001 1327 2082; baseline 0 -20"><span class='ocrx_word' id='word_1_174' title='bbox 266 2005 295 2064; x_wconf 88' lang='lat'><strong>3.</strong></span> <span class='ocrx_word' id='word_1_175' title='bbox 317 2001 447 2066; x_wconf 80' lang='lat' dir='ltr'><strong>Proinde</strong></span> <span class='ocrx_word' id='word_1_176' title='bbox 460 2023 526 2064; x_wconf 88' lang='lat' dir='ltr'><strong>curn</strong></span> <span class='ocrx_word' id='word_1_177' title='bbox 539 2003 570 2064; x_wconf 89' lang='lat' dir='ltr'><strong>in</strong></span> <span class='ocrx_word' id='word_1_178' title='bbox 583 2003 701 2063; x_wconf 72' lang='lat' dir='ltr'><strong>Graeciae</strong></span> <span class='ocrx_word' id='word_1_179' title='bbox 714 2003 878 2066; x_wconf 81' lang='lat' dir='ltr'><strong>civitatibus</strong></span> <span class='ocrx_word' id='word_1_180' title='bbox 891 2006 924 2067; x_wconf 86' lang='lat' dir='ltr'><strong>in</strong></span> <span class='ocrx_word' id='word_1_181' title='bbox 935 2004 1011 2064; x_wconf 84' lang='lat' dir='ltr'><strong>duas</strong></span> <span class='ocrx_word' id='word_1_182' title='bbox 1024 2004 1115 2063; x_wconf 80' lang='lat' dir='ltr'><strong>hasce</strong></span> <span class='ocrx_word' id='word_1_183' title='bbox 1128 2012 1230 2082; x_wconf 86' lang='lat' dir='ltr'><strong>partes</strong></span> <span class='ocrx_word' id='word_1_184' title='bbox 1245 2002 1327 2063; x_wconf 74' lang='lat' dir='ltr'><strong>divisi</strong></span> 
     </span>
     <span class='ocr_line' id='line_1_20' title="bbox 225 2096 1349 2177; baseline -0.001 -20"><span class='ocrx_word' id='word_1_185' title='bbox 225 2106 297 2157; x_wconf 87' lang='lat' dir='ltr'><strong>sunt</strong></span> <span class='ocrx_word' id='word_1_186' title='bbox 309 2096 399 2168; x_wconf 85' lang='lat' dir='ltr'><strong>cives,</strong></span> <span class='ocrx_word' id='word_1_187' title='bbox 413 2096 473 2170; x_wconf 85' lang='lat' dir='ltr'><strong>alii,</strong></span> <span class='ocrx_word' id='word_1_188' title='bbox 482 2107 516 2156; x_wconf 93' lang='lat' dir='ltr'><strong>ut</strong></span> <span class='ocrx_word' id='word_1_189' title='bbox 529 2115 625 2176; x_wconf 90' lang='lat' dir='ltr'><strong>neque</strong></span> <span class='ocrx_word' id='word_1_190' title='bbox 638 2097 710 2157; x_wconf 79' lang='lat' dir='ltr'><strong>siin</strong></span> <span class='ocrx_word' id='word_1_191' title='bbox 725 2115 901 2177; x_wconf 87' lang='lat' dir='ltr'><strong>quemqnam</strong></span> <span class='ocrx_word' id='word_1_192' title='bbox 914 2096 1066 2177; x_wconf 85' lang='lat' dir='ltr'><strong>imperium</strong></span> <span class='ocrx_word' id='word_1_193' title='bbox 1080 2111 1219 2156; x_wconf 77' lang='lat' dir='ltr'><strong>exercere</strong></span> <span class='ocrx_word' id='word_1_194' title='bbox 1229 2097 1328 2170; x_wconf 76' lang='lat' dir='ltr'><strong>velint,</strong></span> <span class='ocrx_word' id='word_1_195' title='bbox 1346 2103 1349 2112; x_wconf 82' lang='lat'><strong><em>‘</em></strong></span> 
     </span>
    </p>
   </div>
   <div class='ocr_carea' id='block_1_5' title="bbox 223 2183 1428 2364">
    <p class='ocr_par' dir='ltr' id='par_1_6' title="bbox 223 2183 1428 2364">
     <span class='ocr_line' id='line_1_21' title="bbox 224 2183 1389 2270; baseline -0.002 -21"><span class='ocrx_word' id='word_1_196' title='bbox 224 2208 323 2269; x_wconf 89' lang='lat' dir='ltr'><strong>neque</strong></span> <span class='ocrx_word' id='word_1_197' title='bbox 337 2189 445 2250; x_wconf 86' lang='lat' dir='ltr'><strong>servire</strong></span> <span class='ocrx_word' id='word_1_198' title='bbox 456 2189 604 2270; x_wconf 87' lang='lat' dir='ltr'><strong>cuiquam,</strong></span> <span class='ocrx_word' id='word_1_199' title='bbox 618 2187 673 2248; x_wconf 90' lang='lat' dir='ltr'><strong>sed</strong></span> <span class='ocrx_word' id='word_1_200' title='bbox 693 2189 724 2248; x_wconf 91' lang='lat' dir='ltr'><strong>in</strong></span> <span class='ocrx_word' id='word_1_201' title='bbox 737 2189 871 2249; x_wconf 82' lang='lat' dir='ltr'><strong>libertate</strong></span> <span class='ocrx_word' id='word_1_202' title='bbox 890 2197 920 2249; x_wconf 90' lang='lat' dir='ltr'><strong>et</strong></span> <span class='ocrx_word' id='word_1_203' title='bbox 932 2187 1047 2268; x_wconf 80' lang='lat' dir='ltr'><strong>leglbus</strong></span> <span class='ocrx_word' id='word_1_204' title='bbox 1058 2202 1095 2248; x_wconf 79' lang='lat' dir='ltr'><strong>es</strong></span> <span class='ocrx_word' id='word_1_205' title='bbox 1112 2204 1200 2266; x_wconf 87' lang='lat' dir='ltr'><strong>aequo</strong></span> <span class='ocrx_word' id='word_1_206' title='bbox 1213 2205 1328 2268; x_wconf 88' lang='lat' dir='ltr'><strong>rernpu·</strong></span> <span class='ocrx_word' id='word_1_207' title='bbox 1386 2183 1389 2188; x_wconf 79' lang='grc'><strong>’</strong></span> 
     </span>
     <span class='ocr_line' id='line_1_22' title="bbox 223 2279 1428 2364; baseline -0.002 -20"><span class='ocrx_word' id='word_1_208' title='bbox 223 2283 333 2344; x_wconf 87' lang='lat' dir='ltr'><strong>blicam</strong></span> <span class='ocrx_word' id='word_1_209' title='bbox 348 2304 464 2364; x_wconf 85' lang='lat' dir='ltr'><strong>gerere;</strong></span> <span class='ocrx_word' id='word_1_210' title='bbox 486 2284 544 2359; x_wconf 88' lang='lat' dir='ltr'><strong>alii,</strong></span> <span class='ocrx_word' id='word_1_211' title='bbox 553 2293 589 2343; x_wconf 90' lang='lat' dir='ltr'><strong>ut</strong></span> <span class='ocrx_word' id='word_1_212' title='bbox 598 2282 708 2343; x_wconf 86' lang='lat' dir='ltr'><strong>civibus</strong></span> <span class='ocrx_word' id='word_1_213' title='bbox 720 2283 860 2363; x_wconf 88' lang='lat' dir='ltr'><strong>imperare</strong></span> <span class='ocrx_word' id='word_1_214' title='bbox 874 2283 1005 2364; x_wconf 87' lang='lat' dir='ltr'><strong>cupiant,</strong></span> <span class='ocrx_word' id='word_1_215' title='bbox 1018 2279 1141 2344; x_wconf 89' lang='lat' dir='ltr'><strong>etalteri</strong></span> <span class='ocrx_word' id='word_1_216' title='bbox 1153 2299 1270 2362; x_wconf 84' lang='lat' dir='ltr'><strong>parere,</strong></span> <span class='ocrx_word' id='word_1_217' title='bbox 1280 2302 1329 2364; x_wconf 89' lang='lat' dir='ltr'><strong>per</strong></span> <span class='ocrx_word' id='word_1_218' title='bbox 1427 2281 1428 2326; x_wconf 71' lang='grc' dir='ltr'>ἒ</span> 
     </span>
    </p>
   </div>
   <div class='ocr_carea' id='block_1_6' title="bbox 224 2374 1328 2458">
    <p class='ocr_par' dir='ltr' id='par_1_7' title="bbox 224 2374 1328 2458">
     <span class='ocr_line' id='line_1_23' title="bbox 224 2374 1328 2458; baseline 0 -22"><span class='ocrx_word' id='word_1_219' title='bbox 224 2395 441 2458; x_wconf 88' lang='lat' dir='ltr'><strong>quemcumque</strong></span> <span class='ocrx_word' id='word_1_220' title='bbox 461 2377 493 2437; x_wconf 93' lang='lat' dir='ltr'><strong>id</strong></span> <span class='ocrx_word' id='word_1_221' title='bbox 506 2396 539 2436; x_wconf 90' lang='lat' dir='ltr'><strong>se</strong></span> <span class='ocrx_word' id='word_1_222' title='bbox 557 2383 768 2436; x_wconf 89' lang='lat' dir='ltr'><strong>consecuturos</strong></span> <span class='ocrx_word' id='word_1_223' title='bbox 787 2376 915 2454; x_wconf 86' lang='lat' dir='ltr'><strong>putarint</strong></span> <span class='ocrx_word' id='word_1_224' title='bbox 924 2379 941 2434; x_wconf 72' lang='grc' dir='ltr'><strong>ξ’</strong></span> <span class='ocrx_word' id='word_1_225' title='bbox 953 2376 973 2434; x_wconf 92' lang='lat' dir='ltr'><strong>ii</strong></span> <span class='ocrx_word' id='word_1_226' title='bbox 988 2374 1038 2455; x_wconf 89' lang='lat' dir='ltr'><strong>qui</strong></span> <span class='ocrx_word' id='word_1_227' title='bbox 1057 2374 1134 2433; x_wconf 92' lang='lat' dir='ltr'><strong>illius</strong></span> <span class='ocrx_word' id='word_1_228' title='bbox 1151 2385 1267 2436; x_wconf 91' lang='lat' dir='ltr'><strong>sectam</strong></span> <span class='ocrx_word' id='word_1_229' title='bbox 1284 2395 1328 2436; x_wconf 90' lang='lat' dir='ltr'><strong>se·</strong></span> 
     </span>
    </p>
   </div>
   <div class='ocr_carea' id='block_1_7' title="bbox 224 2466 1428 2550">
    <p class='ocr_par' dir='ltr' id='par_1_8' title="bbox 224 2466 1428 2550">
     <span class='ocr_line' id='line_1_24' title="bbox 224 2466 1428 2550; baseline 0 -22"><span class='ocrx_word' id='word_1_230' title='bbox 224 2479 367 2548; x_wconf 89' lang='lat' dir='ltr'><strong>quuntur,</strong></span> <span class='ocrx_word' id='word_1_231' title='bbox 381 2469 488 2549; x_wconf 91' lang='lat' dir='ltr'><strong>quique</strong></span> <span class='ocrx_word' id='word_1_232' title='bbox 501 2467 670 2550; x_wconf 85' lang='lat' dir='ltr'><strong>tyrannides</strong></span> <span class='ocrx_word' id='word_1_233' title='bbox 685 2477 716 2527; x_wconf 90' lang='lat' dir='ltr'><strong>et</strong></span> <span class='ocrx_word' id='word_1_234' title='bbox 728 2467 907 2548; x_wconf 80' lang='lat' dir='ltr'><strong>prinpratus</strong></span> <span class='ocrx_word' id='word_1_235' title='bbox 918 2467 1140 2547; x_wconf 88' lang='lat' dir='ltr'><strong>concupiscunt,</strong></span> <span class='ocrx_word' id='word_1_236' title='bbox 1153 2466 1266 2546; x_wconf 90' lang='lat' dir='ltr'><strong>ubique</strong></span> <span class='ocrx_word' id='word_1_237' title='bbox 1279 2468 1328 2528; x_wconf 94' lang='lat' dir='ltr'><strong>do·</strong></span> <span class='ocrx_word' id='word_1_238' title='bbox 1427 2515 1428 2520; x_wconf 14' lang='grc' dir='ltr'><strong>κ</strong></span> 
     </span>
    </p>
   </div>
   <div class='ocr_carea' id='block_1_8' title="bbox 224 2560 1327 2642">
    <p class='ocr_par' dir='ltr' id='par_1_9' title="bbox 224 2560 1327 2642">
     <span class='ocr_line' id='line_1_25' title="bbox 224 2560 1327 2642; baseline -0.001 -20"><span class='ocrx_word' id='word_1_239' title='bbox 224 2563 373 2625; x_wconf 88' lang='lat' dir='ltr'><strong>minantur</strong></span> <span class='ocrx_word' id='word_1_240' title='bbox 382 2582 391 2630; x_wconf 90' lang='lat'>;</span> <span class='ocrx_word' id='word_1_241' title='bbox 414 2570 446 2622; x_wconf 87' lang='lat' dir='ltr'><strong>et</strong></span> <span class='ocrx_word' id='word_1_242' title='bbox 455 2563 525 2622; x_wconf 91' lang='lat' dir='ltr'><strong>urbs</strong></span> <span class='ocrx_word' id='word_1_243' title='bbox 539 2561 570 2621; x_wconf 94' lang='lat' dir='ltr'><strong>in</strong></span> <span class='ocrx_word' id='word_1_244' title='bbox 588 2581 649 2642; x_wconf 88' lang='lat' dir='ltr'><strong>qua</strong></span> <span class='ocrx_word' id='word_1_245' title='bbox 667 2571 838 2622; x_wconf 84' lang='lat' dir='ltr'><strong>constanter</strong></span> <span class='ocrx_word' id='word_1_246' title='bbox 855 2561 968 2622; x_wconf 87' lang='lat' dir='ltr'><strong>colatur</strong></span> <span class='ocrx_word' id='word_1_247' title='bbox 984 2560 1104 2621; x_wconf 85' lang='lat' dir='ltr'><strong>libertos</strong></span> <span class='ocrx_word' id='word_1_248' title='bbox 1122 2561 1238 2638; x_wconf 88' lang='lat' dir='ltr'><strong>populi,</strong></span> <span class='ocrx_word' id='word_1_249' title='bbox 1251 2562 1327 2623; x_wconf 89' lang='lat' dir='ltr'><strong>haud</strong></span> 
     </span>
    </p>
   </div>
   <div class='ocr_carea' id='block_1_9' title="bbox 225 2654 1428 2736">
    <p class='ocr_par' dir='ltr' id='par_1_10' title="bbox 225 2654 1428 2736">
     <span class='ocr_line' id='line_1_26' title="bbox 225 2654 1428 2736; baseline -0.002 -20"><span class='ocrx_word' id='word_1_250' title='bbox 225 2656 287 2716; x_wconf 91' lang='lat' dir='ltr'><strong>scio</strong></span> <span class='ocrx_word' id='word_1_251' title='bbox 301 2675 341 2715; x_wconf 88' lang='lat' dir='ltr'><strong>en</strong></span> <span class='ocrx_word' id='word_1_252' title='bbox 354 2655 416 2715; x_wconf 92' lang='lat' dir='ltr'><strong>ulla</strong></span> <span class='ocrx_word' id='word_1_253' title='bbox 427 2654 464 2716; x_wconf 92' lang='lat' dir='ltr'><strong>sit</strong></span> <span class='ocrx_word' id='word_1_254' title='bbox 473 2655 587 2736; x_wconf 89' lang='lat' dir='ltr'><strong>reliqua</strong></span> <span class='ocrx_word' id='word_1_255' title='bbox 605 2655 798 2726; x_wconf 85' lang='lat' dir='ltr'><strong>exomnibus,</strong></span> <span class='ocrx_word' id='word_1_256' title='bbox 815 2662 912 2714; x_wconf 87' lang='lat' dir='ltr'><strong>vestra</strong></span> <span class='ocrx_word' id='word_1_257' title='bbox 925 2662 1069 2732; x_wconf 86' lang='lat' dir='ltr'><strong>excepta:</strong></span> <span class='ocrx_word' id='word_1_258' title='bbox 1091 2659 1121 2710; x_wconf 90' lang='lat' dir='ltr'><strong>et</strong></span> <span class='ocrx_word' id='word_1_259' title='bbox 1138 2655 1327 2732; x_wconf 79' lang='lat' dir='ltr'><strong>sunt„quiil·</strong></span> <span class='ocrx_word' id='word_1_260' title='bbox 1427 2677 1428 2700; x_wconf 58' lang='lat' dir='ltr'><strong>i</strong></span> 
     </span>
    </p>
   </div>
   <div class='ocr_carea' id='block_1_10' title="bbox 223 2743 1327 2828">
    <p class='ocr_par' dir='ltr' id='par_1_11' title="bbox 223 2743 1327 2828">
     <span class='ocr_line' id='line_1_27' title="bbox 223 2743 1327 2828; baseline -0.002 -20"><span class='ocrx_word' id='word_1_261' title='bbox 223 2748 280 2810; x_wconf 86' lang='lat' dir='ltr'><strong>lius</strong></span> <span class='ocrx_word' id='word_1_262' title='bbox 287 2761 343 2828; x_wconf 86' lang='lat' dir='ltr'><strong>ope</strong></span> <span class='ocrx_word' id='word_1_263' title='bbox 351 2758 483 2828; x_wconf 77' lang='lat' dir='ltr'><strong>praesunt</strong></span> <span class='ocrx_word' id='word_1_264' title='bbox 491 2747 616 2827; x_wconf 90' lang='lat' dir='ltr'><strong>oppidis,</strong></span> <span class='ocrx_word' id='word_1_265' title='bbox 633 2749 768 2823; x_wconf 84' lang='lat' dir='ltr'><strong>omnibus</strong></span> <span class='ocrx_word' id='word_1_266' title='bbox 777 2747 812 2807; x_wconf 87' lang='lat' dir='ltr'><strong>iis</strong></span> <span class='ocrx_word' id='word_1_267' title='bbox 820 2748 906 2807; x_wconf 88' lang='lat' dir='ltr'><strong>rebus</strong></span> <span class='ocrx_word' id='word_1_268' title='bbox 916 2747 1022 2826; x_wconf 90' lang='lat' dir='ltr'><strong>quibus</strong></span> <span class='ocrx_word' id='word_1_269' title='bbox 1033 2743 1152 2826; x_wconf 83' lang='lat' dir='ltr'><strong>negotia</strong></span> <span class='ocrx_word' id='word_1_270' title='bbox 1168 2749 1327 2808; x_wconf 85' lang='lat' dir='ltr'><strong>conficiun-</strong></span> 
     </span>
    </p>
   </div>
   <div class='ocr_carea' id='block_1_11' title="bbox 223 2833 1428 3016">
    <p class='ocr_par' dir='ltr' id='par_1_12' title="bbox 223 2833 1428 3016">
     <span class='ocr_line' id='line_1_28' title="bbox 223 2833 1428 2934; baseline -0.002 -32"><span class='ocrx_word' id='word_1_271' title='bbox 223 2840 458 2920; x_wconf 82' lang='lat' dir='ltr'><strong>tursuperiorest</strong></span> <span class='ocrx_word' id='word_1_272' title='bbox 483 2833 1002 2921; x_wconf 83' lang='lat' dir='ltr'><strong>quorumilludprimumomniumet</strong></span> <span class='ocrx_word' id='word_1_273' title='bbox 1015 2841 1327 2934; x_wconf 74' lang='lat' dir='ltr'><strong>maximumest,quod</strong></span> <span class='ocrx_word' id='word_1_274' title='bbox 1427 2879 1428 2894; x_wconf 51' lang='lat' dir='ltr'><strong>r</strong></span> 
     </span>
     <span class='ocr_line' id='line_1_29' title="bbox 223 2933 1428 3016; baseline 0 -22"><span class='ocrx_word' id='word_1_275' title='bbox 223 2935 409 3016; x_wconf 79' lang='lat' dir='ltr'><strong>proebitorem</strong></span> <span class='ocrx_word' id='word_1_276' title='bbox 431 2933 545 2994; x_wconf 84' lang='lat' dir='ltr'><strong>habent</strong></span> <span class='ocrx_word' id='word_1_277' title='bbox 558 2934 596 2994; x_wconf 85' lang='lat' dir='ltr'><strong>ad</strong></span> <span class='ocrx_word' id='word_1_278' title='bbox 617 2955 670 2995; x_wconf 91' lang='lat' dir='ltr'><strong>eos</strong></span> <span class='ocrx_word' id='word_1_279' title='bbox 690 2935 932 3014; x_wconf 83' lang='lat' dir='ltr'><strong>corrumpendos,</strong></span> <span class='ocrx_word' id='word_1_280' title='bbox 946 2935 996 3012; x_wconf 89' lang='lat' dir='ltr'><strong>qui</strong></span> <span class='ocrx_word' id='word_1_281' title='bbox 1017 2935 1175 3014; x_wconf 86' lang='lat' dir='ltr'><strong>pecuniam</strong></span> <span class='ocrx_word' id='word_1_282' title='bbox 1195 2936 1327 3015; x_wconf 77' lang='lat' dir='ltr'><strong>accipere</strong></span> <span class='ocrx_word' id='word_1_283' title='bbox 1427 2941 1428 2944; x_wconf 76' lang='grc'>’</span> 
     </span>
    </p>
   </div>
   <div class='ocr_carea' id='block_1_12' title="bbox 222 3027 1326 3202">
    <p class='ocr_par' dir='ltr' id='par_1_13' title="bbox 222 3027 1326 3202">
     <span class='ocr_line' id='line_1_30' title="bbox 223 3027 1326 3108; baseline -0.003 -19"><span class='ocrx_word' id='word_1_284' title='bbox 223 3028 343 3089; x_wconf 71' lang='lat' dir='ltr'><strong>volunt:</strong></span> <span class='ocrx_word' id='word_1_285' title='bbox 366 3027 499 3098; x_wconf 82' lang='lat' dir='ltr'><strong>alterurn,</strong></span> <span class='ocrx_word' id='word_1_286' title='bbox 521 3027 551 3086; x_wconf 90' lang='lat' dir='ltr'><strong>in</strong></span> <span class='ocrx_word' id='word_1_287' title='bbox 574 3047 633 3107; x_wconf 89' lang='lat' dir='ltr'><strong>quo</strong></span> <span class='ocrx_word' id='word_1_288' title='bbox 652 3047 712 3088; x_wconf 90' lang='lat' dir='ltr'><strong>non</strong></span> <span class='ocrx_word' id='word_1_289' title='bbox 732 3030 829 3088; x_wconf 87' lang='lat' dir='ltr'><strong>minos</strong></span> <span class='ocrx_word' id='word_1_290' title='bbox 849 3027 953 3086; x_wconf 87' lang='lat' dir='ltr'><strong>virium</strong></span> <span class='ocrx_word' id='word_1_291' title='bbox 973 3037 1029 3102; x_wconf 88' lang='lat' dir='ltr'><strong>est,</strong></span> <span class='ocrx_word' id='word_1_292' title='bbox 1048 3029 1129 3107; x_wconf 89' lang='lat' dir='ltr'><strong>quod</strong></span> <span class='ocrx_word' id='word_1_293' title='bbox 1148 3027 1207 3089; x_wconf 79' lang='lat' dir='ltr'><strong>iltis</strong></span> <span class='ocrx_word' id='word_1_294' title='bbox 1228 3030 1326 3108; x_wconf 78' lang='lat' dir='ltr'><strong>copiae,</strong></span> 
     </span>
     <span class='ocr_line' id='line_1_31' title="bbox 222 3119 1326 3202; baseline -0.001 -20"><span class='ocrx_word' id='word_1_295' title='bbox 222 3123 330 3200; x_wconf 90' lang='lat' dir='ltr'><strong>quibus</strong></span> <span class='ocrx_word' id='word_1_296' title='bbox 341 3127 440 3181; x_wconf 86' lang='lat' dir='ltr'><strong>eorum</strong></span> <span class='ocrx_word' id='word_1_297' title='bbox 452 3121 609 3181; x_wconf 84' lang='lat' dir='ltr'><strong>adversarii</strong></span> <span class='ocrx_word' id='word_1_298' title='bbox 624 3130 799 3192; x_wconf 87' lang='lat' dir='ltr'><strong>evertantur,</strong></span> <span class='ocrx_word' id='word_1_299' title='bbox 815 3141 989 3202; x_wconf 91' lang='lat' dir='ltr'><strong>quocunque</strong></span> <span class='ocrx_word' id='word_1_300' title='bbox 1000 3131 1132 3202; x_wconf 88' lang='lat' dir='ltr'><strong>tempore</strong></span> <span class='ocrx_word' id='word_1_301' title='bbox 1143 3119 1326 3202; x_wconf 87' lang='lat' dir='ltr'><strong>postularint,</strong></span> 
     </span>
    </p>
   </div>
   <div class='ocr_carea' id='block_1_13' title="bbox 225 3203 1428 3390">
    <p class='ocr_par' dir='ltr' id='par_1_14' title="bbox 225 3203 1428 3390">
     <span class='ocr_line' id='line_1_32' title="bbox 225 3203 1428 3294; baseline 0.002 -19"><span class='ocrx_word' id='word_1_302' title='bbox 225 3227 334 3294; x_wconf 88' lang='lat' dir='ltr'><strong>praesto</strong></span> <span class='ocrx_word' id='word_1_303' title='bbox 345 3211 423 3275; x_wconf 81' lang='lat' dir='ltr'><strong>sunt.</strong></span> <span class='ocrx_word' id='word_1_304' title='bbox 456 3214 519 3274; x_wconf 90' lang='lat' dir='ltr'><strong>Nos</strong></span> <span class='ocrx_word' id='word_1_305' title='bbox 532 3233 602 3274; x_wconf 90' lang='lat' dir='ltr'><strong>vero</strong></span> <span class='ocrx_word' id='word_1_306' title='bbox 616 3235 676 3275; x_wconf 89' lang='lat' dir='ltr'><strong>non</strong></span> <span class='ocrx_word' id='word_1_307' title='bbox 690 3207 736 3274; x_wconf 83' lang='lat' dir='ltr'><strong>lris</strong></span> <span class='ocrx_word' id='word_1_308' title='bbox 751 3215 839 3274; x_wconf 86' lang='lat' dir='ltr'><strong>modo</strong></span> <span class='ocrx_word' id='word_1_309' title='bbox 852 3218 938 3275; x_wconf 87' lang='lat' dir='ltr'><strong>rebus</strong></span> <span class='ocrx_word' id='word_1_310' title='bbox 950 3235 1050 3274; x_wconf 87' lang='lat' dir='ltr'><strong>sumus</strong></span> <span class='ocrx_word' id='word_1_311' title='bbox 1065 3205 1228 3290; x_wconf 77' lang='lat' dir='ltr'><strong>inferIores,</strong></span> <span class='ocrx_word' id='word_1_312' title='bbox 1239 3217 1327 3292; x_wconf 41' lang='lat' dir='ltr'><strong>Athe,-</strong></span> <span class='ocrx_word' id='word_1_313' title='bbox 1353 3203 1355 3214; x_wconf 58' lang='grc'><strong>’</strong></span> <span class='ocrx_word' id='word_1_314' title='bbox 1427 3263 1428 3290; x_wconf 49' lang='grc'><strong>;</strong></span> 
     </span>
     <span class='ocr_line' id='line_1_33' title="bbox 226 3307 1428 3390; baseline 0.002 -24"><span class='ocrx_word' id='word_1_315' title='bbox 226 3308 356 3381; x_wconf 89' lang='lat' dir='ltr'><strong>nienses,</strong></span> <span class='ocrx_word' id='word_1_316' title='bbox 371 3307 423 3366; x_wconf 89' lang='lat' dir='ltr'><strong>sed</strong></span> <span class='ocrx_word' id='word_1_317' title='bbox 439 3327 493 3367; x_wconf 90' lang='lat' dir='ltr'><strong>nec</strong></span> <span class='ocrx_word' id='word_1_318' title='bbox 508 3307 696 3387; x_wconf 87' lang='lat' dir='ltr'><strong>expergefieri</strong></span> <span class='ocrx_word' id='word_1_319' title='bbox 709 3327 883 3387; x_wconf 77' lang='lat' dir='ltr'><strong>possumus:</strong></span> <span class='ocrx_word' id='word_1_320' title='bbox 904 3307 1070 3368; x_wconf 85' lang='lat' dir='ltr'><strong>hominibus</strong></span> <span class='ocrx_word' id='word_1_321' title='bbox 1087 3310 1137 3389; x_wconf 89' lang='lat' dir='ltr'><strong>qui</strong></span> <span class='ocrx_word' id='word_1_322' title='bbox 1151 3311 1327 3390; x_wconf 83' lang='lat' dir='ltr'><strong>mandrago-</strong></span> <span class='ocrx_word' id='word_1_323' title='bbox 1427 3343 1428 3362; x_wconf 63' lang='lat' dir='ltr'><strong>r</strong></span> 
     </span>
    </p>
   </div>
   <div class='ocr_carea' id='block_1_14' title="bbox 224 3399 1326 3574">
    <p class='ocr_par' dir='ltr' id='par_1_15' title="bbox 224 3399 1326 3574">
     <span class='ocr_line' id='line_1_34' title="bbox 226 3399 1326 3478; baseline 0 -18"><span class='ocrx_word' id='word_1_324' title='bbox 226 3421 289 3460; x_wconf 89' lang='lat' dir='ltr'><strong>ram</strong></span> <span class='ocrx_word' id='word_1_325' title='bbox 303 3411 355 3460; x_wconf 84' lang='lat' dir='ltr'><strong>aut</strong></span> <span class='ocrx_word' id='word_1_326' title='bbox 369 3400 488 3478; x_wconf 90' lang='lat' dir='ltr'><strong>aliquod</strong></span> <span class='ocrx_word' id='word_1_327' title='bbox 502 3400 647 3476; x_wconf 87' lang='lat' dir='ltr'><strong>ejusmodi</strong></span> <span class='ocrx_word' id='word_1_328' title='bbox 659 3402 909 3476; x_wconf 19' lang='lat' dir='ltr'><strong>medicamentum,</strong></span> <span class='ocrx_word' id='word_1_329' title='bbox 921 3399 1058 3461; x_wconf 88' lang='lat' dir='ltr'><strong>biberunt</strong></span> <span class='ocrx_word' id='word_1_330' title='bbox 1071 3401 1201 3461; x_wconf 87' lang='lat' dir='ltr'><strong>similes:</strong></span> <span class='ocrx_word' id='word_1_331' title='bbox 1223 3403 1326 3462; x_wconf 88' lang='lat' dir='ltr'><strong>deinde</strong></span> 
     </span>
     <span class='ocr_line' id='line_1_35' title="bbox 224 3491 1326 3574; baseline -0.001 -21"><span class='ocrx_word' id='word_1_332' title='bbox 224 3504 300 3574; x_wconf 90' lang='lat' dir='ltr'><strong>puto</strong></span> <span class='ocrx_word' id='word_1_333' title='bbox 306 3512 426 3554; x_wconf 74' lang='lat' dir='ltr'><strong>2--vera</strong></span> <span class='ocrx_word' id='word_1_334' title='bbox 437 3491 571 3566; x_wconf 69' lang='lat' dir='ltr'><strong>euim,&#39;ut</strong></span> <span class='ocrx_word' id='word_1_335' title='bbox 584 3513 641 3572; x_wconf 82' lang='lat' dir='ltr'><strong>ego</strong></span> <span class='ocrx_word' id='word_1_336' title='bbox 646 3491 761 3574; x_wconf 87' lang='lat' dir='ltr'><strong>judico,</strong></span> <span class='ocrx_word' id='word_1_337' title='bbox 775 3491 898 3554; x_wconf 84' lang='lat' dir='ltr'><strong>fatenda</strong></span> <span class='ocrx_word' id='word_1_338' title='bbox 907 3503 1069 3554; x_wconf 73' lang='lat' dir='ltr'><strong>sunit—eo</strong></span> <span class='ocrx_word' id='word_1_339' title='bbox 1084 3495 1185 3574; x_wconf 89' lang='lat' dir='ltr'><strong>utique</strong></span> <span class='ocrx_word' id='word_1_340' title='bbox 1201 3505 1289 3574; x_wconf 89' lang='lat' dir='ltr'><strong>pacto</strong></span> <span class='ocrx_word' id='word_1_341' title='bbox 1298 3495 1326 3553; x_wconf 92' lang='lat' dir='ltr'><strong>in</strong></span> 
     </span>
    </p>
   </div>
   <div class='ocr_carea' id='block_1_15' title="bbox 223 3579 1428 3668">
    <p class='ocr_par' dir='ltr' id='par_1_16' title="bbox 223 3579 1428 3668">
     <span class='ocr_line' id='line_1_36' title="bbox 223 3579 1428 3668; baseline -0.001 -21"><span class='ocrx_word' id='word_1_342' title='bbox 223 3607 291 3647; x_wconf 88' lang='lat' dir='ltr'><strong>eam</strong></span> <span class='ocrx_word' id='word_1_343' title='bbox 313 3585 490 3668; x_wconf 83' lang='lat' dir='ltr'><strong>calumniam</strong></span> <span class='ocrx_word' id='word_1_344' title='bbox 511 3595 551 3663; x_wconf 59' lang='lat' dir='ltr'><strong>etv</strong></span> <span class='ocrx_word' id='word_1_345' title='bbox 563 3595 768 3668; x_wconf 89' lang='lat' dir='ltr'><strong>contemptum</strong></span> <span class='ocrx_word' id='word_1_346' title='bbox 781 3587 924 3661; x_wconf 90' lang='lat' dir='ltr'><strong>venimus,</strong></span> <span class='ocrx_word' id='word_1_347' title='bbox 944 3597 979 3646; x_wconf 88' lang='lat' dir='ltr'><strong>ut</strong></span> <span class='ocrx_word' id='word_1_348' title='bbox 998 3588 1091 3666; x_wconf 91' lang='lat' dir='ltr'><strong>quiin</strong></span> <span class='ocrx_word' id='word_1_349' title='bbox 1106 3589 1177 3667; x_wconf 88' lang='lat' dir='ltr'><strong>ipsis</strong></span> <span class='ocrx_word' id='word_1_350' title='bbox 1191 3589 1326 3668; x_wconf 91' lang='lat' dir='ltr'><strong>periculis</strong></span> <span class='ocrx_word' id='word_1_351' title='bbox 1427 3579 1428 3646; x_wconf 58' lang='grc' dir='ltr'>ἶ</span> 
     </span>
    </p>
   </div>
   <div class='ocr_carea' id='block_1_16' title="bbox 148 3663 1428 4510">
    <p class='ocr_par' dir='ltr' id='par_1_17' title="bbox 148 3663 1428 4510">
     <span class='ocr_line' id='line_1_37' title="bbox 163 3663 1428 3760; baseline 0.002 -23"><span class='ocrx_word' id='word_1_352' title='bbox 163 3727 168 3737; x_wconf 37' lang='lat' dir='ltr'><strong>r</strong></span> <span class='ocrx_word' id='word_1_353' title='bbox 223 3690 390 3753; x_wconf 82' lang='lat' dir='ltr'><strong>versantur,</strong></span> <span class='ocrx_word' id='word_1_354' title='bbox 401 3679 507 3758; x_wconf 89' lang='lat' dir='ltr'><strong>partim</strong></span> <span class='ocrx_word' id='word_1_355' title='bbox 518 3679 556 3738; x_wconf 95' lang='lat' dir='ltr'><strong>de</strong></span> <span class='ocrx_word' id='word_1_356' title='bbox 569 3679 735 3760; x_wconf 87' lang='lat' dir='ltr'><strong>priucipatu</strong></span> <span class='ocrx_word' id='word_1_357' title='bbox 749 3680 834 3740; x_wconf 89' lang='lat' dir='ltr'><strong>nobis</strong></span> <span class='ocrx_word' id='word_1_358' title='bbox 844 3679 1065 3740; x_wconf 84' lang='lat' dir='ltr'><strong>contradicant:</strong></span> <span class='ocrx_word' id='word_1_359' title='bbox 1087 3681 1192 3760; x_wconf 91' lang='lat' dir='ltr'><strong>partim</strong></span> <span class='ocrx_word' id='word_1_360' title='bbox 1207 3683 1245 3753; x_wconf 86' lang='lat' dir='ltr'><strong>de</strong></span> <span class='ocrx_word' id='word_1_361' title='bbox 1260 3702 1325 3742; x_wconf 90' lang='lat' dir='ltr'><strong>con·</strong></span> <span class='ocrx_word' id='word_1_362' title='bbox 1427 3663 1428 3724; x_wconf 62' lang='lat' dir='ltr'><strong>l</strong></span> 
     </span>
     <span class='ocr_line' id='line_1_38' title="bbox 148 3770 1326 3853; baseline 0.002 -20"><span class='ocrx_word' id='word_1_363' title='bbox 148 3828 152 3838; x_wconf 88' lang='grc'><em>,</em></span> <span class='ocrx_word' id='word_1_364' title='bbox 225 3773 284 3833; x_wconf 89' lang='lat' dir='ltr'><strong>ciiii</strong></span> <span class='ocrx_word' id='word_1_365' title='bbox 304 3771 527 3852; x_wconf 78' lang='lat' dir='ltr'><strong>locos-quidam</strong></span> <span class='ocrx_word' id='word_1_366' title='bbox 548 3770 636 3832; x_wconf 89' lang='lat' dir='ltr'><strong>etiarn</strong></span> <span class='ocrx_word' id='word_1_367' title='bbox 661 3773 716 3832; x_wconf 92' lang='lat' dir='ltr'><strong>soli</strong></span> <span class='ocrx_word' id='word_1_368' title='bbox 738 3772 848 3853; x_wconf 90' lang='lat' dir='ltr'><strong>potius,</strong></span> <span class='ocrx_word' id='word_1_369' title='bbox 870 3792 960 3851; x_wconf 88' lang='lat' dir='ltr'><strong>quam</strong></span> <span class='ocrx_word' id='word_1_370' title='bbox 973 3773 1056 3832; x_wconf 90' lang='lat' dir='ltr'><strong>vobis</strong></span> <span class='ocrx_word' id='word_1_371' title='bbox 1082 3773 1277 3853; x_wconf 88' lang='lat' dir='ltr'><strong>adjutoribus,</strong></span> <span class='ocrx_word' id='word_1_372' title='bbox 1296 3795 1326 3834; x_wconf 91' lang='lat' dir='ltr'><strong>se</strong></span> 
     </span>
     <span class='ocr_line' id='line_1_39' title="bbox 225 3864 1325 3947; baseline 0.001 -21"><span class='ocrx_word' id='word_1_373' title='bbox 225 3867 385 3928; x_wconf 85' lang='lat' dir='ltr'><strong>defendere</strong></span> <span class='ocrx_word' id='word_1_374' title='bbox 404 3867 595 3928; x_wconf 88' lang='lat' dir='ltr'><strong>decreverint.</strong></span> <span class='ocrx_word' id='word_1_375' title='bbox 638 3866 700 3926; x_wconf 84' lang='lat' dir='ltr'><strong>Cur</strong></span> <span class='ocrx_word' id='word_1_376' title='bbox 718 3866 807 3946; x_wconf 80' lang='lat' dir='ltr'><strong>igitur</strong></span> <span class='ocrx_word' id='word_1_377' title='bbox 825 3865 893 3928; x_wconf 84' lang='lat' dir='ltr'><strong>haec</strong></span> <span class='ocrx_word' id='word_1_378' title='bbox 905 3864 973 3926; x_wconf 88' lang='lat' dir='ltr'><strong>dico</strong></span> <span class='ocrx_word' id='word_1_379' title='bbox 990 3876 1022 3926; x_wconf 86' lang='lat' dir='ltr'><strong>et</strong></span> <span class='ocrx_word' id='word_1_380' title='bbox 1039 3867 1201 3927; x_wconf 71' lang='lat' dir='ltr'><strong>recenseo?</strong></span> <span class='ocrx_word' id='word_1_381' title='bbox 1224 3867 1325 3947; x_wconf 87' lang='lat' dir='ltr'><strong>Neque</strong></span> 
     </span>
     <span class='ocr_line' id='line_1_40' title="bbox 225 3949 1326 4040; baseline 0 -20"><span class='ocrx_word' id='word_1_382' title='bbox 225 3961 304 4020; x_wconf 87' lang='lat' dir='ltr'><strong>enim</strong></span> <span class='ocrx_word' id='word_1_383' title='bbox 317 3962 396 4034; x_wconf 88' lang='lat' dir='ltr'><strong>milri,</strong></span> <span class='ocrx_word' id='word_1_384' title='bbox 417 3961 524 4022; x_wconf 86' lang='lat' dir='ltr'><strong>Jovem</strong></span> <span class='ocrx_word' id='word_1_385' title='bbox 537 3949 633 4020; x_wconf 85' lang='lat' dir='ltr'><strong>testor</strong></span> <span class='ocrx_word' id='word_1_386' title='bbox 650 3959 781 4040; x_wconf 90' lang='lat' dir='ltr'><strong>deosque</strong></span> <span class='ocrx_word' id='word_1_387' title='bbox 800 3980 914 4034; x_wconf 90' lang='lat' dir='ltr'><strong>omnes,</strong></span> <span class='ocrx_word' id='word_1_388' title='bbox 929 3957 1030 4020; x_wconf 89' lang='lat' dir='ltr'><strong>odium</strong></span> <span class='ocrx_word' id='word_1_389' title='bbox 1049 3980 1158 4040; x_wconf 68' lang='lat' dir='ltr'><strong>quaro,</strong></span> <span class='ocrx_word' id='word_1_390' title='bbox 1181 3981 1284 4020; x_wconf 87' lang='lat' dir='ltr'><strong>verum</strong></span> <span class='ocrx_word' id='word_1_391' title='bbox 1295 3971 1326 4021; x_wconf 89' lang='lat' dir='ltr'><strong>ut</strong></span> 
     </span>
     <span class='ocr_line' id='line_1_41' title="bbox 225 4046 1325 4136; baseline -0.004 -20"><span class='ocrx_word' id='word_1_392' title='bbox 225 4054 426 4136; x_wconf 85' lang='lat' dir='ltr'><strong>uuusquisque</strong></span> <span class='ocrx_word' id='word_1_393' title='bbox 436 4055 576 4128; x_wconf 85' lang='lat' dir='ltr'><strong>vestrum,</strong></span> <span class='ocrx_word' id='word_1_394' title='bbox 595 4052 801 4126; x_wconf 84' lang='lat' dir='ltr'><strong>Athenienses,</strong></span> <span class='ocrx_word' id='word_1_395' title='bbox 812 4053 878 4114; x_wconf 83' lang='lat' dir='ltr'><strong>hoc</strong></span> <span class='ocrx_word' id='word_1_396' title='bbox 892 4046 1055 4133; x_wconf 79' lang='lat' dir='ltr'><strong>cognoscat</strong></span> <span class='ocrx_word' id='word_1_397' title='bbox 1067 4063 1098 4112; x_wconf 89' lang='lat' dir='ltr'><strong>et</strong></span> <span class='ocrx_word' id='word_1_398' title='bbox 1107 4052 1218 4124; x_wconf 84' lang='lat' dir='ltr'><strong>videat,</strong></span> <span class='ocrx_word' id='word_1_399' title='bbox 1232 4053 1325 4132; x_wconf 88' lang='lat' dir='ltr'><strong>quoti·</strong></span> 
     </span>
     <span class='ocr_line' id='line_1_42' title="bbox 218 4143 1323 4226; baseline -0.002 -20"><span class='ocrx_word' id='word_1_400' title='bbox 218 4147 344 4218; x_wconf 39' lang='lat' dir='ltr'><strong>,dianam</strong></span> <span class='ocrx_word' id='word_1_401' title='bbox 359 4147 513 4225; x_wconf 81' lang='lat' dir='ltr'><strong>segnitiem</strong></span> <span class='ocrx_word' id='word_1_402' title='bbox 522 4155 553 4208; x_wconf 91' lang='lat' dir='ltr'><strong>et</strong></span> <span class='ocrx_word' id='word_1_403' title='bbox 564 4146 739 4220; x_wconf 85' lang='lat' dir='ltr'><strong>socordiam,</strong></span> <span class='ocrx_word' id='word_1_404' title='bbox 751 4154 785 4205; x_wconf 90' lang='lat' dir='ltr'><strong>ut</strong></span> <span class='ocrx_word' id='word_1_405' title='bbox 797 4145 826 4206; x_wconf 91' lang='lat' dir='ltr'><strong>irr</strong></span> <span class='ocrx_word' id='word_1_406' title='bbox 837 4145 952 4226; x_wconf 85' lang='lat' dir='ltr'><strong>privata</strong></span> <span class='ocrx_word' id='word_1_407' title='bbox 963 4145 1033 4215; x_wconf 83' lang='lat' dir='ltr'><strong>uita,</strong></span> <span class='ocrx_word' id='word_1_408' title='bbox 1046 4143 1086 4206; x_wconf 88' lang='lat' dir='ltr'><strong>sic</strong></span> <span class='ocrx_word' id='word_1_409' title='bbox 1101 4145 1190 4204; x_wconf 86' lang='lat' dir='ltr'><strong>etiam</strong></span> <span class='ocrx_word' id='word_1_410' title='bbox 1203 4146 1235 4204; x_wconf 89' lang='lat' dir='ltr'><strong>in</strong></span> <span class='ocrx_word' id='word_1_411' title='bbox 1249 4145 1323 4204; x_wconf 90' lang='lat' dir='ltr'><strong>urbi·</strong></span> 
     </span>
     <span class='ocr_line' id='line_1_43' title="bbox 223 4237 1323 4320; baseline -0.004 -20"><span class='ocrx_word' id='word_1_412' title='bbox 223 4242 292 4314; x_wconf 86' lang='lat' dir='ltr'><strong>bus,</strong></span> <span class='ocrx_word' id='word_1_413' title='bbox 311 4258 371 4299; x_wconf 87' lang='lat' dir='ltr'><strong>non</strong></span> <span class='ocrx_word' id='word_1_414' title='bbox 385 4239 414 4298; x_wconf 83' lang='lat' dir='ltr'><strong>in</strong></span> <span class='ocrx_word' id='word_1_415' title='bbox 429 4239 465 4300; x_wconf 90' lang='lat' dir='ltr'><strong>iis</strong></span> <span class='ocrx_word' id='word_1_416' title='bbox 480 4240 603 4320; x_wconf 79' lang='lat' dir='ltr'><strong>singulis</strong></span> <span class='ocrx_word' id='word_1_417' title='bbox 617 4260 683 4320; x_wconf 91' lang='lat' dir='ltr'><strong>quae</strong></span> <span class='ocrx_word' id='word_1_418' title='bbox 694 4239 883 4318; x_wconf 83' lang='lat' dir='ltr'><strong>negliguntur·</strong></span> <span class='ocrx_word' id='word_1_419' title='bbox 897 4239 995 4298; x_wconf 86' lang='lat' dir='ltr'><strong>statim</strong></span> <span class='ocrx_word' id='word_1_420' title='bbox 1010 4237 1213 4318; x_wconf 84' lang='lat' dir='ltr'><strong>animadverti,</strong></span> <span class='ocrx_word' id='word_1_421' title='bbox 1231 4238 1284 4298; x_wconf 88' lang='lat' dir='ltr'><strong>sed</strong></span> <span class='ocrx_word' id='word_1_422' title='bbox 1295 4239 1323 4296; x_wconf 89' lang='lat' dir='ltr'><strong>in</strong></span> 
     </span>
     <span class='ocr_line' id='line_1_44' title="bbox 224 4329 1323 4399; baseline -0.003 -4"><span class='ocrx_word' id='word_1_423' title='bbox 224 4352 340 4396; x_wconf 86' lang='lat' dir='ltr'><strong>summa</strong></span> <span class='ocrx_word' id='word_1_424' title='bbox 352 4349 449 4392; x_wconf 86' lang='lat' dir='ltr'><strong>rerum</strong></span> <span class='ocrx_word' id='word_1_425' title='bbox 458 4351 620 4399; x_wconf 84' lang='lat' dir='ltr'><strong>occurrere.</strong></span> <span class='ocrx_word' id='word_1_426' title='bbox 661 4329 775 4394; x_wconf 89' lang='lat' dir='ltr'><strong>Videtis</strong></span> <span class='ocrx_word' id='word_1_427' title='bbox 791 4331 918 4391; x_wconf 88' lang='lat' dir='ltr'><strong>Serrium</strong></span> <span class='ocrx_word' id='word_1_428' title='bbox 929 4341 961 4392; x_wconf 89' lang='lat' dir='ltr'><strong>et</strong></span> <span class='ocrx_word' id='word_1_429' title='bbox 973 4329 1149 4392; x_wconf 87' lang='lat' dir='ltr'><strong>Doriscum:</strong></span> <span class='ocrx_word' id='word_1_430' title='bbox 1169 4330 1236 4393; x_wconf 82' lang='lat' dir='ltr'><strong>haec</strong></span> <span class='ocrx_word' id='word_1_431' title='bbox 1250 4333 1323 4393; x_wconf 89' lang='lat' dir='ltr'><strong>enim</strong></span> 
     </span>
     <span class='ocr_line' id='line_1_45' title="bbox 225 4413 1322 4510; baseline 0 -24"><span class='ocrx_word' id='word_1_432' title='bbox 225 4426 350 4510; x_wconf 77' lang='lat' dir='ltr'><strong>primum</strong></span> <span class='ocrx_word' id='word_1_433' title='bbox 363 4423 499 4504; x_wconf 80' lang='lat' dir='ltr'><strong>neglecta</strong></span> <span class='ocrx_word' id='word_1_434' title='bbox 510 4435 579 4487; x_wconf 86' lang='lat' dir='ltr'><strong>sunt</strong></span> <span class='ocrx_word' id='word_1_435' title='bbox 592 4434 660 4505; x_wconf 88' lang='lat' dir='ltr'><strong>post</strong></span> <span class='ocrx_word' id='word_1_436' title='bbox 673 4442 777 4504; x_wconf 83' lang='lat' dir='ltr'><strong>pacem</strong></span> <span class='ocrx_word' id='word_1_437' title='bbox 791 4413 910 4498; x_wconf 81' lang='lat' dir='ltr'><strong>saetam,</strong></span> <span class='ocrx_word' id='word_1_438' title='bbox 922 4443 992 4504; x_wconf 80' lang='lat' dir='ltr'><strong>quae</strong></span> <span class='ocrx_word' id='word_1_439' title='bbox 1010 4424 1110 4486; x_wconf 91' lang='lat' dir='ltr'><strong>multis</strong></span> <span class='ocrx_word' id='word_1_440' title='bbox 1124 4433 1253 4488; x_wconf 77' lang='lat' dir='ltr'><strong>uestrum</strong></span> <span class='ocrx_word' id='word_1_441' title='bbox 1271 4445 1322 4488; x_wconf 87' lang='lat' dir='ltr'><strong>nec</strong></span> 
     </span>
    </p>
   </div>
   <div class='ocr_carea' id='block_1_17' title="bbox 0 0 1450 4946">
    <p class='ocr_par' dir='ltr' id='par_1_18' title="bbox 0 0 1450 4946">
     <span class='ocr_line' id='line_1_46' title="bbox 0 0 1450 4946; baseline 0 0"><span class='ocrx_word' id='word_1_442' title='bbox 0 0 1450 4946; x_wconf 95' lang='lat' dir='ltr'><strong> </strong></span> 
     </span>
    </p>
   </div>
  </div>
 </body>
</html>
