2920 4950
220 759 261 868 {-
560 743 948 887 sedunenses
1168 896 1177 904 ἱ

414 953 1101 1058 P111L1PP10AEPR1'MAE
1197 959 1199 966 ’

741 1167 776 1201 u

586 1251 913 1354 nossessio-

197 1486 527 1554 DEMOSTHENES,
540 1487 654 1562 triginta
664 1507 747 1546 annos
755 1497 840 1552 nctus,
848 1487 965 1558 primam
975 1495 1067 1540 contra
1076 1483 1231 1556 Philippum
1239 1483 1313 1542 Osee

209 1584 305 1636 tionem
314 1581 426 1643 tatan-
445 1582 581 1638 Arch‘onts
595 1581 771 1647 Aristodemo,
782 1581 862 1651 regni
874 1579 996 1651 Philippi
1006 1596 1073 1632 anno
1084 1597 1161 1644 nano,
1174 1578 1311 1650 Olympia-

209 1677 250 1731 dis
261 1686 348 1732 nutem
359 1676 503 1731 centesima
519 1676 635 1749 septimos
645 1678 745 1748 primo.
769 1673 906 1745 Philippo,
922 1673 1057 1728 subinitio
1069 1673 1126 1745 ejus
1137 1673 1221 1743 repni,
1233 1673 1310 1727 obsti·

208 1780 298 1828 terant
314 1768 487 1827 Athenienses
496 1790 506 1834 ‚·
526 1772 715 1842 Argaumque,
727 1768 773 1840 qni
789 1786 848 1822 cum
868 1786 897 1820 eo
912 1767 944 1821 de
962 1786 1062 1822 summa
1079 1782 1169 1822 rerum
1185 1766 1310 1832 certabat,

208 1877 312 1920 nrenue
327 1864 493 1936 adjswerstut.
532 1865 602 1921 Vicit
614 1865 777 1935 Philippusr
790 1879 885 1934 pacem
896 1871 983 1924 tamen
994 1881 1051 1916 eum
1061 1864 1104 1928 iis,
1116 1873 1145 1916 ut
1155 1872 1212 1916 erat
1223 1879 1311 1916 uertet·

208 1971 261 2025 tus,
272 1957 358 2012 missis
368 1956 461 2026 leyutis
472 1956 543 2012 ultro
553 1958 630 2012 iniit:
647 1959 700 2012 siae
711 1968 741 2011 ut
749 1974 841 2010 norum
849 1957 988 2028 imperium
996 1955 1134 2021 stabiliret,
1145 1956 1198 2008 siue
1206 1965 1234 2010 ut
1243 1957 1271 2008 in
1280 1973 1310 2009 ea

205 2050 479 2128 prissermdoselicius
487 2051 650 2124 procederet.
669 2051 764 2123 Igitur
772 2049 878 2104 initium
889 2051 957 2121 cepit
968 2049 1000 2103 ab
1013 2049 1118 2122 Illyriis
1128 2060 1154 2104 et
1166 2049 1311 2106 Paeonibus

174 2153 182 2180 ¹
207 2141 391 2214 sulip'upaudise
408 2146 499 2200 deinde
517 2145 573 2202 locu
587 2145 713 2217 plurima,
734 2145 898 2215 diuersasque
918 2144 1047 2216 regiones,
1066 2162 1124 2214 qua
1145 2145 1310 2199 Macedonia

207 2247 286 2292 crunt
294 2240 415 2311 confines,
428 2257 534 2310 quaque
544 2241 609 2294 adeo
616 2238 797 2310 plurimumei
808 2239 991 2302 conducebant,
1000 2238 1142 2310 occupauit.
1161 2239 1247 2297 Brevi
1255 2240 1312 2311 ejus

207 2332 324 2390 uicta‘rioe
333 2337 494 2389 commodum
502 2321 585 2390 liscum
595 2333 709 2395 obtulere
721 2335 755 2386 iis
762 2332 877 2416 consiliio
885 2333 1061 2404 exsequendis,
1067 2351 1124 2404 qua
1135 2342 1228 2386 casura
1236 2333 1313 2387 Gra·

206 2429 276 2484 ciam
293 2430 477 2490 meditabatur.
516 2429 636 2486 [lhessali
651 2447 708 2484 enm
722 2429 888 2494 advocabant,
905 2440 936 2484 nt
952 2447 979 2482 se
997 2447 1013 2482 a
1032 2427 1152 2500 tyrannis
1166 2427 1291 2482 liberaret
1300 2447 1311 2491 ,·

206 2522 289 2594 isque,
298 2525 347 2579 suh
357 2523 505 2582 liberatoris
516 2526 627 2591 nomine,
637 2524 720 2597 ipsum
732 2526 801 2596 quod
807 2524 941 2586 antetulisse
952 2524 1021 2584 uisus
1029 2533 1075 2589 est,
1084 2524 1113 2577 in
1121 2541 1164 2576 eas
1172 2525 1310 2594 imperium

206 2619 331 2678 exacuo.
368 2620 473 2678 Eorum
485 2620 587 2691 oppidis
599 2620 629 2674 in
640 2619 765 2674 ditionem
776 2635 850 2672 suurn
862 2618 979 2688 receptis,
982 2617 1096 2691 facilem
1107 2618 1167 2671 inde
1178 2627 1256 2690 atque
1265 2637 1311 2690 op·

204 2722 349 2783 pasiunam
366 2713 395 2766 in
412 2714 562 2768 Phocenses
578 2713 716 2768 intendendi
734 2712 892 2766 occasionem
907 2711 1039 2782 arripuit‚·
1056 2710 1104 2766 hoc
1116 2711 1227 2766 nomme
1238 2731 1312 2784 prn-

148 2877 154 2884 ἱ
204 2795 286 2874 ustis,
303 2809 373 2878 quad
391 2808 577 2864 Thessalorum
595 2809 681 2863 hostes
700 2817 793 2873 essent,
811 2807 1015 2864 Atheniensibus
1030 2825 1091 2888 uero
1110 2809 1228 2864 amicitia
1248 2828 1310 2866 con·

85 2899 89 2904 '
205 2900 373 2971 iunctissimi.
410 2902 520 2958 Bellum
542 2904 629 2975 itaque
648 2903 682 2957 iis
698 2902 814 2965 indicite
832 2921 951 2974 annoque
971 2902 1038 2956 banc
1054 2904 1196 2957 arationem
1213 2923 1312 2976 proee-

205 2996 293 3062 denle,
303 3013 396 3064 mopso
406 3015 449 3049 eos
458 2995 552 3067 praelio
562 2999 702 3068 superauit.
730 2995 793 3050 Hac
804 2996 913 3050 victoria
925 2995 1016 3063 elatus,
1024 3014 1066 3050 eos
1074 2995 1233 3068 sulp'ugandi
1239 3016 1311 3069 spem

204 3091 292 3162 cepit;
309 3093 391 3163 adque
402 3091 592 3166 Thermopylas
601 3093 737 3166 prefectus
745 3104 791 3158 est,
803 3113 855 3164 qun
867 3095 959 3152 unicus
966 3104 1043 3170 patet
1052 3094 1180 3149 transitus
1188 3114 1219 3150 ec
1228 3095 1311 3160 Thes·

203 3185 271 3242 salia
279 3187 308 3240 in
319 3187 463 3244 Photidem
473 3188 601 3247 euntibsts.
633 3185 813 3255 Athenienses,
827 3188 919 3246 audita
933 3188 990 3264 ejus
999 3188 1100 3256 itinere,
1111 3191 1182 3260 qnod
1192 3207 1243 3260 qno
1254 3200 1311 3246 ten·

203 3280 356 3348 deret,cum
373 3281 438 3353 ipsis
457 3292 513 3337 tum
532 3282 636 3344 Grecis
653 3283 769 3338 omnibus
785 3293 846 3337 erat
864 3283 1104 3355 pertimescendum,
1121 3285 1158 3338 ad
1174 3285 1311 3356 angustias

204 3373 444 3448 Thermopylarum
454 3376 651 3452 confluxeruntr
667 3378 752 3448 iisqne
764 3389 909 3450 opportuno
921 3389 1035 3449 tempore
1050 3380 1191 3450 occupatis,
1205 3379 1311 3454 Philip·

201 3487 246 3542 po,
259 3487 291 3524 ne
304 3471 334 3524 in
346 3470 478 3526 Graeciam
493 3473 628 3540 transiret,
641 3473 710 3533 oium
721 3472 882 3527 obstruxere.
920 3471 1043 3531 Peticuli
1053 3482 1107 3526 tom
1119 3474 1219 3545 magni,
1231 3493 1248 3528 a
1259 3493 1311 3546 quo

202 3584 293 3620 recem
308 3567 411 3620 liberati
423 3578 492 3634 sunt,
506 3570 631 3624 memoria
641 3586 723 3640 usque
734 3569 829 3623 animis
841 3568 1005 3630 inherebatt
1025 3579 1103 3639 utque
1114 3570 1191 3624 rebus
1204 3571 1261 3625 suis
1271 3570 1313 3626 uei

202 3661 286 3716 adhuc
297 3661 455 3730 diffiderent,
467 3661 565 3733 effecit.
592 3661 798 3727 ‘Demosthenen
809 3663 858 3717 has
868 3681 957 3724 carum
965 3661 1134 3732 dispositione
1146 3682 1216 3730 usus,
1225 3666 1311 3723 uiuam

201 3754 236 3807 iis
247 3753 389 3827 imaginem
401 3755 522 3828 depingit
537 3755 697 3818 imminentis
705 3757 828 3828 penculi,
839 3758 911 3828 quad
920 3757 953 3810 iis
965 3755 1103 3829 ffroenata
1116 3757 1242 3834 Philippi
1255 3778 1313 3821 ass-

202 3848 265 3904 bitio
276 3849 423 3916 minitatur,
434 3868 561 3922 quamque
572 3860 675 3908 maure
685 3860 760 3906 cauto
772 3869 837 3922 apus
851 3851 895 3914 sit,
911 3851 941 3904 in
957 3851 1057 3906 animos
1075 3852 1161 3906 studet
1179 3852 1310 3924 ingerere,

203 3947 335 4006 Quosdam
345 3948 442 4022 igitur,
454 3947 484 4002 ob
500 3946 625 4018 rapidum
636 3948 762 4019 Phihppi
777 3965 960 4020 progressione,
976 3965 1162 4018 umerumque
1180 3949 1236 4025 ejus
1254 3968 1313 4008 sue-

203 4059 311 4103 cessnm,
329 4041 503 4096 Athenienses
520 4052 623 4100 tontum
640 4052 692 4096 n'on
707 4045 878 4116 desperarent
885 4062 897 4105 ;
910 4042 1031 4114 primum
1047 4043 1148 4096 animos
1167 4023 1201 4098 iis
1215 4046 1313 4108 addere

201 4137 361 4208 aggreditur
373 4119 494 4200 Oratore
511 4136 617 4192 sunnam
628 4137 806 4194 calamitatum
821 4155 926 4193 causant
943 4155 1034 4200 eornm
1050 4138 1184 4209 ignauiam
1200 4156 1254 4197 esse
1270 4140 1311 4194 di-

203 4249 279 4287 cens:
297 4231 387 4286 deinde
398 4231 459 4288 belli
468 4233 582 4304 gerendi
594 4233 723 4288 rationem
731 4233 870 4305 proponit,
886 4242 975 4304 aptam
985 4250 1047 4292 sane
1058 4246 1115 4288 cum
1126 4251 1217 4287 eonem
1227 4235 1312 4307 negli-

200 4327 299 4399 gentia
309 4327 482 4399 corrigenda,
493 4337 550 4383 tum
561 4329 613 4399 ipsi
624 4329 833 4400 infortuniorum
834 4329 911 4400 sonti
922 4337 948 4382 et
956 4328 1058 4402 origini
1065 4329 1312 4402 aufer·enda,atqus

203 4425 268 4476 adeo
279 4422 335 4493 spei
337 4421 473 4493 socienda
484 4421 601 4478 melioris
612 4422 642 4477 in
651 4423 917 4496 posterumsortunse.
954 4423 1026 4496 Ejus
1037 4442 1137 4478 sumnm
1148 4441 1178 4477 eo
1189 4425 1270 4487 redit,
1280 4437 1311 4488 nt

202 4521 266 4574 duos
281 4517 408 4590 colligant
424 4519 570 4584 exercitare
589 4537 700 4592 quotum
711 4537 787 4591 unus,
799 4520 871 4597 ispse
883 4517 978 4594 maiar,
991 4537 1022 4577 ess
1034 4519 1130 4578 ciuibus
1140 4518 1204 4578 solit
1214 4519 1311 4600 conia·
