2912 4946
396 278 589 386 :courum
609 299 901 387 ιιιιοιιίιιιιιιιι.Ι
932 414 938 424 ‚
1051 391 1053 398 Α
1116 315 1205 374 -ιιι

118 475 255 554 queplu‘s
277 475 457 536 auctoritatis
475 476 534 537 sibi
547 477 691 550 vendicat,
713 498 801 558 quarn
815 476 973 557 judicium,-
993 481 1023 534 et
1038 473 1205 552 juratorum
1255 479 1259 488 ’

24 583 27 590 ·
96 568 267 642 “sententias
281 575 410 628 evertere
433 563 575 648 injuratos
585 569 692 648 jubet?
713 571 782 649 Ego
799 569 918 655 quidem
940 571 1005 626 non
1021 567 1132 645 opinor.
1166 563 1209 622 At

96 677 101 696 ’-
116 659 189 726 istius
203 659 252 719 lex
265 659 369 720 horum
384 663 540 739 utrumque
560 658 777 742 complectitur.
807 661 936 721 Proinde
949 660 975 718 si
987 657 1070 722 robis
1085 657 1207 736 singuiis

116 754 275 832 respublica
286 764 317 814 ot
336 754 457 820 libertas
472 774 551 814 curae
571 765 642 826 est,
640 756 674 814 si
695 775 777 816 suam
796 755 997 832 unusquisque
1023 751 1207 822 sententiam,

39 919 43 928 Ι
116 854 194 924 quam
205 847 322 926 J'ura'tus
336 845 451 918 dixerit,
467 855 564 907 ratam
574 868 641 908 esse
660 858 795 928 oportere
809 856 908 926 putat,
921 844 1094 957 abroganda
1104 842 1208 926 hujus·

96 939 187 1010 'modi
200 939 259 1012 lex,
273 960 333 999 non
345 939 531 1017 perferenda
535 940 739 1007 nunot'uerit.¹
1054 991 1058 1002 ,

69 1105 71 1110 ,
132 1035 197 1091 2-1
224 1031 332 1114 Neque
346 1043 416 1092 v'ero
429 1032 500 1092 satis
515 1033 618 1092 hebuit
626 1033 744 1114 judiciis
759 1034 964 1096 auctoritatem
971 1029 1209 1098 estimandarum

69 1115 71 1120 ¹
114 1124 200 1182 litium
215 1125 367 1203 eripuisse,
383 1125 435 1184 sed
450 1144 517 1202 quae
527 1125 672 1205 juraipse
686 1127 717 1183 in
731 1125 798 1204 le‘ge
813 1111 977 1204 descripsit
991 1121 1140 1186 etoerariis
1154 1121 1209 1178 im-
1238 1149 1244 1157 ·

113 1217 214 1294 posuit,
229 1236 267 1276 ne
280 1217 345 1276 hec
359 1215 557 1294 ip'sa'quidem
572 1216 741 1297 simpliciter
754 1217 893 1277 aut'citra
906 1213 1038 1276 fraudem
1056 1213 1209 1292 scripsisse
1230 1235 1248 1267 .·

115 1308 356 1388 deprehenditur:
371 1310 434 1369 ¹sed
452 1309 539 1380 ntis,
564 1310 614 1388 qui
627 1319 686 1371 'vos
707 1329 798 1389 quarn
816 1308 1083 1388 egregie'decipere
1104 1304 1210 1364 et'eir-
1298 1325 1307 1330 ·

114 1401 305 1469 cumscribere
326 1401 456 1461 studeat.
473 1433 477 1442 .
492 1402 684 1462 Considerate
707 1423 765 1482 quo
787 1403 876 1463 modo
899 1400 1063 1479 scripserit:
1076 1421 1079 1424 ·
1090 1397 1211 1458 Timo·

94 1495 426 1567 ‘crates'retuiit
449 1495 554 1573 inquit,
582 1495 751 1558 tametsi
772 1494 927 1575 aliquis
951 1492 1121 1552 aerarius
1148 1490 1210 1555 uel

92 1591 208 1669 tege,
229 1591 290 1658 vel
314 1591 701 1673 senatusconsulto,
729 1591 787 1650 sit
812 1589 969 1674 vinculis
995 1587 1210 1667 damnatus,
1251 1583 1255 1590 ’

114 1693 182 1742 ant
201 1683 461 1762 inposterum
484 1682 700 1756 damnetur,
722 1683 754 1742 e'i
772 1675 997 1760 liceat'ipsi,
1020 1689 1081 1740 aut
1101 1676 1212 1738 alteri

113 1793 180 1855 pro
213 1774 476 1852 ips-0,··vades,
506 1793 525 1832 a
551 1767 702 1854 populo
742 1774 1030 1853 comprobatos,
1062 1767 1213 1830 consti·

52 1929 53 1934 ,
112 1878 232 1939 tuere,
261 1886 302 1926 ac
324 1867 562 1952 promittere
588 1887 625 1927 se
652 1869 756 1944 bona,
775 1867 848 1926 fide
874 1865 1124 1928 soluturum
1149 1863 1209 1924 Co-

112 1957 204 2040 gitate*
222 1959 370 2040 quomodo
385 1958 574 2038 ajudicioet
595 1979 613 2018 a
633 1960 820 2020 damnatione
842 1968 957 2018 sontem
979 1957 1148 2030 suffuratus,
1173 1956 1211 2017 ad

92 2079 95 2087 ¹
111 2050 251 2133 populum
266 2051 445 2123 transilierit,
460 2061 549 2131 atque
561 2051 724 2124 extorserit,
739 2071 797 2129 quo
811 2051 908 2111 minus
929 2048 1138 2110 undecimriris'
1151 2061 1211 2109 tra·

112 2138 207 2206 datur.
230 2144 304 2212 Quis
317 2145 506 2222 magistratus
517 2143 650 2202 aerarium
665 2143 781 2204 tradeti
804 2143 877 2211 Quis
891 2142 928 2202 er'r
942 2142 1146 2202 undecimuiris
1167 2161 1213 2200 re·

91 2261 95 2268 *
110 2238 290 2318 cipiet,cum
304 2236 353 2296 lex
367 2236 544 2311 istajubeat,
559 2237 637 2315 apud
648 2236 788 2318 populum
807 2235 985 2295 constituere
1000 2253 1166 2314 sponsores,
1182 2239 1212 2293 'et

109 2331 173 2399 fleri
186 2335 322 2408 nequeat,
335 2337 387 2388 ut
382 2331 442 2388 unu
454 2329 619 2418 eodemque
633 2329 680 2388 die
695 2338 727 2388 et
741 2329 843 2389 concio
858 2337 888 2387 et
885 2326 1070 2414 judicium
1055 2327 1211 2397 habeatur,

88 2439 94 2460 ι
109 2429 141 2483 et
148 2427 293 2513 nusquam
298 2409 359 2481 iste
366 2422 470 2496 jubeat
480 2413 621 2480 custodiri
631 2439 725 2494 reum,
735 2422 830 2482 donec
840 2439 998 2500 sponsores
1009 2417 1211 2478 constituerit?

53 2547 56 2552 Δ
108 2519 150 2576 Αι
164 2517 318 2594 quanam
289 2514 341 2573 'de
355 2533 445 2573 causa
458 2513 612 2592 perspicue
626 2511 764 2591 giavatus
775 2524 822 2573 est
835 2511 1012 2583 adscribere,
1026 2510 1211 2606 magistratus

44 2613 46 2615 ’
108 2606 355 2678 condemnatum
348 2607 465 2672 interim
471 2603 669 2685 custodiunto,
674 2605 748 2662 dum
758 2605 851 2665 uades
865 2603 1069 2665 constit-uerit?
1083 2599 1147 2662 Αιι
1143 2624 1213 2664 vero

89 2731 91 2734 ·
103 2705 222 2783 justum
235 2705 296 2759 non
306 2699 376 2760 ειιι
393 2698 470 2760 Setis
482 2698 554 2770 scio,
566 2717 618 2757 vos
630 2707 733 2758 'omnes
744 2683 942 2784 confessuros.
965 2697 1044 2758 Nam
1058 2697 1150 2759 alicui
1155 2700 1214 2778 legi
1297 2770 1302 2780 .

107 2796 249 2856 adversat
250 2792 304 2851 uri
322 2792 391 2850 Νοιι
395 2791 487 2870 ,quin
501 2789 618 2874 potius
616 2811 682 2850 cunr
694 2770 810 2870 legibus
824 2791 979 2852 consentit.
1000 2786 1080 2858 Quid
1094 2791 1213 2852 tandem

107 2888 189 2948 fuist
214 2886 294 2945 Nihil
309 2885 411 2945 aliud
403 2883 569 2955 invenietis,
588 2883 640 2942 nisi
661 2885 742 2963 quod
756 2885 814 2945 h'oc
833 2885 997 2964 spectavit,
1005 2902 1064 2942 non
1083 2896 1127 2942 ut
1129 2885 1212 2942 rnul-

108 2978 181 3042 'ctee
190 3000 209 3040 a
210 2979 329 3040 'vobis
338 2978 456 3040 inflictae
474 2977 666 3050 solverentur,
685 2977 738 3038 sed
765 2983 810 3046 ιιι
821 2977 938 3038 avobis
952 2976 1083 3037 damnati
1109 2997 1213 3055 poenas

107 3095 171 3134 non
186 3075 301 3134 darent
387 3097 391 3104 ·
497 3097 500 3104 ι
976 3085 980 3093 “

109 3169 204 3232 22.
228 3166 346 3226 Deinde
375 3167 522 3245 quomodo
549 3119 691 3246 scripsit?
725 3177 868 3246 postea
893 3165 1213 3228 constituendos

106 3279 200 3321 esse
206 3279 457 3338 sponsores,
486 3259 680 3332 bonafide
707 3259 927 3320 soluturum
961 3279 1024 3318 ees
1037 3255 1214 3320 alienum

105 3329 211 3432 quod
235 3351 421 3426 debuerit.
444 3401 446 3405 ι
459 3351 537 3411 Hic'
531 3339 636 3411 r'terum
649 3351 744 3410 sacrae
753 3352 888 3433 pecunias
899 3351 1068 3431 decuplum,
1076 3351 1204 3432 publicae

101 3447 178 3523 quae
192 3445 307 3522 legibus
322 3445 412 3523 dupla
423 3443 637 3524 soluijubetur,
648 3443 926 3524 dimidiem'partem'
936 3443 1063 3504 sustulit.
1087 3445 1122 3504 Id
1137 3467 1213 3524 quo·
1277 3449 1281 3472 ¹

85 3550 90 3556 ·
103 3537 202 3596 modo
216 3535 307 3594 faciti
327 3527 589 3596 Proeestimatione
599 3537 697 3616 posuit
708 3547 875 3615 argentum,
886 3556 939 3616 pro
950 3556 985 3619 ep
998 3538 1077 3616 quod
1089 3537 1214 3611 accedit,

102 3637 292 3708 q'uanturn
279 3627 392 3686 debuit.
423 3627 502 3693 Quid
521 3647 599 3687 vero
599 3628 754 3703 interest?
774 3629 924 3725 Siquidem
948 3631 1123 3709 scripsisset,
1143 3651 1217 3692 con-

84 3719 291 3781 ·ἰιιὶιιιιιιιιιοι
287 3721 481 3799 sponsores,¹
492 3719 524 3779 'se
543 3723 623 3780 bona
643 3723 710 3781 fide
722 3715 781 3780 liti's
802 3717 1034 3794 aestimationem,
1056 3725 1156 3801 quanti
1179 3746 1216 3787 ea

101 3819 215 3883 esset,
221 3831 289 3872 cum
291 3797 520 3871 accessionibus
539 3812 614 3872 velie
628 3814 752 3890 solvere,
767 3833 827 3873 una
842 3811 1112 3916 comprehendisset
1124 3816 1217 3895 leges,

101 3906 222 3982 quibus
238 3902 295 3962 elia
312 3903 412 3968 debita
431 3904 574 3982 decupla,
592 3885 649 3964 alia
670 3905 759 3984 dupla
780 3906 882 3974 fiunt3'
894 3905 989 3964 hinc'
981 3905 1034 3984 rgit
1035 3925 1070 3963 ur
1093 3926 1217 3970 necesse
1243 3917 1248 3926 “

82 3995 223 4062 ‘fuisset
229 3994 424 4064 debitoribus,
435 4004 499 4053 tum
513 3996 543 4054 id
554 3995 636 4073 quod
649 4002 729 4055 esset
738 3997 878 4075 scripturn
894 3997 1015 4069 solvere,
1025 4007 1088 4055 tum
1102 3997 1218 4078 legibus
1273 4061 1274 4066 .

99 4089 202 4156 etiem
209 4088 354 4167 adjectas
370 4064 497 4176 mulctas
513 4091 677 4147 numerare.
712 4089 800 4148 Nunc
815 4096 880 4148 cum
898 4090 988 4148 talem
1006 4091 1124 4150 vadium
1146 4113 1217 4154 con-

98 4181 297 4242 stitutionem
305 4162 474 4252 decernat
475 4200 535 4260 qua
547 4181 697 4259 'promittat
709 4181 840 4254 erarius,
855 4201 887 4240 se
901 4187 1053 4260 argentum
1067 4186 1146 4262 quod
1166 4185 1217 4244 de·

24 4348 26 4358 .
98 4273 212 4344 buerit
223 4272 370 4332 bonafide
385 4273 610 4345 soluturumr‘ex
624 4273 811 4352 accusatione
826 4286 856 4334 et
869 4276 996 4358 scriptus,
1009 4277 1115 4356 quibus
1129 4297 1217 4338 unus·
1255 4351 1258 4358 J
1294 4329 1298 4340 .

98 4367 241 4446 quisque
251 4365 285 4439 jn
293 4363 439 4443 judicium
448 4358 618 4446 'pertractus
633 4364 876 4438 est,'solutionem
890 4369 951 4430 fieri
963 4367 1056 4448 jubet,
1070 4370 1099 4427 in'
1112 4370 1219 4448 quibus

97 4459 253 4518 omnibus
262 4457 293 4516 id
302 4459 556 4538 argentum‘quod
565 4457 807 4537 quisquedebuit,
819 4459 956 4543 simplum
966 4450 1217 4540 estperscriptum.

98 4582 105 4611 ·.
149 4553 209 4612 23.
226 4549 349 4632 *Deinde
369 4559 454 4614 tanta
474 4570 516 4628 re,
541 4551 703 4612 mutatione
723 4553 888 4627 verborum,
910 4553 1035 4628 sublata,
1061 4553 1219 4635 adscripsit
1248 4611 1252 4623 ,
