2946 4954
205 312 325 372 rso.
438 307 494 370 nr
517 304 787 370 uniuersus
807 299 1063 365 namucus.
1177 261 1183 278 '

204 459 289 524 r'obis
302 463 502 528 festinandum
515 447 605 537 esset,
619 463 807 536 desederunt,
822 481 890 522 eum
902 479 979 554 'vero
1003 477 1063 520 non
1084 453 1216 516 eundum
1228 465 1310 518 esset

204 565 273 618 ante
282 557 491 620 caduceatoris
505 557 641 629 reditum,
655 556 847 618 festinarunt?
1004 607 1008 614 .

246 651 295 708 49.
319 650 387 718 Quo
401 649 490 729 igitur
504 659 634 729 tempore
649 648 708 709 illic
722 650 842 717 fuimus,
859 657 891 706 et
912 645 1003 706 Pellae
1017 641 1199 712 desedimus,
1213 641 1310 700 consi·
1333 701 1337 707 ,

205 739 305 800 derate
318 741 390 818 quid
403 741 528 820 quisque
542 752 677 801 nostrum
691 741 787 800 iacere
801 737 969 813 instituerit,
1007 737 1083 815 Ego,
1096 735 1233 814 captivos
1243 733 1310 798 red-v

205 832 297 892 insere
318 844 348 893 et
370 853 513 912 quaerere,
534 844 564 894 et
587 834 624 894 de
644 851 711 894 meo
733 832 888 916 pecuniam
908 831 1066 900 insumere,
1081 836 1112 907 et
1135 847 1154 886 a
1173 825 1310 904 Philippo
1414 869 1417 876 ,

206 935 316 1006 petere,
329 936 363 987 ut
383 928 571 1008 hospitalium
594 945 750 988 munerum
773 925 846 998 vice,
871 943 938 1002 quoe
958 921 1043 981 nobis
1067 918 1219 992 offerebat,
1244 918 1309 978 illos

206 1019 314 1079 missos
328 1020 457 1080 faceret:
479 1021 535 1079 iste
550 1028 646 1080 autem
668 1018 738 1098 quid
758 1027 900 1097 perpetuo
922 1014 1037 1084 fecerit,
1062 1011 1161 1073 statim
1176 1010 1312 1072 audietis.

208 1111 390 1190 Quidigitur
400 1113 474 1172 illud
488 1111 573 1172 erati
604 1112 646 1170 Ut
658 1110 810 1189 Philippus
832 1107 1025 1169 communiter
1044 1104 1200 1185 pecuniam
1224 1103 1310 1176 nobis

209 1203 375 1283 largiretur.
418 1206 460 1264 Ut
480 1215 654 1265 autemnec
675 1203 748 1282 illud
771 1199 922 1281 ignoretis,
935 1200 985 1260 ille
1000 1218 1054 1262 nos
1068 1197 1252 1278 periclitatus
1266 1203 1311 1256 est

206 1318 322 1369 omnes,
339 1299 377 1358 ad
398 1298 529 1376 singulos
548 1296 683 1376 privatim
701 1296 860 1364 missitare,
876 1303 907 1352 et
919 1293 1043 1351 multum
1066 1309 1139 1350 sene
1159 1290 1221 1349 auri
1240 1287 1312 1348 offe-

208 1411 286 1450 rens.
310 1391 352 1450 Ut
366 1401 465 1450 autem
478 1390 586 1449 frustra
600 1386 805 1467 experiebatur
817 1401 1169 1464 quemcunque,-neque
1183 1381 1262 1441 enim
1273 1379 1309 1438 de

208 1501 255 1542 me
270 1483 335 1562 ipso
348 1483 417 1542 mihi
432 1477 589 1541 dicendum'
600 1490 657 1553 est,
673 1479 726 1541 sed
742 1481 824 1539 facta
844 1488 875 1539 et
898 1497 944 1538 res
970 1477 1044 1557 ipsoe
1066 1475 1310 1544 declarabunt-7

207 1575 400 1635 communiter
415 1575 514 1634 datam
535 1572 692 1653 pecuniam
714 1572 866 1630 universos
889 1571 1014 1649 putebat
1027 1568 1124 1628 statim
1140 1578 1249 1626 temere
1263 1584 1312 1623 ac-

207 1675 356 1746 cepturos.
399 1667 459 1726 Eos
482 1665 571 1744 igitur
585 1665 614 1722 in
637 1673 701 1724 tuto
720 1664 792 1738 fore,
806 1664 900 1742 quise
914 1661 1048 1740 privatim
1062 1659 1275 1728 vendidissent,
1289 1657 1313 1716 si

208 1759 256 1818 vel
275 1759 427 1818 minimum
442 1757 633 1817 communiter
653 1757 731 1816 datae
745 1755 878 1834 pecuniae
892 1755 1119 1833 accepissemus.
1162 1751 1206 1809 Eo
1222 1749 1313 1808 daha·

209 1863 275 1912 tur:
296 1851 453 1931 hospitalia
467 1861 704 1932 autemlmunera
722 1851 969 1927 praetexebantnr.
1012 1846 1053 1905 Ut
1065 1856 1162 1905 autem
1176 1862 1233 1921 ego
1246 1853 1311 1921 pro*

208 1938 300 2014 hihui,
310 1961 410 2001 rursus
424 1941 473 2000 isti
487 1942 524 2000 de
539 1941 655 2020 integro
669 1940 785 2000 interae
799 1939 895 2018 pertiti
910 1948 989 1998 sunt.
1012 1937 1088 1997 Cum
1100 1956 1168 1996 vero
1182 1943 1311 2014 peterem
1323 1951 1324 1956 ¹
1390 2006 1393 2009 .

199 2053 228 2102 ,a
241 2033 378 2113 Philippo
392 2045 424 2092 ut
443 2053 508 2092 eam
522 2033 679 2112 pecuniam
696 2032 727 2092 in
741 2033 871 2111 captivos
886 2031 1078 2111 impenderet,
1093 2049 1188 2108 neque
1204 2045 1310 2132 oppor-

209 2137 315 2186 tunum
327 2126 369 2186 illi
381 2126 458 2185 fuit
451 2135 521 2186 ustos
536 2125 670 2206 prodere,
684 2134 736 2186 aut
750 2124 848 2185 dicere
862 2124 955 2194 illum,
974 2124 1022 2183 vel
1046 2122 1129 2181 illum
1152 2121 1312 2200 accepisse,

209 2239 304 2298 neque
317 2219 479 2298 impensam
488 2218 621 2324 fugere.
626 2217 776 2277 Assensus
790 2226 835 2276 est
844 2216 943 2296 igitur,
954 2216 1007 2276 sed
1022 2215 1117 2283 elusit,
1134 2233 1167 2274 sc
1180 2212 1220 2272 ad
1235 2211 1312 2270 Pon·

213 2312 348 2372 athenea
368 2311 434 2372 illos
460 2297 634 2371 amissurum
657 2309 816 2388 pollicitus.
861 2308 967 2368 Recita
998 2308 1086 2388 igitur
1116 2304 1312 2366 testimonium

212 2402 442 2484 Apollophanis,
457 2402 563 2463 deinde
577 2400 699 2462 oliorum
712 2421 763 2480 qur
755 2400 939 2480 'adfuerunt

488 2629 494 2640 =
534 2557 536 2566 ’
599 2603 906 2686 rnsrruonruu.
947 2573 950 2578 ’

185 2797 191 2802 .
252 2749 303 2808 50.
324 2748 400 2826 Age,
413 2746 497 2808 vobis
517 2765 663 2825 exponam
685 2747 782 2819 etiam,
805 2755 878 2824 quot
899 2746 963 2825 ipse
985 2745 1115 2826 captivos
1126 2743 1310 2806 redemerim.

213 2841 295 2902 Dum
308 2839 385 2900 enim
398 2848 468 2900 ante
481 2839 607 2908 reditum
631 2839 760 2918 Philippi
785 2839 878 2899 Pelloe
902 2840 1162 2912 commorabamur,
1182 2839 1314 2900 nonnulli

212 2933 403 3022 captivorum,
417 2953 467 3012 qur
459 2931 571 3006 vades
586 2931 740 3003 dederant,
754 2931 930 3005 diffidentes,
942 2942 976 2992 ut
989 2931 1059 2992 mihi
1068 2931 1193 3003 videtur,
1209 2951 1240 2993 se
1250 2939 1317 3013 post

212 3013 378 3105 aPhilippo
392 3025 445 3086 id
437 3033 652 3105 impetraturos,
675 3023 821 3096 dixerunt,
844 3043 875 3084 se
889 3023 964 3084 velle
977 3025 1149 3102 semetipsos
1163 3023 1316 3096 redimere,

210 3138 308 3197 neque
327 3117 358 3176 id
376 3118 551 3178 beneficium
565 3124 721 3195 acceptum
735 3116 870 3197 Philippo
883 3115 1046 3185 relaturos;
1068 3124 1099 3174 et
1111 3125 1216 3176 mutuo
1238 3135 1317 3176 sum·

191 3205 346 3300 pserunt,
361 3209 435 3269 elius
455 3219 514 3269 tres
534 3209 638 3280 minas,
656 3207 730 3268 alius
748 3209 888 3287 quinque,
904 3208 978 3268 nlius
993 3217 1079 3287 prout
1091 3207 1194 3287 cuique
1215 3208 1319 3268 condi-

211 3303 306 3362 tiones
326 3311 410 3379 erant
423 3301 591 3384 preposite.
616 3287 791 3380 Postquam
805 3309 903 3360 autem
918 3299 1071 3405 Philippus
1090 3299 1239 3379 pollicitus
1252 3299 1319 3373 fuit,

200 3397 246 3456 'se
270 3402 383 3454 ceteros
405 3394 511 3454 missos
530 3394 688 3476 lucturum,
712 3413 769 3472 ego
793 3394 963 3454 convocatis
987 3393 1031 3464 iis,
1057 3393 1164 3472 quihus
1183 3399 1319 3452 mutuam

16 3509 18 3540 ι
105 3541 109 3547 .
212 3485 370 3568 pecuniam
392 3485 456 3566 ipse
479 3485 629 3558 dederam,
646 3496 677 3546 et
699 3495 831 3546 notorum
845 3482 1084 3548 commonefactis
1100 3488 1149 3560 (ne
1164 3503 1248 3544 suam
1262 3483 1321 3545 sibi

213 3579 430 3640 festinationem
442 3577 538 3638 fraudi
558 3578 651 3639 luisse
671 3587 818 3657 putarent,
833 3598 908 3639 neve
933 3579 996 3638 suis
1007 3577 1173 3656 sumptibus
1191 3577 1322 3638 redime.

213 3681 315 3756 rentur
327 3681 436 3732 tenues·
446 3669 591 3744 homines,
607 3691 674 3732 cum
696 3689 764 3752 spes
785 3680 873 3744 esset,
889 3669 951 3731 fore
975 3679 1008 3728 ut
1028 3669 1117 3729 ceteri
1141 3687 1159 3728 a
1178 3669 1323 3752 Philippo

213 3763 440 3840 dimitterentur)
463 3764 542 3823 dono
565 3763 634 3822 dedi
656 3765 780 3842 pretium
801 3762 1018 3843 redemptionis.
1060 3762 1136 3830 Qum
1155 3772 1190 3842 ut
1210 3783 1323 3824 verca

215 3874 263 3917 me
276 3856 335 3947 dici
348 3865 474 3930 constet,
489 3855 580 3916 recita
593 3863 624 3914 et
635 3855 699 3913 hmo
714 3855 890 3917 testimonie.

629 4069 904 4132 rnsrrnronrr..
925 4041 933 4050 ’

257 4221 307 4280 51.
329 4220 425 4288 Quem
439 4223 527 4304 igitur
544 4226 642 4286 remisi
655 4228 821 4305 pecuniam,
836 4235 867 4286 et
880 4225 959 4286 dono
973 4223 1044 4292 dedi
1056 4223 1239 4294 calamitosis
1255 4231 1329 4292 ciri-

195 4330 198 4338 *
214 4311 281 4388 bus,
301 4311 366 4372 haeo
383 4323 439 4374 est.
462 4331 468 4352 ι
481 4315 570 4388 Quod
583 4319 607 4378 si
619 4338 688 4379 mox
703 4319 758 4380 iste
767 4319 811 4380 ad
824 4338 877 4380 vos
889 4317 979 4395 dicet,
991 4337 1044 4378 cur
1055 4317 1196 4408 tandem,
1212 4319 1331 4388 Demo-

936 4581 959 4611 Ι
