2932 4952
270 299 274 304 '
438 317 610 376 cannen
632 316 954 414 nunnormnem.
1029 308 1033 315 ’
1193 277 1281 396 aaa¹

147 484 328 534 secretorum
342 475 601 556 magnificentiam,
613 475 763 556 propylaea
772 475 832 552 illa,
843 476 936 534 aedem
947 473 1100 542 Minervae,
1109 472 1249 552 porticus,
1283 485 1288 490 “
1302 477 1308 488 “

147 568 283 626 navalia:
304 587 364 626 non
379 568 515 627 urceolos
535 568 733 646 duos‚,neque
755 585 843 627 aurea
861 567 983 626 vascula
1003 567 1059 625 tria
1077 576 1250 644 quatuorve,

148 658 231 717 libroe
254 659 370 736 singula
389 658 538 738 pondere;
560 679 636 737 qnae,
664 679 731 718 curn
750 658 846 717 visum
865 659 917 717 tibi
937 658 1032 728 suerit,
1054 659 1158 717 iterum
1179 679 1251 718 con-

146 751 251 816 flenda
270 769 332 810 esse
355 751 506 810 decernes.
542 751 647 830 Neque
670 751 745 826 enirn
768 749 887 808 decimis
912 770 930 808 a
952 749 1063 809 civibus
1081 741 1250 828 exigendis,

148 863 245 923 neque
262 835 303 908 ¹iis
317 861 383 920 quae
396 843 498 902 hostes
513 843 742 922 imprecarentur
761 841 914 912 faciendis,
939 851 969 900 et
989 841 1104 900 tributis
1126 842 1249 920 geminis

148 934 416 1008 comminiscendis,
431 955 466 994 ea
489 934 676 1000 dedicendum
699 954 796 1012 neque
815 933 919 994 talibus
942 943 1058 992 utentes
1079 933 1250 1006 consiliariis

149 1025 247 1104 qualis
261 1036 293 1085 tu
313 1046 355 1096 es,
375 1026 583 1104 rempublicam
599 1035 782 1102 gesserunt:¹
797 1023 849 1090 sed
871 1024 1003 1094 hostibus
1026 1023 1188 1096 vincendis,
1210 1037 1250 1096 et,

150 1117 233 1196 qnod
253 1117 388 1177 omnibus
409 1117 537 1176 cordatis
558 1116 684 1196 optabile
707 1125 762 1186 est,
784 1116 940 1175 concordia
960 1116 1036 1174 inter
1055 1115 1132 1174 cives
1153 1117 1251 1188 conci·
1317 1113 1325 1122 “

148 1209 261 1282 banda,
275 1209 467 1270 immortalem
482 1209 527 1268 sui
540 1208 665 1273 nominis
677 1208 799 1286 gloriam
813 1206 1000 1284 reliquerunt,
1014 1227 1065 1266 eos
1083 1216 1180 1266 autem
1201 1209 1252 1284 qui

150 1303 211 1364 tuis
228 1302 329 1360 studiis
353 1302 583 1372 delectabantur,
603 1299 669 1358 foro
690 1299 910 1378 prohibuerunt.
946 1299 1007 1358 Vos
1028 1307 1137 1370 autem,
1158 1299 1253 1357 Athe·

148 1394 280 1465 nienses,
294 1413 329 1454 eo
343 1392 463 1464 adducti
476 1392 547 1454 estis
562 1392 704 1452 socordiae
718 1403 747 1452 et
760 1391 957 1470 negligentiae,
972 1403 1016 1463 ut,
1031 1391 1102 1451 talia
1119 1391 1252 1472 exempla
1300 1469 1305 1474 ,

148 1506 219 1546 eum
243 1485 385 1558 habeatis,
408 1503 466 1544 non
493 1495 591 1544 temen
614 1483 784 1548 imitemini:
809 1485 862 1547 sed
882 1484 1025 1545 Androtio
1047 1485 1085 1554 sit
1102 1485 1184 1543 vobis
1204 1503 1251 1542 so·

148 1578 283 1636 lennium
298 1595 434 1640 vasorum
448 1577 631 1646 instaurator.
666 1575 820 1647 Androtio‚
834 1595 852 1635 o
866 1577 906 1640 dii
919 1576 1115 1637 immortales!
1143 1575 1182 1635 Et
1194 1575 1252 1634 hoe

150 1668 273 1751 impium
288 1669 401 1728 facinus
415 1669 476 1729 ullo
491 1668 548 1730 alio
562 1669 914 1730 esse‘levius-existimatis
924 1670 943 1734 i,
959 1671 1034 1729 Nam
1055 1689 1111 1748 ego
1132 1669 1250 1748 quidem

151 1763 197 1821 ite
219 1779 336 1832 cense0,
349 1779 424 1834 eum,
437 1761 491 1839 'qui
512 1761 583 1820 lana
600 1761 797 1844 ingressurus,
811 1771 841 1820 et
855 1761 972 1820 lavacra
993 1771 1023 1821 et
1042 1772 1155 1840 sportas
1176 1770 1251 1821 atta·

151 1865 256 1913 cturus
270 1852 318 1923 sit,
339 1862 370 1910 et
389 1871 484 1911 rerum
505 1851 667 1926 divinarum
682 1853 830 1916 ,curationi
851 1853 1038 1930 praefuturus,
1060 1873 1119 1912 non
1140 1863 1251 1913 cenum

151 1943 245 2004 modo
257 1943 368 2004 dierum
384 1962 537 2004 numerum
551 1954 663 2002 castum
687 1963 752 2002 esse
772 1954 915 2022 oportere,
930 1945 982 2003 sed
995 1965 1046 2024 per
1060 1955 1150 2014 totam
1163 1946 1251 2005 vitam

139 2039 176 2101 ‘a
189 2035 294 2106 annos
308 2033 422 2110 saltn,
436 2035 531 2116 rums
544 2035 627 2110 istius
640 2036 700 2112 rin
713 2047 770 2110 ert,
781 2035 871 2112 fuisse
884 2035 1019 2111 alienun.
