<?xml version="1.0" encoding="UTF-8"?>
<!DOCTYPE html PUBLIC "-//W3C//DTD XHTML 1.0 Transitional//EN"
    "http://www.w3.org/TR/xhtml1/DTD/xhtml1-transitional.dtd">
<html xmlns="http://www.w3.org/1999/xhtml" xml:lang="en" lang="en">
 <head>
  <title>
</title>
<meta http-equiv="Content-Type" content="text/html;charset=utf-8" />
  <meta name='ocr-system' content='tesseract 3.04.00' />
  <meta name='ocr-capabilities' content='ocr_page ocr_carea ocr_par ocr_line ocrx_word'/>
</head>
<body>
  <div class='ocr_page' id='page_1' title='image "./demosthenisetsc08ulpigoog/demosthenisetsc08ulpigoog_0237.png"; bbox 0 0 2946 4954; ppageno 0'>
   <div class='ocr_carea' id='block_1_1' title="bbox 172 211 1054 314">
    <p class='ocr_par' dir='ltr' id='par_1_1' title="bbox 172 211 1054 314">
     <span class='ocr_line' id='line_1_1' title="bbox 172 211 1054 314; baseline 0.005 -8"><span class='ocrx_word' id='word_1_1' title='bbox 172 251 231 308; x_wconf 80' lang='lat' dir='ltr'><strong>mo</strong></span> <span class='ocrx_word' id='word_1_2' title='bbox 412 249 470 308; x_wconf 80' lang='lat' dir='ltr'><strong>nu</strong></span> <span class='ocrx_word' id='word_1_3' title='bbox 492 251 606 308; x_wconf 77' lang='lat' dir='ltr'><strong>mnia</strong></span> <span class='ocrx_word' id='word_1_4' title='bbox 628 249 758 310; x_wconf 78' lang='lat' dir='ltr'><strong>essm</strong></span> <span class='ocrx_word' id='word_1_5' title='bbox 779 211 1054 314; x_wconf 74' lang='lat' dir='ltr'><strong>usuario-un</strong></span> 
     </span>
    </p>
   </div>
   <div class='ocr_carea' id='block_1_2' title="bbox 112 400 1292 2414">
    <p class='ocr_par' dir='ltr' id='par_1_2' title="bbox 112 400 1276 1039">
     <span class='ocr_line' id='line_1_2' title="bbox 173 400 1272 485; baseline 0.004 -25"><span class='ocrx_word' id='word_1_6' title='bbox 173 400 238 480; x_wconf 90' lang='lat' dir='ltr'><strong>Ego</strong></span> <span class='ocrx_word' id='word_1_7' title='bbox 251 419 320 462; x_wconf 88' lang='lat' dir='ltr'><strong>vero</strong></span> <span class='ocrx_word' id='word_1_8' title='bbox 330 421 432 482; x_wconf 89' lang='lat' dir='ltr'><strong>pacem</strong></span> <span class='ocrx_word' id='word_1_9' title='bbox 445 403 541 476; x_wconf 87' lang='lat' dir='ltr'><strong>istam,</strong></span> <span class='ocrx_word' id='word_1_10' title='bbox 550 405 621 464; x_wconf 88' lang='lat' dir='ltr'><strong>dum</strong></span> <span class='ocrx_word' id='word_1_11' title='bbox 635 423 709 464; x_wconf 88' lang='lat' dir='ltr'><strong>unus</strong></span> <span class='ocrx_word' id='word_1_12' title='bbox 722 405 912 465; x_wconf 81' lang='lat' dir='ltr'>Atheniensis</span> <span class='ocrx_word' id='word_1_13' title='bbox 926 404 1111 485; x_wconf 79' lang='lat' dir='ltr'><strong>superfuerit,</strong></span> <span class='ocrx_word' id='word_1_14' title='bbox 1119 421 1272 484; x_wconf 89' lang='lat' dir='ltr'><strong>nunquam</strong></span> 
     </span>
     <span class='ocr_line' id='line_1_3' title="bbox 171 494 1274 576; baseline 0.001 -21"><span class='ocrx_word' id='word_1_15' title='bbox 171 494 282 556; x_wconf 88' lang='lat' dir='ltr'><strong>civitati</strong></span> <span class='ocrx_word' id='word_1_16' title='bbox 292 497 431 556; x_wconf 89' lang='lat' dir='ltr'><strong>suaserim</strong></span> <span class='ocrx_word' id='word_1_17' title='bbox 443 518 450 565; x_wconf 88' lang='lat'>;</span> <span class='ocrx_word' id='word_1_18' title='bbox 466 517 568 576; x_wconf 91' lang='lat' dir='ltr'><strong>pacem</strong></span> <span class='ocrx_word' id='word_1_19' title='bbox 582 507 680 556; x_wconf 91' lang='lat' dir='ltr'><strong>tamen</strong></span> <span class='ocrx_word' id='word_1_20' title='bbox 691 497 855 558; x_wconf 85' lang='lat' dir='ltr'><strong>faciendam</strong></span> <span class='ocrx_word' id='word_1_21' title='bbox 868 517 933 558; x_wconf 89' lang='lat' dir='ltr'><strong>esse</strong></span> <span class='ocrx_word' id='word_1_22' title='bbox 947 497 1024 558; x_wconf 90' lang='lat' dir='ltr'><strong>dico.</strong></span> <span class='ocrx_word' id='word_1_23' title='bbox 1038 497 1122 558; x_wconf 88' lang='lat' dir='ltr'><strong>Talia</strong></span> <span class='ocrx_word' id='word_1_24' title='bbox 1132 496 1274 574; x_wconf 89' lang='lat' dir='ltr'><strong>loqueba·</strong></span> 
     </span>
     <span class='ocr_line' id='line_1_4' title="bbox 173 587 1274 668; baseline 0 -22"><span class='ocrx_word' id='word_1_25' title='bbox 173 596 220 646; x_wconf 88' lang='lat' dir='ltr'><strong>tur</strong></span> <span class='ocrx_word' id='word_1_26' title='bbox 233 587 359 647; x_wconf 87' lang='lat' dir='ltr'><strong>breviter</strong></span> <span class='ocrx_word' id='word_1_27' title='bbox 369 597 399 648; x_wconf 92' lang='lat' dir='ltr'><strong>et</strong></span> <span class='ocrx_word' id='word_1_28' title='bbox 409 590 569 652; x_wconf 82' lang='lat' dir='ltr'><strong>moderate.</strong></span> <span class='ocrx_word' id='word_1_29' title='bbox 603 590 662 655; x_wconf 84' lang='lat' dir='ltr'><strong>Qui</strong></span> <span class='ocrx_word' id='word_1_30' title='bbox 675 608 745 650; x_wconf 92' lang='lat' dir='ltr'><strong>vero</strong></span> <span class='ocrx_word' id='word_1_31' title='bbox 757 589 850 668; x_wconf 86' lang='lat' dir='ltr'><strong>pridie</strong></span> <span class='ocrx_word' id='word_1_32' title='bbox 869 590 934 649; x_wconf 81' lang='lat' dir='ltr'><strong>hoec</strong></span> <span class='ocrx_word' id='word_1_33' title='bbox 950 590 1072 661; x_wconf 81' lang='lat' dir='ltr'><strong>dixerat,</strong></span> <span class='ocrx_word' id='word_1_34' title='bbox 1086 587 1274 650; x_wconf 84' lang='lat' dir='ltr'><strong>audientibus</strong></span> 
     </span>
     <span class='ocr_line' id='line_1_5' title="bbox 173 680 1275 761; baseline -0.002 -21"><span class='ocrx_word' id='word_1_35' title='bbox 173 680 257 741; x_wconf 90' lang='lat' dir='ltr'><strong>vobis</strong></span> <span class='ocrx_word' id='word_1_36' title='bbox 271 681 416 754; x_wconf 88' lang='lat' dir='ltr'><strong>omnibus,</strong></span> <span class='ocrx_word' id='word_1_37' title='bbox 434 681 511 740; x_wconf 90' lang='lat' dir='ltr'><strong>idem</strong></span> <span class='ocrx_word' id='word_1_38' title='bbox 529 681 558 739; x_wconf 91' lang='lat' dir='ltr'><strong>in</strong></span> <span class='ocrx_word' id='word_1_39' title='bbox 572 683 743 759; x_wconf 87' lang='lat' dir='ltr'><strong>posteriore,</strong></span> <span class='ocrx_word' id='word_1_40' title='bbox 754 701 822 742; x_wconf 89' lang='lat' dir='ltr'><strong>cum</strong></span> <span class='ocrx_word' id='word_1_41' title='bbox 835 702 894 761; x_wconf 87' lang='lat' dir='ltr'><strong>pax</strong></span> <span class='ocrx_word' id='word_1_42' title='bbox 909 681 1111 742; x_wconf 86' lang='lat' dir='ltr'><strong>confirmanda</strong></span> <span class='ocrx_word' id='word_1_43' title='bbox 1124 689 1213 751; x_wconf 89' lang='lat' dir='ltr'><strong>esset,</strong></span> <span class='ocrx_word' id='word_1_44' title='bbox 1227 699 1275 739; x_wconf 90' lang='lat' dir='ltr'><strong>me</strong></span> 
     </span>
     <span class='ocr_line' id='line_1_6' title="bbox 175 772 1276 860; baseline -0.002 -26"><span class='ocrx_word' id='word_1_45' title='bbox 175 773 320 835; x_wconf 90' lang='lat' dir='ltr'><strong>sociorum</strong></span> <span class='ocrx_word' id='word_1_46' title='bbox 334 773 485 834; x_wconf 89' lang='lat' dir='ltr'><strong>decretum</strong></span> <span class='ocrx_word' id='word_1_47' title='bbox 498 772 686 848; x_wconf 83' lang='lat' dir='ltr'><strong>defendente,</strong></span> <span class='ocrx_word' id='word_1_48' title='bbox 706 785 736 834; x_wconf 89' lang='lat' dir='ltr'><strong>et</strong></span> <span class='ocrx_word' id='word_1_49' title='bbox 755 774 786 836; x_wconf 92' lang='lat' dir='ltr'><strong>id</strong></span> <span class='ocrx_word' id='word_1_50' title='bbox 805 784 973 860; x_wconf 32' lang='lat' dir='ltr'><strong>agenta-ut</strong></span> <span class='ocrx_word' id='word_1_51' title='bbox 984 795 1042 855; x_wconf 89' lang='lat' dir='ltr'><strong>pax</strong></span> <span class='ocrx_word' id='word_1_52' title='bbox 1051 775 1135 854; x_wconf 86' lang='lat' dir='ltr'><strong>justa</strong></span> <span class='ocrx_word' id='word_1_53' title='bbox 1147 783 1178 832; x_wconf 90' lang='lat' dir='ltr'><strong>et</strong></span> <span class='ocrx_word' id='word_1_54' title='bbox 1190 792 1276 852; x_wconf 84' lang='lat' dir='ltr'><strong>aequa</strong></span> 
     </span>
     <span class='ocr_line' id='line_1_7' title="bbox 174 864 1276 948; baseline -0.003 -23"><span class='ocrx_word' id='word_1_55' title='bbox 174 865 266 938; x_wconf 89' lang='lat' dir='ltr'><strong>fieret,</strong></span> <span class='ocrx_word' id='word_1_56' title='bbox 280 866 421 946; x_wconf 88' lang='lat' dir='ltr'><strong>vobisque</strong></span> <span class='ocrx_word' id='word_1_57' title='bbox 437 866 479 926; x_wconf 91' lang='lat' dir='ltr'><strong>ita</strong></span> <span class='ocrx_word' id='word_1_58' title='bbox 500 867 704 936; x_wconf 81' lang='lat' dir='ltr'><strong>sentientibus,</strong></span> <span class='ocrx_word' id='word_1_59' title='bbox 721 886 755 926; x_wconf 90' lang='lat' dir='ltr'><strong>ao</strong></span> <span class='ocrx_word' id='word_1_60' title='bbox 780 887 817 926; x_wconf 88' lang='lat' dir='ltr'><strong>ne</strong></span> <span class='ocrx_word' id='word_1_61' title='bbox 833 885 935 928; x_wconf 90' lang='lat' dir='ltr'><strong>vocem</strong></span> <span class='ocrx_word' id='word_1_62' title='bbox 952 867 1071 944; x_wconf 86' lang='lat' dir='ltr'><strong>quidem</strong></span> <span class='ocrx_word' id='word_1_63' title='bbox 1095 864 1276 948; x_wconf 77' lang='lat' dir='ltr'><strong>spurcissimi</strong></span> 
     </span>
     <span class='ocr_line' id='line_1_8' title="bbox 112 955 1276 1039; baseline -0.004 -22"><span class='ocrx_word' id='word_1_64' title='bbox 112 1027 115 1039; x_wconf 35' lang='grc' dir='ltr'><strong><em>Ι</em></strong></span> <span class='ocrx_word' id='word_1_65' title='bbox 177 956 352 1026; x_wconf 82' lang='lat' dir='ltr'><strong>Philocratis</strong></span> <span class='ocrx_word' id='word_1_66' title='bbox 372 957 473 1018; x_wconf 85' lang='lat' dir='ltr'><strong>audire</strong></span> <span class='ocrx_word' id='word_1_67' title='bbox 490 957 668 1031; x_wconf 88' lang='lat' dir='ltr'><strong>volentibus,</strong></span> <span class='ocrx_word' id='word_1_68' title='bbox 683 958 775 1036; x_wconf 84' lang='lat' dir='ltr'><strong>surgit</strong></span> <span class='ocrx_word' id='word_1_69' title='bbox 791 958 829 1018; x_wconf 88' lang='lat' dir='ltr'><strong>ad</strong></span> <span class='ocrx_word' id='word_1_70' title='bbox 850 957 1094 1028; x_wconf 89' lang='lat' dir='ltr'><strong>concionandum,</strong></span> <span class='ocrx_word' id='word_1_71' title='bbox 1108 955 1207 1033; x_wconf 90' lang='lat' dir='ltr'><strong>illique</strong></span> <span class='ocrx_word' id='word_1_72' title='bbox 1224 973 1276 1034; x_wconf 90' lang='lat' dir='ltr'><strong>pa-</strong></span> 
     </span>
    </p>

    <p class='ocr_par' dir='ltr' id='par_1_3' title="bbox 135 1045 1281 1666">
     <span class='ocr_line' id='line_1_9' title="bbox 135 1045 1278 1122; baseline -0.006 -13"><span class='ocrx_word' id='word_1_73' title='bbox 135 1081 138 1090; x_wconf 92' lang='lat'><em>·</em></span> <span class='ocrx_word' id='word_1_74' title='bbox 175 1052 343 1122; x_wconf 85' lang='lat' dir='ltr'><strong>trocinatur,¹</strong></span> <span class='ocrx_word' id='word_1_75' title='bbox 357 1048 464 1122; x_wconf 88' lang='lat' dir='ltr'><strong>verbis,</strong></span> <span class='ocrx_word' id='word_1_76' title='bbox 485 1067 503 1108; x_wconf 94' lang='lat' dir='ltr'><strong>o</strong></span> <span class='ocrx_word' id='word_1_77' title='bbox 523 1049 564 1108; x_wconf 94' lang='lat' dir='ltr'><strong>dii</strong></span> <span class='ocrx_word' id='word_1_78' title='bbox 589 1048 779 1121; x_wconf 90' lang='lat' dir='ltr'><strong>immortales,</strong></span> <span class='ocrx_word' id='word_1_79' title='bbox 802 1049 901 1108; x_wconf 89' lang='lat' dir='ltr'><strong>multis</strong></span> <span class='ocrx_word' id='word_1_80' title='bbox 915 1048 1058 1111; x_wconf 90' lang='lat' dir='ltr'><strong>mortibus</strong></span> <span class='ocrx_word' id='word_1_81' title='bbox 1072 1045 1278 1108; x_wconf 83' lang='lat' dir='ltr'><strong>vindicandis:</strong></span> 
     </span>
     <span class='ocr_line' id='line_1_10' title="bbox 175 1139 1280 1222; baseline -0.004 -20"><span class='ocrx_word' id='word_1_82' title='bbox 175 1162 273 1222; x_wconf 89' lang='lat' dir='ltr'><strong>neque</strong></span> <span class='ocrx_word' id='word_1_83' title='bbox 286 1143 430 1222; x_wconf 87' lang='lat' dir='ltr'><strong>majorum</strong></span> <span class='ocrx_word' id='word_1_84' title='bbox 443 1140 590 1201; x_wconf 90' lang='lat' dir='ltr'><strong>recordari</strong></span> <span class='ocrx_word' id='word_1_85' title='bbox 602 1161 655 1201; x_wconf 88' lang='lat' dir='ltr'><strong>vos</strong></span> <span class='ocrx_word' id='word_1_86' title='bbox 675 1151 822 1220; x_wconf 85' lang='lat' dir='ltr'><strong>oportere,</strong></span> <span class='ocrx_word' id='word_1_87' title='bbox 838 1161 996 1220; x_wconf 86' lang='lat' dir='ltr'><strong>nequeeos</strong></span> <span class='ocrx_word' id='word_1_88' title='bbox 1008 1141 1057 1219; x_wconf 91' lang='lat' dir='ltr'><strong>qui</strong></span> <span class='ocrx_word' id='word_1_89' title='bbox 1070 1139 1234 1218; x_wconf 89' lang='lat' dir='ltr'><strong>triumphos</strong></span> <span class='ocrx_word' id='word_1_90' title='bbox 1248 1147 1280 1198; x_wconf 90' lang='lat' dir='ltr'><strong>et</strong></span> 
     </span>
     <span class='ocr_line' id='line_1_11' title="bbox 175 1229 1280 1314; baseline -0.004 -20"><span class='ocrx_word' id='word_1_91' title='bbox 175 1229 293 1297; x_wconf 76' lang='lat' dir='ltr'><strong>navalia</strong></span> <span class='ocrx_word' id='word_1_92' title='bbox 300 1233 401 1314; x_wconf 83' lang='lat' dir='ltr'><strong>praelia</strong></span> <span class='ocrx_word' id='word_1_93' title='bbox 408 1242 569 1305; x_wconf 88' lang='lat' dir='ltr'><strong>narrarent,</strong></span> <span class='ocrx_word' id='word_1_94' title='bbox 579 1232 715 1304; x_wconf 91' lang='lat' dir='ltr'><strong>tolerare,</strong></span> <span class='ocrx_word' id='word_1_95' title='bbox 726 1252 815 1311; x_wconf 90' lang='lat' dir='ltr'><strong>seque</strong></span> <span class='ocrx_word' id='word_1_96' title='bbox 823 1231 890 1312; x_wconf 90' lang='lat' dir='ltr'><strong>lege</strong></span> <span class='ocrx_word' id='word_1_97' title='bbox 904 1233 966 1292; x_wconf 87' lang='lat' dir='ltr'><strong>lata</strong></span> <span class='ocrx_word' id='word_1_98' title='bbox 975 1233 1173 1302; x_wconf 84' lang='lat' dir='ltr'><strong>decreturum,</strong></span> <span class='ocrx_word' id='word_1_99' title='bbox 1184 1249 1220 1290; x_wconf 88' lang='lat' dir='ltr'><strong>ne</strong></span> <span class='ocrx_word' id='word_1_100' title='bbox 1231 1231 1280 1290; x_wconf 91' lang='lat' dir='ltr'><strong>cui</strong></span> 
     </span>
     <span class='ocr_line' id='line_1_12' title="bbox 178 1322 1279 1406; baseline -0.007 -18"><span class='ocrx_word' id='word_1_101' title='bbox 178 1328 352 1390; x_wconf 87' lang='lat' dir='ltr'><strong>Graecorum</strong></span> <span class='ocrx_word' id='word_1_102' title='bbox 365 1346 452 1406; x_wconf 91' lang='lat' dir='ltr'><strong>opem</strong></span> <span class='ocrx_word' id='word_1_103' title='bbox 465 1326 590 1399; x_wconf 85' lang='lat' dir='ltr'><strong>ferretis,</strong></span> <span class='ocrx_word' id='word_1_104' title='bbox 600 1325 651 1403; x_wconf 92' lang='lat' dir='ltr'><strong>qui</strong></span> <span class='ocrx_word' id='word_1_105' title='bbox 665 1345 730 1387; x_wconf 63' lang='lat' dir='ltr'><strong>non,</strong></span> <span class='ocrx_word' id='word_1_106' title='bbox 738 1326 817 1405; x_wconf 91' lang='lat' dir='ltr'><strong>prior</strong></span> <span class='ocrx_word' id='word_1_107' title='bbox 830 1325 912 1385; x_wconf 85' lang='lat' dir='ltr'><strong>vobis</strong></span> <span class='ocrx_word' id='word_1_108' title='bbox 924 1344 1009 1404; x_wconf 85' lang='lat' dir='ltr'><strong>opem</strong></span> <span class='ocrx_word' id='word_1_109' title='bbox 1024 1324 1150 1383; x_wconf 88' lang='lat' dir='ltr'><strong>tulisset.</strong></span> <span class='ocrx_word' id='word_1_110' title='bbox 1180 1322 1279 1400; x_wconf 85' lang='lat' dir='ltr'><strong>Atque</strong></span> 
     </span>
     <span class='ocr_line' id='line_1_13' title="bbox 176 1408 1280 1496; baseline -0.007 -14"><span class='ocrx_word' id='word_1_111' title='bbox 176 1422 244 1482; x_wconf 85' lang='lat' dir='ltr'><strong>haec</strong></span> <span class='ocrx_word' id='word_1_112' title='bbox 254 1418 434 1480; x_wconf 85' lang='lat' dir='ltr'><strong>detestabilis</strong></span> <span class='ocrx_word' id='word_1_113' title='bbox 442 1417 499 1479; x_wconf 88' lang='lat' dir='ltr'><strong>iste</strong></span> <span class='ocrx_word' id='word_1_114' title='bbox 513 1428 542 1478; x_wconf 88' lang='lat' dir='ltr'><strong>et</strong></span> <span class='ocrx_word' id='word_1_115' title='bbox 556 1408 711 1496; x_wconf 89' lang='lat' dir='ltr'><strong>impudens</strong></span> <span class='ocrx_word' id='word_1_116' title='bbox 720 1417 817 1478; x_wconf 88' lang='lat' dir='ltr'><strong>dicere</strong></span> <span class='ocrx_word' id='word_1_117' title='bbox 828 1417 967 1489; x_wconf 89' lang='lat' dir='ltr'><strong>audebat,</strong></span> <span class='ocrx_word' id='word_1_118' title='bbox 978 1416 1160 1476; x_wconf 83' lang='lat' dir='ltr'><strong>adstantibus</strong></span> <span class='ocrx_word' id='word_1_119' title='bbox 1175 1413 1280 1493; x_wconf 87' lang='lat' dir='ltr'><strong>legatis</strong></span> 
     </span>
     <span class='ocr_line' id='line_1_14' title="bbox 179 1507 1281 1588; baseline -0.007 -14"><span class='ocrx_word' id='word_1_120' title='bbox 179 1514 210 1573; x_wconf 83' lang='lat' dir='ltr'><strong>&#39;et</strong></span> <span class='ocrx_word' id='word_1_121' title='bbox 218 1511 406 1573; x_wconf 89' lang='lat' dir='ltr'><strong>audientibus</strong></span> <span class='ocrx_word' id='word_1_122' title='bbox 420 1529 521 1588; x_wconf 90' lang='lat' dir='ltr'><strong>quose</strong></span> <span class='ocrx_word' id='word_1_123' title='bbox 535 1509 655 1572; x_wconf 88' lang='lat' dir='ltr'><strong>Graecia</strong></span> <span class='ocrx_word' id='word_1_124' title='bbox 667 1521 730 1570; x_wconf 89' lang='lat' dir='ltr'><strong>tum</strong></span> <span class='ocrx_word' id='word_1_125' title='bbox 743 1510 983 1571; x_wconf 85' lang='lat' dir='ltr'><strong>convocaveratis</strong></span> <span class='ocrx_word' id='word_1_126' title='bbox 996 1509 1035 1568; x_wconf 89' lang='lat' dir='ltr'><strong>de</strong></span> <span class='ocrx_word' id='word_1_127' title='bbox 1054 1508 1138 1568; x_wconf 87' lang='lat' dir='ltr'><strong>istius</strong></span> <span class='ocrx_word' id='word_1_128' title='bbox 1147 1507 1281 1580; x_wconf 87' lang='lat' dir='ltr'><strong>consilio,</strong></span> 
     </span>
     <span class='ocr_line' id='line_1_15' title="bbox 180 1600 1090 1666; baseline -0.012 -1"><span class='ocrx_word' id='word_1_129' title='bbox 180 1625 249 1665; x_wconf 90' lang='lat' dir='ltr'><strong>cum</strong></span> <span class='ocrx_word' id='word_1_130' title='bbox 264 1623 295 1662; x_wconf 90' lang='lat' dir='ltr'><strong>se</strong></span> <span class='ocrx_word' id='word_1_131' title='bbox 305 1601 436 1666; x_wconf 80' lang='lat' dir='ltr'><strong>nondum</strong></span> <span class='ocrx_word' id='word_1_132' title='bbox 448 1600 640 1660; x_wconf 81' lang='lat' dir='ltr'><strong>vendidisset.¹</strong></span> <span class='ocrx_word' id='word_1_133' title='bbox 1085 1645 1090 1654; x_wconf 88' lang='lat'><em>.</em></span> 
     </span>
    </p>

    <p class='ocr_par' dir='ltr' id='par_1_4' title="bbox 120 1681 1285 1961">
     <span class='ocr_line' id='line_1_16' title="bbox 222 1681 1283 1770; baseline -0.003 -16"><span class='ocrx_word' id='word_1_134' title='bbox 222 1699 251 1757; x_wconf 89' lang='lat'><strong>7.</strong></span> <span class='ocrx_word' id='word_1_135' title='bbox 275 1691 530 1762; x_wconf 80' lang='lat' dir='ltr'><strong>Quemadmodum</strong></span> <span class='ocrx_word' id='word_1_136' title='bbox 552 1690 650 1770; x_wconf 90' lang='lat' dir='ltr'><strong>igitur,</strong></span> <span class='ocrx_word' id='word_1_137' title='bbox 671 1681 879 1766; x_wconf 76' lang='lat' dir='ltr'><strong>AthenienseS,</strong></span> <span class='ocrx_word' id='word_1_138' title='bbox 893 1695 999 1754; x_wconf 89' lang='lat' dir='ltr'><strong>iterum</strong></span> <span class='ocrx_word' id='word_1_139' title='bbox 1013 1713 1031 1752; x_wconf 91' lang='lat' dir='ltr'><strong>a</strong></span> <span class='ocrx_word' id='word_1_140' title='bbox 1043 1691 1283 1756; x_wconf 80' lang='lat' dir='ltr'><strong>vobisdelectus</strong></span> 
     </span>
     <span class='ocr_line' id='line_1_17' title="bbox 181 1775 1283 1867; baseline -0.001 -22"><span class='ocrx_word' id='word_1_141' title='bbox 181 1789 221 1850; x_wconf 78' lang='lat' dir='ltr'><strong>ad</strong></span> <span class='ocrx_word' id='word_1_142' title='bbox 229 1783 436 1867; x_wconf 86' lang='lat' dir='ltr'><strong>jusjurandum</strong></span> <span class='ocrx_word' id='word_1_143' title='bbox 451 1783 630 1861; x_wconf 82' lang='lat' dir='ltr'><strong>exigendum</strong></span> <span class='ocrx_word' id='word_1_144' title='bbox 643 1791 674 1842; x_wconf 87' lang='lat' dir='ltr'><strong>et</strong></span> <span class='ocrx_word' id='word_1_145' title='bbox 687 1792 820 1862; x_wconf 89' lang='lat' dir='ltr'><strong>tempora</strong></span> <span class='ocrx_word' id='word_1_146' title='bbox 831 1785 1056 1864; x_wconf 80' lang='lat' dir='ltr'><strong>consumpserit,</strong></span> <span class='ocrx_word' id='word_1_147' title='bbox 1070 1794 1102 1844; x_wconf 87' lang='lat' dir='ltr'><strong>et</strong></span> <span class='ocrx_word' id='word_1_148' title='bbox 1116 1775 1214 1843; x_wconf 75' lang='lat' dir='ltr'><strong>omnia</strong></span> <span class='ocrx_word' id='word_1_149' title='bbox 1226 1785 1283 1844; x_wconf 86' lang='lat' dir='ltr'><strong>rei-</strong></span> 
     </span>
     <span class='ocr_line' id='line_1_18' title="bbox 120 1873 1285 1961; baseline -0.004 -21"><span class='ocrx_word' id='word_1_150' title='bbox 120 1905 123 1910; x_wconf 91' lang='lat'>·</span> <span class='ocrx_word' id='word_1_151' title='bbox 181 1878 309 1961; x_wconf 75' lang='lat' dir='ltr'><strong>publicae</strong></span> <span class='ocrx_word' id='word_1_152' title='bbox 335 1873 456 1953; x_wconf 89' lang='lat' dir='ltr'><strong>negotia</strong></span> <span class='ocrx_word' id='word_1_153' title='bbox 476 1873 649 1954; x_wconf 89' lang='lat' dir='ltr'><strong>corruperit,</strong></span> <span class='ocrx_word' id='word_1_154' title='bbox 670 1883 701 1933; x_wconf 90' lang='lat' dir='ltr'><strong>et</strong></span> <span class='ocrx_word' id='word_1_155' title='bbox 719 1895 786 1953; x_wconf 84' lang='lat' dir='ltr'><strong>quae</strong></span> <span class='ocrx_word' id='word_1_156' title='bbox 814 1873 886 1935; x_wconf 91' lang='lat' dir='ltr'><strong>mihi</strong></span> <span class='ocrx_word' id='word_1_157' title='bbox 910 1895 947 1936; x_wconf 88' lang='lat' dir='ltr'><strong>ea</strong></span> <span class='ocrx_word' id='word_1_158' title='bbox 964 1875 1118 1954; x_wconf 86' lang='lat' dir='ltr'><strong>prohibere</strong></span> <span class='ocrx_word' id='word_1_159' title='bbox 1142 1877 1285 1956; x_wconf 90' lang='lat' dir='ltr'><strong>cupienti,</strong></span> 
     </span>
    </p>

    <p class='ocr_par' dir='ltr' id='par_1_5' title="bbox 160 1966 1292 2414">
     <span class='ocr_line' id='line_1_19' title="bbox 182 1966 1289 2045; baseline -0.005 -11"><span class='ocrx_word' id='word_1_160' title='bbox 182 1968 386 2034; x_wconf 78' lang='lat' dir='ltr'><strong>contentiones</strong></span> <span class='ocrx_word' id='word_1_161' title='bbox 397 1985 462 2026; x_wconf 90' lang='lat' dir='ltr'><strong>cum</strong></span> <span class='ocrx_word' id='word_1_162' title='bbox 476 1966 639 2039; x_wconf 84' lang='lat' dir='ltr'><strong>coluerint,</strong></span> <span class='ocrx_word' id='word_1_163' title='bbox 653 1966 749 2025; x_wconf 87' lang='lat' dir='ltr'><strong>statim</strong></span> <span class='ocrx_word' id='word_1_164' title='bbox 760 1966 895 2028; x_wconf 88' lang='lat' dir='ltr'><strong>audietis.</strong></span> <span class='ocrx_word' id='word_1_165' title='bbox 919 1967 1082 2045; x_wconf 85' lang='lat' dir='ltr'><strong>Postquam</strong></span> <span class='ocrx_word' id='word_1_166' title='bbox 1089 1977 1189 2028; x_wconf 87' lang='lat' dir='ltr'><strong>autem</strong></span> <span class='ocrx_word' id='word_1_167' title='bbox 1199 1969 1236 2028; x_wconf 91' lang='lat' dir='ltr'><strong>ab</strong></span> <span class='ocrx_word' id='word_1_168' title='bbox 1250 1987 1289 2028; x_wconf 88' lang='lat' dir='ltr'><strong>ea</strong></span> 
     </span>
     <span class='ocr_line' id='line_1_20' title="bbox 181 2057 1288 2144; baseline -0.003 -23"><span class='ocrx_word' id='word_1_169' title='bbox 181 2062 341 2144; x_wconf 83' lang='lat' dir='ltr'><strong>legatione,</strong></span> <span class='ocrx_word' id='word_1_170' title='bbox 354 2069 472 2138; x_wconf 91' lang='lat' dir='ltr'><strong>propter</strong></span> <span class='ocrx_word' id='word_1_171' title='bbox 485 2057 663 2137; x_wconf 86' lang='lat' dir='ltr'><strong>exigendum</strong></span> <span class='ocrx_word' id='word_1_172' title='bbox 668 2057 876 2136; x_wconf 88' lang='lat' dir='ltr'><strong>jusjurandum</strong></span> <span class='ocrx_word' id='word_1_173' title='bbox 890 2069 1039 2138; x_wconf 87' lang='lat' dir='ltr'><strong>suscepta,</strong></span> <span class='ocrx_word' id='word_1_174' title='bbox 1050 2061 1160 2120; x_wconf 89' lang='lat' dir='ltr'><strong>reversi</strong></span> <span class='ocrx_word' id='word_1_175' title='bbox 1174 2077 1288 2131; x_wconf 90' lang='lat' dir='ltr'><strong>sumus,</strong></span> 
     </span>
     <span class='ocr_line' id='line_1_21' title="bbox 160 2148 1290 2234; baseline -0.007 -16"><span class='ocrx_word' id='word_1_176' title='bbox 160 2223 165 2230; x_wconf 55' lang='grc'><strong>,</strong></span> <span class='ocrx_word' id='word_1_177' title='bbox 184 2157 224 2218; x_wconf 91' lang='lat' dir='ltr'><strong>ad</strong></span> <span class='ocrx_word' id='word_1_178' title='bbox 237 2172 325 2234; x_wconf 90' lang='lat' dir='ltr'><strong>quam</strong></span> <span class='ocrx_word' id='word_1_179' title='bbox 338 2152 386 2210; x_wconf 87' lang='lat' dir='ltr'><strong>hoa</strong></span> <span class='ocrx_word' id='word_1_180' title='bbox 406 2150 550 2210; x_wconf 85' lang='lat' dir='ltr'><strong>rationum</strong></span> <span class='ocrx_word' id='word_1_181' title='bbox 567 2148 723 2210; x_wconf 82' lang='lat' dir='ltr'><strong>relationes</strong></span> <span class='ocrx_word' id='word_1_182' title='bbox 736 2150 894 2229; x_wconf 86' lang='lat' dir='ltr'><strong>pertinent,</strong></span> <span class='ocrx_word' id='word_1_183' title='bbox 908 2171 977 2212; x_wconf 89' lang='lat' dir='ltr'><strong>cum</strong></span> <span class='ocrx_word' id='word_1_184' title='bbox 994 2171 1090 2231; x_wconf 90' lang='lat' dir='ltr'><strong>neque</strong></span> <span class='ocrx_word' id='word_1_185' title='bbox 1099 2171 1222 2230; x_wconf 91' lang='lat' dir='ltr'><strong>parvum</strong></span> <span class='ocrx_word' id='word_1_186' title='bbox 1236 2171 1290 2210; x_wconf 88' lang='lat' dir='ltr'><strong>ne-</strong></span> 
     </span>
     <span class='ocr_line' id='line_1_22' title="bbox 183 2239 1288 2331; baseline -0.007 -22"><span class='ocrx_word' id='word_1_187' title='bbox 183 2269 242 2331; x_wconf 93' lang='lat' dir='ltr'><strong>que</strong></span> <span class='ocrx_word' id='word_1_188' title='bbox 253 2239 393 2324; x_wconf 83' lang='lat' dir='ltr'><strong>magnum</strong></span> <span class='ocrx_word' id='word_1_189' title='bbox 402 2241 559 2320; x_wconf 89' lang='lat' dir='ltr'><strong>quicquam</strong></span> <span class='ocrx_word' id='word_1_190' title='bbox 571 2259 672 2301; x_wconf 91' lang='lat' dir='ltr'><strong>eorum</strong></span> <span class='ocrx_word' id='word_1_191' title='bbox 682 2240 901 2320; x_wconf 90' lang='lat' dir='ltr'><strong>reperissemus,</strong></span> <span class='ocrx_word' id='word_1_192' title='bbox 914 2261 991 2322; x_wconf 86' lang='lat' dir='ltr'><strong>quae,</strong></span> <span class='ocrx_word' id='word_1_193' title='bbox 1005 2261 1074 2302; x_wconf 90' lang='lat' dir='ltr'><strong>curn</strong></span> <span class='ocrx_word' id='word_1_194' title='bbox 1083 2262 1192 2322; x_wconf 87' lang='lat' dir='ltr'><strong>pacem</strong></span> <span class='ocrx_word' id='word_1_195' title='bbox 1205 2243 1288 2309; x_wconf 82' lang='lat' dir='ltr'><strong>face·</strong></span> 
     </span>
     <span class='ocr_line' id='line_1_23' title="bbox 185 2331 1292 2414; baseline -0.005 -15"><span class='ocrx_word' id='word_1_196' title='bbox 185 2341 268 2411; x_wconf 87' lang='lat' dir='ltr'><strong>retis,</strong></span> <span class='ocrx_word' id='word_1_197' title='bbox 283 2335 363 2400; x_wconf 88' lang='lat' dir='ltr'><strong>dicta</strong></span> <span class='ocrx_word' id='word_1_198' title='bbox 376 2342 407 2393; x_wconf 88' lang='lat' dir='ltr'><strong>et</strong></span> <span class='ocrx_word' id='word_1_199' title='bbox 421 2341 592 2412; x_wconf 87' lang='lat' dir='ltr'><strong>exspectata</strong></span> <span class='ocrx_word' id='word_1_200' title='bbox 603 2331 730 2406; x_wconf 86' lang='lat' dir='ltr'><strong>fueraut,</strong></span> <span class='ocrx_word' id='word_1_201' title='bbox 744 2332 796 2391; x_wconf 90' lang='lat' dir='ltr'><strong>sed</strong></span> <span class='ocrx_word' id='word_1_202' title='bbox 820 2332 851 2392; x_wconf 91' lang='lat' dir='ltr'><strong>in</strong></span> <span class='ocrx_word' id='word_1_203' title='bbox 867 2333 1003 2395; x_wconf 89' lang='lat' dir='ltr'><strong>omuibus</strong></span> <span class='ocrx_word' id='word_1_204' title='bbox 1017 2335 1134 2414; x_wconf 89' lang='lat' dir='ltr'><strong>decepti</strong></span> <span class='ocrx_word' id='word_1_205' title='bbox 1148 2353 1292 2407; x_wconf 83' lang='lat' dir='ltr'><strong>essemus,</strong></span> 
     </span>
    </p>
   </div>
   <div class='ocr_carea' id='block_1_3' title="bbox 89 2424 1291 2509">
    <p class='ocr_par' dir='ltr' id='par_1_6' title="bbox 89 2424 1291 2509">
     <span class='ocr_line' id='line_1_24' title="bbox 89 2424 1291 2509; baseline -0.008 -13"><span class='ocrx_word' id='word_1_206' title='bbox 89 2466 94 2475; x_wconf 29' lang='grc' dir='ltr'><strong>κ</strong></span> <span class='ocrx_word' id='word_1_207' title='bbox 186 2450 311 2509; x_wconf 90' lang='lat' dir='ltr'><strong>cumque</strong></span> <span class='ocrx_word' id='word_1_208' title='bbox 325 2427 372 2488; x_wconf 87' lang='lat' dir='ltr'><strong>isti</strong></span> <span class='ocrx_word' id='word_1_209' title='bbox 385 2445 484 2486; x_wconf 86' lang='lat' dir='ltr'><strong>rursus</strong></span> <span class='ocrx_word' id='word_1_210' title='bbox 503 2425 561 2485; x_wconf 87' lang='lat' dir='ltr'><strong>alia</strong></span> <span class='ocrx_word' id='word_1_211' title='bbox 569 2424 782 2494; x_wconf 87' lang='lat' dir='ltr'><strong>vendidissent,</strong></span> <span class='ocrx_word' id='word_1_212' title='bbox 800 2433 831 2484; x_wconf 91' lang='lat' dir='ltr'><strong>et</strong></span> <span class='ocrx_word' id='word_1_213' title='bbox 844 2435 947 2492; x_wconf 89' lang='lat' dir='ltr'><strong>contra</strong></span> <span class='ocrx_word' id='word_1_214' title='bbox 958 2427 1056 2506; x_wconf 90' lang='lat' dir='ltr'><strong>ipsum</strong></span> <span class='ocrx_word' id='word_1_215' title='bbox 1074 2427 1228 2488; x_wconf 90' lang='lat' dir='ltr'><strong>decretum</strong></span> <span class='ocrx_word' id='word_1_216' title='bbox 1246 2427 1291 2486; x_wconf 90' lang='lat' dir='ltr'><strong>le-</strong></span> 
     </span>
    </p>
   </div>
   <div class='ocr_carea' id='block_1_4' title="bbox 96 2515 1322 4358">
    <p class='ocr_par' dir='ltr' id='par_1_7' title="bbox 96 2515 1307 3428">
     <span class='ocr_line' id='line_1_25' title="bbox 190 2515 1293 2606; baseline -0.005 -22"><span class='ocrx_word' id='word_1_217' title='bbox 190 2525 338 2606; x_wconf 81' lang='lat' dir='ltr'><strong>gationem</strong></span> <span class='ocrx_word' id='word_1_218' title='bbox 353 2517 502 2590; x_wconf 87' lang='lat' dir='ltr'><strong>obiissent,</strong></span> <span class='ocrx_word' id='word_1_219' title='bbox 516 2517 695 2578; x_wconf 85' lang='lat' dir='ltr'><strong>accessimus</strong></span> <span class='ocrx_word' id='word_1_220' title='bbox 709 2515 748 2592; x_wconf 83' lang='lat' dir='ltr'><strong>ad</strong></span> <span class='ocrx_word' id='word_1_221' title='bbox 768 2525 922 2586; x_wconf 68' lang='lat' dir='ltr'><strong>senatum</strong></span> <span class='ocrx_word' id='word_1_222' title='bbox 944 2527 975 2578; x_wconf 88' lang='lat' dir='ltr'><strong>et</strong></span> <span class='ocrx_word' id='word_1_223' title='bbox 990 2517 1094 2578; x_wconf 87' lang='lat' dir='ltr'><strong>horum</strong></span> <span class='ocrx_word' id='word_1_224' title='bbox 1103 2538 1171 2598; x_wconf 76' lang='lat' dir='ltr'><strong>quae</strong></span> <span class='ocrx_word' id='word_1_225' title='bbox 1183 2517 1293 2592; x_wconf 88' lang='lat' dir='ltr'><strong>dicam,</strong></span> 
     </span>
     <span class='ocr_line' id='line_1_26' title="bbox 190 2609 1293 2696; baseline -0.004 -20"><span class='ocrx_word' id='word_1_226' title='bbox 190 2615 275 2676; x_wconf 87' lang='lat' dir='ltr'><strong>multi</strong></span> <span class='ocrx_word' id='word_1_227' title='bbox 286 2621 354 2684; x_wconf 88' lang='lat' dir='ltr'><strong>sunt</strong></span> <span class='ocrx_word' id='word_1_228' title='bbox 363 2609 482 2696; x_wconf 85' lang='lat' dir='ltr'><strong>conscii,</strong></span> <span class='ocrx_word' id='word_1_229' title='bbox 498 2609 579 2668; x_wconf 91' lang='lat' dir='ltr'><strong>curia</strong></span> <span class='ocrx_word' id='word_1_230' title='bbox 592 2609 667 2668; x_wconf 89' lang='lat' dir='ltr'><strong>enim</strong></span> <span class='ocrx_word' id='word_1_231' title='bbox 680 2609 787 2668; x_wconf 87' lang='lat' dir='ltr'><strong>referta</strong></span> <span class='ocrx_word' id='word_1_232' title='bbox 800 2619 864 2669; x_wconf 87' lang='lat' dir='ltr'><strong>erat</strong></span> <span class='ocrx_word' id='word_1_233' title='bbox 875 2609 996 2689; x_wconf 90' lang='lat' dir='ltr'><strong>plebeiis</strong></span> <span class='ocrx_word' id='word_1_234' title='bbox 1008 2611 1188 2672; x_wconf 88' lang='lat' dir='ltr'><strong>hominibus.</strong></span> <span class='ocrx_word' id='word_1_235' title='bbox 1224 2612 1293 2690; x_wconf 84' lang='lat' dir='ltr'><strong>Ego</strong></span> 
     </span>
     <span class='ocr_line' id='line_1_27' title="bbox 190 2700 1307 2786; baseline -0.004 -18"><span class='ocrx_word' id='word_1_236' title='bbox 190 2727 261 2768; x_wconf 89' lang='lat' dir='ltr'><strong>vero</strong></span> <span class='ocrx_word' id='word_1_237' title='bbox 275 2720 445 2786; x_wconf 89' lang='lat' dir='ltr'><strong>progressus</strong></span> <span class='ocrx_word' id='word_1_238' title='bbox 460 2702 490 2760; x_wconf 90' lang='lat' dir='ltr'><strong>in</strong></span> <span class='ocrx_word' id='word_1_239' title='bbox 504 2700 644 2774; x_wconf 88' lang='lat' dir='ltr'><strong>medium,</strong></span> <span class='ocrx_word' id='word_1_240' title='bbox 655 2719 770 2760; x_wconf 87' lang='lat' dir='ltr'><strong>omnem</strong></span> <span class='ocrx_word' id='word_1_241' title='bbox 779 2701 929 2763; x_wconf 85' lang='lat' dir='ltr'><strong>veritatem</strong></span> <span class='ocrx_word' id='word_1_242' title='bbox 940 2701 1055 2762; x_wconf 85' lang='lat' dir='ltr'><strong>senatui</strong></span> <span class='ocrx_word' id='word_1_243' title='bbox 1067 2704 1248 2776; x_wconf 83' lang='lat' dir='ltr'><strong>renunciavl,</strong></span> <span class='ocrx_word' id='word_1_244' title='bbox 1261 2715 1307 2766; x_wconf 86' lang='lat' dir='ltr'><strong>et·</strong></span> 
     </span>
     <span class='ocr_line' id='line_1_28' title="bbox 191 2793 1298 2875; baseline -0.004 -13"><span class='ocrx_word' id='word_1_245' title='bbox 191 2803 263 2862; x_wconf 89' lang='lat' dir='ltr'><strong>istos</strong></span> <span class='ocrx_word' id='word_1_246' title='bbox 278 2793 424 2865; x_wconf 86' lang='lat' dir='ltr'><strong>accusavi,</strong></span> <span class='ocrx_word' id='word_1_247' title='bbox 446 2803 476 2852; x_wconf 89' lang='lat' dir='ltr'><strong>et</strong></span> <span class='ocrx_word' id='word_1_248' title='bbox 490 2793 615 2872; x_wconf 84' lang='lat' dir='ltr'><strong>aprima</strong></span> <span class='ocrx_word' id='word_1_249' title='bbox 637 2793 685 2851; x_wconf 92' lang='lat' dir='ltr'><strong>ille</strong></span> <span class='ocrx_word' id='word_1_250' title='bbox 706 2811 871 2871; x_wconf 80' lang='lat' dir='ltr'><strong>sperarum</strong></span> <span class='ocrx_word' id='word_1_251' title='bbox 894 2815 1003 2869; x_wconf 86' lang='lat' dir='ltr'><strong>earum,</strong></span> <span class='ocrx_word' id='word_1_252' title='bbox 1017 2813 1090 2872; x_wconf 89' lang='lat' dir='ltr'><strong>quas</strong></span> <span class='ocrx_word' id='word_1_253' title='bbox 1108 2795 1250 2875; x_wconf 87' lang='lat' dir='ltr'><strong>Ctesipho</strong></span> <span class='ocrx_word' id='word_1_254' title='bbox 1264 2807 1298 2858; x_wconf 88' lang='lat' dir='ltr'><strong>et</strong></span> 
     </span>
     <span class='ocr_line' id='line_1_29' title="bbox 191 2879 1296 2967; baseline -0.005 -13"><span class='ocrx_word' id='word_1_255' title='bbox 191 2891 394 2954; x_wconf 84' lang='lat' dir='ltr'><strong>Aristodemus</strong></span> <span class='ocrx_word' id='word_1_256' title='bbox 413 2885 496 2945; x_wconf 87' lang='lat' dir='ltr'><strong>vobis</strong></span> <span class='ocrx_word' id='word_1_257' title='bbox 516 2879 732 2957; x_wconf 74' lang='lat' dir='ltr'><strong>renunciarent,</strong></span> <span class='ocrx_word' id='word_1_258' title='bbox 746 2887 843 2946; x_wconf 91' lang='lat' dir='ltr'><strong>omnia</strong></span> <span class='ocrx_word' id='word_1_259' title='bbox 859 2887 1037 2959; x_wconf 84' lang='lat' dir='ltr'><strong>enumeravi,</strong></span> <span class='ocrx_word' id='word_1_260' title='bbox 1054 2896 1086 2948; x_wconf 87' lang='lat' dir='ltr'><strong>et</strong></span> <span class='ocrx_word' id='word_1_261' title='bbox 1099 2897 1213 2967; x_wconf 88' lang='lat' dir='ltr'><strong>postea,</strong></span> <span class='ocrx_word' id='word_1_262' title='bbox 1225 2909 1296 2950; x_wconf 88' lang='lat' dir='ltr'><strong>cum</strong></span> 
     </span>
     <span class='ocr_line' id='line_1_30' title="bbox 190 2975 1299 3068; baseline -0.003 -22"><span class='ocrx_word' id='word_1_263' title='bbox 190 3004 295 3068; x_wconf 89' lang='lat' dir='ltr'><strong>pacem</strong></span> <span class='ocrx_word' id='word_1_264' title='bbox 308 2977 460 3052; x_wconf 84' lang='lat' dir='ltr'><strong>fecissetis,</strong></span> <span class='ocrx_word' id='word_1_265' title='bbox 475 2983 541 3057; x_wconf 84' lang='lat' dir='ltr'><strong>quoe</strong></span> <span class='ocrx_word' id='word_1_266' title='bbox 551 2975 608 3066; x_wconf 84' lang='lat' dir='ltr'><strong>iste</strong></span> <span class='ocrx_word' id='word_1_267' title='bbox 619 2992 672 3056; x_wconf 84' lang='lat' dir='ltr'><strong>pro</strong></span> <span class='ocrx_word' id='word_1_268' title='bbox 684 2978 826 3040; x_wconf 86' lang='lat' dir='ltr'><strong>concione</strong></span> <span class='ocrx_word' id='word_1_269' title='bbox 836 2977 968 3055; x_wconf 84' lang='lat' dir='ltr'><strong>dixisset,</strong></span> <span class='ocrx_word' id='word_1_270' title='bbox 979 2990 1010 3046; x_wconf 91' lang='lat' dir='ltr'><strong>et</strong></span> <span class='ocrx_word' id='word_1_271' title='bbox 1019 3001 1078 3060; x_wconf 91' lang='lat' dir='ltr'><strong>quo</strong></span> <span class='ocrx_word' id='word_1_272' title='bbox 1087 2982 1299 3060; x_wconf 86' lang='lat' dir='ltr'><strong>perduxissent</strong></span> 
     </span>
     <span class='ocr_line' id='line_1_31' title="bbox 192 3072 1298 3162; baseline -0.012 -18"><span class='ocrx_word' id='word_1_273' title='bbox 192 3077 412 3162; x_wconf 84' lang='lat' dir='ltr'><strong>rempublicam,</strong></span> <span class='ocrx_word' id='word_1_274' title='bbox 427 3082 459 3132; x_wconf 89' lang='lat' dir='ltr'><strong>et</strong></span> <span class='ocrx_word' id='word_1_275' title='bbox 471 3091 507 3130; x_wconf 85' lang='lat' dir='ltr'><strong>ea</strong></span> <span class='ocrx_word' id='word_1_276' title='bbox 519 3090 587 3149; x_wconf 83' lang='lat' dir='ltr'><strong>quae</strong></span> <span class='ocrx_word' id='word_1_277' title='bbox 601 3073 859 3150; x_wconf 72' lang='lat' dir='ltr'><strong>restabant-qum</strong></span> <span class='ocrx_word' id='word_1_278' title='bbox 879 3072 1049 3132; x_wconf 88' lang='lat' dir='ltr'><strong>Phocenses</strong></span> <span class='ocrx_word' id='word_1_279' title='bbox 1063 3083 1147 3133; x_wconf 87' lang='lat' dir='ltr'><strong>erant</strong></span> <span class='ocrx_word' id='word_1_280' title='bbox 1166 3085 1198 3134; x_wconf 90' lang='lat' dir='ltr'><strong>et</strong></span> <span class='ocrx_word' id='word_1_281' title='bbox 1214 3074 1298 3157; x_wconf 80' lang='lat' dir='ltr'><strong>Pylae</strong></span> 
     </span>
     <span class='ocr_line' id='line_1_32' title="bbox 193 3161 1299 3242; baseline 0.005 -17"><span class='ocrx_word' id='word_1_282' title='bbox 193 3171 315 3238; x_wconf 80' lang='lat' dir='ltr'><strong>..suasi</strong></span> <span class='ocrx_word' id='word_1_283' title='bbox 333 3187 371 3231; x_wconf 86' lang='lat' dir='ltr'><strong>ne</strong></span> <span class='ocrx_word' id='word_1_284' title='bbox 389 3162 577 3242; x_wconf 79' lang='lat' dir='ltr'><strong>amitteretis,</strong></span> <span class='ocrx_word' id='word_1_285' title='bbox 600 3181 673 3221; x_wconf 89' lang='lat' dir='ltr'><strong>neve</strong></span> <span class='ocrx_word' id='word_1_286' title='bbox 691 3161 721 3234; x_wconf 85' lang='lat' dir='ltr'><strong>in</strong></span> <span class='ocrx_word' id='word_1_287' title='bbox 742 3164 866 3222; x_wconf 90' lang='lat' dir='ltr'><strong>eandem</strong></span> <span class='ocrx_word' id='word_1_288' title='bbox 880 3163 1014 3223; x_wconf 82' lang='lat' dir='ltr'><strong>fraudem</strong></span> <span class='ocrx_word' id='word_1_289' title='bbox 1028 3163 1208 3240; x_wconf 86' lang='lat' dir='ltr'><strong>incideretis,</strong></span> <span class='ocrx_word' id='word_1_290' title='bbox 1222 3165 1299 3232; x_wconf 78' lang='lat' dir='ltr'><strong>neve</strong></span> 
     </span>
     <span class='ocr_line' id='line_1_33' title="bbox 96 3255 1299 3338; baseline 0.002 -18"><span class='ocrx_word' id='word_1_291' title='bbox 96 3259 99 3268; x_wconf 83' lang='grc'><strong>’</strong></span> <span class='ocrx_word' id='word_1_292' title='bbox 194 3269 253 3332; x_wconf 70' lang='lat' dir='ltr'><strong>alja</strong></span> <span class='ocrx_word' id='word_1_293' title='bbox 264 3285 301 3326; x_wconf 83' lang='lat' dir='ltr'><strong>ex</strong></span> <span class='ocrx_word' id='word_1_294' title='bbox 322 3261 379 3322; x_wconf 88' lang='lat' dir='ltr'><strong>alia</strong></span> <span class='ocrx_word' id='word_1_295' title='bbox 400 3277 453 3338; x_wconf 89' lang='lat' dir='ltr'><strong>spe</strong></span> <span class='ocrx_word' id='word_1_296' title='bbox 478 3255 624 3335; x_wconf 86' lang='lat' dir='ltr'><strong>suspensi,</strong></span> <span class='ocrx_word' id='word_1_297' title='bbox 639 3266 669 3315; x_wconf 90' lang='lat' dir='ltr'><strong>et</strong></span> <span class='ocrx_word' id='word_1_298' title='bbox 686 3255 941 3336; x_wconf 89' lang='lat' dir='ltr'><strong>pollicitationibus</strong></span> <span class='ocrx_word' id='word_1_299' title='bbox 962 3257 1084 3329; x_wconf 88' lang='lat' dir='ltr'><strong>deliniti,</strong></span> <span class='ocrx_word' id='word_1_300' title='bbox 1096 3279 1144 3332; x_wconf 71' lang='lat' dir='ltr'><strong>res</strong></span> <span class='ocrx_word' id='word_1_301' title='bbox 1158 3259 1189 3320; x_wconf 92' lang='lat' dir='ltr'><strong>in</strong></span> <span class='ocrx_word' id='word_1_302' title='bbox 1202 3273 1299 3326; x_wconf 86' lang='lat' dir='ltr'><strong>extre-</strong></span> 
     </span>
     <span class='ocr_line' id='line_1_34' title="bbox 194 3339 1259 3428; baseline -0.001 -15"><span class='ocrx_word' id='word_1_303' title='bbox 194 3379 275 3422; x_wconf 80' lang='lat' dir='ltr'><strong>mum</strong></span> <span class='ocrx_word' id='word_1_304' title='bbox 290 3352 445 3420; x_wconf 78' lang='lat' dir='ltr'><strong>discrimen</strong></span> <span class='ocrx_word' id='word_1_305' title='bbox 460 3349 568 3408; x_wconf 91' lang='lat' dir='ltr'><strong>adduci</strong></span> <span class='ocrx_word' id='word_1_306' title='bbox 581 3348 764 3427; x_wconf 84' lang='lat' dir='ltr'><strong>pateremini.</strong></span> <span class='ocrx_word' id='word_1_307' title='bbox 799 3347 894 3426; x_wconf 80' lang='lat' dir='ltr'><strong>Atque</strong></span> <span class='ocrx_word' id='word_1_308' title='bbox 908 3339 972 3408; x_wconf 79' lang='lat' dir='ltr'><strong>hmo</strong></span> <span class='ocrx_word' id='word_1_309' title='bbox 984 3350 1100 3412; x_wconf 83' lang='lat' dir='ltr'><strong>senatui</strong></span> <span class='ocrx_word' id='word_1_310' title='bbox 1112 3354 1259 3428; x_wconf 80' lang='lat' dir='ltr'><strong>persuasi.</strong></span> 
     </span>
    </p>

    <p class='ocr_par' dir='ltr' id='par_1_8' title="bbox 193 3439 1322 4358">
     <span class='ocr_line' id='line_1_35' title="bbox 236 3439 1302 3526; baseline -0.004 -18"><span class='ocrx_word' id='word_1_311' title='bbox 236 3454 265 3509; x_wconf 89' lang='lat'><strong>8.</strong></span> <span class='ocrx_word' id='word_1_312' title='bbox 288 3445 365 3508; x_wconf 85' lang='lat' dir='ltr'><strong>Cum</strong></span> <span class='ocrx_word' id='word_1_313' title='bbox 376 3462 445 3503; x_wconf 89' lang='lat' dir='ltr'><strong>vero</strong></span> <span class='ocrx_word' id='word_1_314' title='bbox 457 3442 562 3526; x_wconf 84' lang='lat' dir='ltr'><strong>c&#39;oncio</strong></span> <span class='ocrx_word' id='word_1_315' title='bbox 571 3441 768 3512; x_wconf 88' lang='lat' dir='ltr'><strong>convenisset,</strong></span> <span class='ocrx_word' id='word_1_316' title='bbox 782 3449 812 3526; x_wconf 79' lang='lat' dir='ltr'><strong>et</strong></span> <span class='ocrx_word' id='word_1_317' title='bbox 826 3439 864 3498; x_wconf 88' lang='lat' dir='ltr'><strong>ad</strong></span> <span class='ocrx_word' id='word_1_318' title='bbox 876 3459 929 3500; x_wconf 89' lang='lat' dir='ltr'><strong>vos</strong></span> <span class='ocrx_word' id='word_1_319' title='bbox 938 3441 1026 3500; x_wconf 87' lang='lat' dir='ltr'><strong>verba</strong></span> <span class='ocrx_word' id='word_1_320' title='bbox 1039 3441 1175 3522; x_wconf 76' lang='lat' dir='ltr'><strong>iacienda</strong></span> <span class='ocrx_word' id='word_1_321' title='bbox 1187 3458 1302 3523; x_wconf 81' lang='lat' dir='ltr'><strong>essent,</strong></span> 
     </span>
     <span class='ocr_line' id='line_1_36' title="bbox 193 3532 1304 3626; baseline 0.002 -28"><span class='ocrx_word' id='word_1_322' title='bbox 193 3539 367 3626; x_wconf 73' lang='lat' dir='ltr'><strong>progressus</strong></span> <span class='ocrx_word' id='word_1_323' title='bbox 382 3532 537 3618; x_wconf 86' lang='lat' dir='ltr'><strong>AEschines</strong></span> <span class='ocrx_word' id='word_1_324' title='bbox 551 3533 660 3612; x_wconf 89' lang='lat' dir='ltr'><strong>primus</strong></span> <span class='ocrx_word' id='word_1_325' title='bbox 674 3533 805 3593; x_wconf 89' lang='lat' dir='ltr'><strong>omnium</strong></span> <span class='ocrx_word' id='word_1_326' title='bbox 820 3533 1126 3593; x_wconf 82' lang='lat' dir='ltr'><strong>nostrum-obtestor</strong></span> <span class='ocrx_word' id='word_1_327' title='bbox 1138 3545 1237 3597; x_wconf 88' lang='lat' dir='ltr'><strong>autem</strong></span> <span class='ocrx_word' id='word_1_328' title='bbox 1245 3559 1304 3601; x_wconf 89' lang='lat' dir='ltr'><strong>vos</strong></span> 
     </span>
     <span class='ocr_line' id='line_1_37' title="bbox 195 3615 1305 3718; baseline -0.007 -20"><span class='ocrx_word' id='word_1_329' title='bbox 195 3636 368 3718; x_wconf 85' lang='lat' dir='ltr'><strong>perJovem</strong></span> <span class='ocrx_word' id='word_1_330' title='bbox 381 3637 412 3696; x_wconf 88' lang='lat' dir='ltr'><strong>et</strong></span> <span class='ocrx_word' id='word_1_331' title='bbox 426 3615 509 3698; x_wconf 85' lang='lat' dir='ltr'><strong>deos,</strong></span> <span class='ocrx_word' id='word_1_332' title='bbox 524 3625 591 3694; x_wconf 89' lang='lat' dir='ltr'><strong>date</strong></span> <span class='ocrx_word' id='word_1_333' title='bbox 606 3643 734 3704; x_wconf 88' lang='lat' dir='ltr'><strong>operam,</strong></span> <span class='ocrx_word' id='word_1_334' title='bbox 745 3635 779 3684; x_wconf 87' lang='lat' dir='ltr'><strong>ut</strong></span> <span class='ocrx_word' id='word_1_335' title='bbox 793 3644 853 3684; x_wconf 89' lang='lat' dir='ltr'><strong>una</strong></span> <span class='ocrx_word' id='word_1_336' title='bbox 863 3644 979 3688; x_wconf 87' lang='lat' dir='ltr'><strong>mecum</strong></span> <span class='ocrx_word' id='word_1_337' title='bbox 993 3625 1144 3684; x_wconf 83' lang='lat' dir='ltr'><strong>memoriae</strong></span> <span class='ocrx_word' id='word_1_338' title='bbox 1156 3627 1305 3708; x_wconf 85' lang='lat' dir='ltr'><strong>infigatis,</strong></span> 
     </span>
     <span class='ocr_line' id='line_1_38' title="bbox 196 3710 1310 3796; baseline -0.013 -6"><span class='ocrx_word' id='word_1_339' title='bbox 196 3731 222 3792; x_wconf 89' lang='lat' dir='ltr'><strong>si</strong></span> <span class='ocrx_word' id='word_1_340' title='bbox 244 3746 314 3788; x_wconf 87' lang='lat' dir='ltr'><strong>vera</strong></span> <span class='ocrx_word' id='word_1_341' title='bbox 336 3721 446 3790; x_wconf 83' lang='lat' dir='ltr'><strong>dixero,</strong></span> <span class='ocrx_word' id='word_1_342' title='bbox 464 3738 501 3778; x_wconf 85' lang='lat' dir='ltr'><strong>ea</strong></span> <span class='ocrx_word' id='word_1_343' title='bbox 521 3717 599 3780; x_wconf 87' lang='lat' dir='ltr'><strong>enim</strong></span> <span class='ocrx_word' id='word_1_344' title='bbox 620 3717 738 3776; x_wconf 88' lang='lat' dir='ltr'><strong>demum</strong></span> <span class='ocrx_word' id='word_1_345' title='bbox 762 3726 842 3791; x_wconf 86' lang='lat' dir='ltr'><strong>sunt,</strong></span> <span class='ocrx_word' id='word_1_346' title='bbox 858 3710 924 3796; x_wconf 69' lang='lat' dir='ltr'><strong>qum</strong></span> <span class='ocrx_word' id='word_1_347' title='bbox 944 3715 1042 3783; x_wconf 83' lang='lat' dir='ltr'><strong>omnia</strong></span> <span class='ocrx_word' id='word_1_348' title='bbox 1064 3716 1183 3795; x_wconf 87' lang='lat' dir='ltr'><strong>negotia</strong></span> <span class='ocrx_word' id='word_1_349' title='bbox 1201 3731 1310 3786; x_wconf 74' lang='lat' dir='ltr'><strong>vestra</strong></span> 
     </span>
     <span class='ocr_line' id='line_1_39' title="bbox 196 3806 1313 3900; baseline -0.01 -21"><span class='ocrx_word' id='word_1_350' title='bbox 196 3836 314 3900; x_wconf 87' lang='lat' dir='ltr'><strong>prorsus</strong></span> <span class='ocrx_word' id='word_1_351' title='bbox 333 3817 524 3890; x_wconf 86' lang='lat' dir='ltr'><strong>corruperunt</strong></span> <span class='ocrx_word' id='word_1_352' title='bbox 543 3818 573 3868; x_wconf 86' lang='lat' dir='ltr'><strong>et</strong></span> <span class='ocrx_word' id='word_1_353' title='bbox 590 3806 992 3888; x_wconf 80' lang='lat' dir='ltr'><strong>perdiderunt—progressus</strong></span> <span class='ocrx_word' id='word_1_354' title='bbox 1017 3807 1106 3888; x_wconf 88' lang='lat' dir='ltr'><strong>igitur</strong></span> <span class='ocrx_word' id='word_1_355' title='bbox 1132 3809 1313 3890; x_wconf 75' lang='lat' dir='ltr'><strong>longissime</strong></span> 
     </span>
     <span class='ocr_line' id='line_1_40' title="bbox 196 3897 1316 3982; baseline -0.005 -10"><span class='ocrx_word' id='word_1_356' title='bbox 196 3911 299 3980; x_wconf 81' lang='lat' dir='ltr'><strong>abfuit,</strong></span> <span class='ocrx_word' id='word_1_357' title='bbox 312 3916 347 3967; x_wconf 93' lang='lat' dir='ltr'><strong>ut</strong></span> <span class='ocrx_word' id='word_1_358' title='bbox 359 3900 543 3964; x_wconf 86' lang='lat' dir='ltr'><strong>renunciaret</strong></span> <span class='ocrx_word' id='word_1_359' title='bbox 555 3897 662 3978; x_wconf 89' lang='lat' dir='ltr'><strong>aliquid</strong></span> <span class='ocrx_word' id='word_1_360' title='bbox 676 3899 707 3957; x_wconf 92' lang='lat' dir='ltr'><strong>in</strong></span> <span class='ocrx_word' id='word_1_361' title='bbox 720 3900 867 3979; x_wconf 83' lang='lat' dir='ltr'><strong>legatione</strong></span> <span class='ocrx_word' id='word_1_362' title='bbox 881 3909 990 3974; x_wconf 89' lang='lat' dir='ltr'><strong>actum,</strong></span> <span class='ocrx_word' id='word_1_363' title='bbox 1001 3907 1062 3972; x_wconf 90' lang='lat' dir='ltr'><strong>aot,</strong></span> <span class='ocrx_word' id='word_1_364' title='bbox 1076 3910 1111 3961; x_wconf 91' lang='lat' dir='ltr'><strong>ut</strong></span> <span class='ocrx_word' id='word_1_365' title='bbox 1129 3901 1168 3962; x_wconf 88' lang='lat' dir='ltr'><strong>de</strong></span> <span class='ocrx_word' id='word_1_366' title='bbox 1185 3903 1220 3962; x_wconf 87' lang='lat' dir='ltr'><strong>iis</strong></span> <span class='ocrx_word' id='word_1_367' title='bbox 1234 3923 1316 3982; x_wconf 63' lang='lat' dir='ltr'><strong>quse</strong></span> 
     </span>
     <span class='ocr_line' id='line_1_41' title="bbox 197 3991 1317 4077; baseline -0.001 -17"><span class='ocrx_word' id='word_1_368' title='bbox 197 4001 229 4062; x_wconf 93' lang='lat' dir='ltr'><strong>in</strong></span> <span class='ocrx_word' id='word_1_369' title='bbox 251 4007 355 4059; x_wconf 88' lang='lat' dir='ltr'><strong>senatu</strong></span> <span class='ocrx_word' id='word_1_370' title='bbox 372 3995 452 4054; x_wconf 89' lang='lat' dir='ltr'><strong>dicta</strong></span> <span class='ocrx_word' id='word_1_371' title='bbox 474 3999 582 4067; x_wconf 87' lang='lat' dir='ltr'><strong>essent,</strong></span> <span class='ocrx_word' id='word_1_372' title='bbox 592 3991 623 4050; x_wconf 60' lang='lat' dir='ltr'><strong>,si</strong></span> <span class='ocrx_word' id='word_1_373' title='bbox 637 3991 712 4050; x_wconf 86' lang='lat' dir='ltr'><strong>forte</strong></span> <span class='ocrx_word' id='word_1_374' title='bbox 732 4001 830 4052; x_wconf 85' lang='lat' dir='ltr'><strong>utrum</strong></span> <span class='ocrx_word' id='word_1_375' title='bbox 847 4011 903 4070; x_wconf 88' lang='lat' dir='ltr'><strong>ego</strong></span> <span class='ocrx_word' id='word_1_376' title='bbox 916 4011 986 4051; x_wconf 88' lang='lat' dir='ltr'><strong>vera</strong></span> <span class='ocrx_word' id='word_1_377' title='bbox 998 3991 1126 4052; x_wconf 88' lang='lat' dir='ltr'><strong>dicerem</strong></span> <span class='ocrx_word' id='word_1_378' title='bbox 1139 3993 1317 4077; x_wconf 86' lang='lat' dir='ltr'><strong>dubitabat,</strong></span> 
     </span>
     <span class='ocr_line' id='line_1_42' title="bbox 197 4082 1318 4166; baseline -0.006 -14"><span class='ocrx_word' id='word_1_379' title='bbox 197 4091 290 4154; x_wconf 92' lang='lat' dir='ltr'><strong>ullam</strong></span> <span class='ocrx_word' id='word_1_380' title='bbox 300 4091 331 4147; x_wconf 91' lang='lat' dir='ltr'><strong>in</strong></span> <span class='ocrx_word' id='word_1_381' title='bbox 341 4097 417 4148; x_wconf 86' lang='lat' dir='ltr'><strong>coetu</strong></span> <span class='ocrx_word' id='word_1_382' title='bbox 426 4084 528 4166; x_wconf 85' lang='lat' dir='ltr'><strong>populi</strong></span> <span class='ocrx_word' id='word_1_383' title='bbox 541 4083 719 4145; x_wconf 88' lang='lat' dir='ltr'><strong>mentionem</strong></span> <span class='ocrx_word' id='word_1_384' title='bbox 733 4083 852 4157; x_wconf 86' lang='lat' dir='ltr'><strong>feceret,</strong></span> <span class='ocrx_word' id='word_1_385' title='bbox 864 4083 996 4149; x_wconf 85' lang='lat' dir='ltr'><strong>sedeam</strong></span> <span class='ocrx_word' id='word_1_386' title='bbox 1009 4082 1113 4144; x_wconf 89' lang='lat' dir='ltr'><strong>habuit</strong></span> <span class='ocrx_word' id='word_1_387' title='bbox 1131 4087 1318 4166; x_wconf 79' lang='lat' dir='ltr'><strong>orationem,</strong></span> 
     </span>
     <span class='ocr_line' id='line_1_43' title="bbox 197 4176 1320 4257; baseline -0.004 -14"><span class='ocrx_word' id='word_1_388' title='bbox 197 4196 228 4246; x_wconf 87' lang='lat' dir='ltr'><strong>et</strong></span> <span class='ocrx_word' id='word_1_389' title='bbox 241 4192 287 4243; x_wconf 90' lang='lat' dir='ltr'><strong>tot</strong></span> <span class='ocrx_word' id='word_1_390' title='bbox 300 4179 537 4257; x_wconf 77' lang='lat' dir='ltr'><strong>tantisquebonis</strong></span> <span class='ocrx_word' id='word_1_391' title='bbox 548 4177 691 4251; x_wconf 84' lang='lat' dir='ltr'><strong>refertam,</strong></span> <span class='ocrx_word' id='word_1_392' title='bbox 705 4183 739 4236; x_wconf 89' lang='lat' dir='ltr'><strong>ut</strong></span> <span class='ocrx_word' id='word_1_393' title='bbox 747 4177 897 4238; x_wconf 89' lang='lat' dir='ltr'><strong>universos</strong></span> <span class='ocrx_word' id='word_1_394' title='bbox 913 4195 966 4236; x_wconf 90' lang='lat' dir='ltr'><strong>vos</strong></span> <span class='ocrx_word' id='word_1_395' title='bbox 985 4176 1015 4235; x_wconf 90' lang='lat' dir='ltr'><strong>iu</strong></span> <span class='ocrx_word' id='word_1_396' title='bbox 1033 4195 1118 4237; x_wconf 88' lang='lat' dir='ltr'><strong>suam</strong></span> <span class='ocrx_word' id='word_1_397' title='bbox 1128 4181 1320 4254; x_wconf 77' lang='lat' dir='ltr'><strong>sententiam</strong></span> 
     </span>
     <span class='ocr_line' id='line_1_44' title="bbox 198 4269 1322 4358; baseline -0.004 -22"><span class='ocrx_word' id='word_1_398' title='bbox 198 4269 381 4358; x_wconf 82' lang='lat' dir='ltr'><strong>pertraxerit.</strong></span> <span class='ocrx_word' id='word_1_399' title='bbox 402 4269 508 4329; x_wconf 84' lang='lat' dir='ltr'><strong>Aiebat</strong></span> <span class='ocrx_word' id='word_1_400' title='bbox 520 4271 607 4345; x_wconf 91' lang='lat' dir='ltr'><strong>enim,</strong></span> <span class='ocrx_word' id='word_1_401' title='bbox 617 4290 648 4344; x_wconf 81' lang='lat' dir='ltr'><strong>se</strong></span> <span class='ocrx_word' id='word_1_402' title='bbox 657 4269 841 4350; x_wconf 79' lang='lat' dir='ltr'><strong>persuasisse</strong></span> <span class='ocrx_word' id='word_1_403' title='bbox 851 4269 989 4350; x_wconf 89' lang='lat' dir='ltr'><strong>Philippo</strong></span> <span class='ocrx_word' id='word_1_404' title='bbox 1000 4270 1108 4342; x_wconf 86' lang='lat' dir='ltr'><strong>omnia,</strong></span> <span class='ocrx_word' id='word_1_405' title='bbox 1120 4291 1187 4350; x_wconf 79' lang='lat' dir='ltr'><strong>qum</strong></span> <span class='ocrx_word' id='word_1_406' title='bbox 1201 4292 1322 4344; x_wconf 74' lang='lat' dir='ltr'><strong>essent</strong></span> 
     </span>
    </p>
   </div>
   <div class='ocr_carea' id='block_1_5' title="bbox 198 4359 1323 4453">
    <p class='ocr_par' dir='ltr' id='par_1_9' title="bbox 198 4359 1323 4453">
     <span class='ocr_line' id='line_1_45' title="bbox 198 4359 1323 4453; baseline -0.002 -25"><span class='ocrx_word' id='word_1_407' title='bbox 198 4369 281 4442; x_wconf 76' lang='lat' dir='ltr'><strong>utilia</strong></span> <span class='ocrx_word' id='word_1_408' title='bbox 293 4361 538 4444; x_wconf 82' lang='lat' dir='ltr'><strong>reipublicae,tam</strong></span> <span class='ocrx_word' id='word_1_409' title='bbox 556 4365 586 4424; x_wconf 86' lang='lat' dir='ltr'><strong>in</strong></span> <span class='ocrx_word' id='word_1_410' title='bbox 601 4359 1058 4453; x_wconf 73' lang='lat' dir='ltr'><strong>Amphictyopicacausa,quam</strong></span> <span class='ocrx_word' id='word_1_411' title='bbox 1068 4365 1173 4428; x_wconf 85' lang='lat' dir='ltr'><strong>ceteris</strong></span> <span class='ocrx_word' id='word_1_412' title='bbox 1187 4367 1323 4438; x_wconf 68' lang='lat' dir='ltr'><strong>univer.</strong></span> 
     </span>
    </p>
   </div>
   <div class='ocr_carea' id='block_1_6' title="bbox 0 0 1504 4954">
    <p class='ocr_par' dir='ltr' id='par_1_10' title="bbox 0 0 1504 4954">
     <span class='ocr_line' id='line_1_46' title="bbox 0 0 1504 4954; baseline 0 0"><span class='ocrx_word' id='word_1_413' title='bbox 0 0 1504 4954; x_wconf 95' lang='lat' dir='ltr'><strong> </strong></span> 
     </span>
    </p>
   </div>
  </div>
 </body>
</html>
