2932 4952
247 309 309 397 sss
366 333 372 348 s
540 307 710 370 courar
731 273 1056 370 suonorrou'nrr.
1113 269 1127 404 J
1189 357 1193 364 .

247 463 630 526 nurbx'riolstrritqurrretet,
649 469 790 512 sonetum
818 463 1004 513 triremibus
1026 477 1086 512 sorr
1111 462 1215 510 tretis
1234 459 1336 525 'petere

245 557 282 606 pr
290 541 415 589 mnrium.
434 541 464 588 Id
476 555 532 588 roro
540 542 658 608 proprium
670 553 715 589 nob
733 547 769 588 est
785 539 910 604 negotialis
919 539 1093 588 mediationis
1103 541 1134 588 ed
1146 541 1215 601 leues
1226 539 1338 589 sorbuirs

246 625 401 681 eomparatur
419 619 461 666 sed
479 619 558 681 logum
568 619 735 666 contrariorum
746 617 865 666 suimet.
881 617 1005 666 Sciendum
1016 624 1093 666 eutem
1105 624 1151 676 est,
1161 635 1215 666 oum
1233 620 1278 667 due
1292 627 1338 667 subt

174 755 177 760 Ἴ
247 705 406 754 recusatores,
416 711 513 758 quorum
526 697 585 744 ulter
596 703 634 743 est
645 703 700 744 uam
717 699 800 756 major,
811 695 835 742 ei
844 694 939 742 horroris
951 697 1027 756 gretie
1037 695 1123 759 primes
1134 696 1158 744 in
1170 697 1260 758 egendo
1270 703 1338 757 partes

248 773 335 821 tribuis
360 774 421 821 siout
435 778 459 821 st
469 773 508 820 bio
520 774 642 829 Rectene,
653 779 679 821 nt
691 773 777 829 senior,
786 785 787 790 ¹
795 771 873 833 primo
884 772 938 820 loeo
949 773 1028 832 dirit3
1044 774 1153 822 recitarit
1165 780 1248 822 'nutem
1265 773 1340 835 prinsi-

246 850 321 912 piom,
337 855 363 899 et
377 860 457 898 ‘eadere
475 850 623 908 divisionem,
642 856 666 898 et
679 855 771 912 purtem
790 849 860 905 etism
871 849 1058 900 oondrmrtiouls.
1082 851 1130 898 Sed
1142 849 1271 906 Diodorus,
1281 851 1340 898 borso

244 929 362 986 induetur,
373 944 387 976 u
398 929 557 978 Demosthene
567 927 660 990 reecpit
669 929 728 977 bue
739 926 883 977 maome
900 931 984 990 estque
993 929 1164 992 subnoteris,
1175 937 1199 978 et
1206 943 1239 980 oe
1248 927 1340 978 emunt

247 1021 300 1070 quis
310 1006 423 1056 nmmo
433 1006 592 1068 pretermisit.

557 1235 1056 1291 w

574 1459 1023 1594 nnmosuunurs
1073 1405 1075 1412 ‘

442 1707 681 1806 courel
717 1709 1162 1790 annuorrousm

703 1923 904 2003 ORATIO.

291 2083 318 2142 l.
337 2061 615 2152 Qususnuo'oou
626 2083 790 2156 Euctemo,'
794 2083 922 2164 judiees,
931 2086 972 2144 ab.
979 2082 1165 2144 Androtione
1175 2092 1298 2146 rexatus
1306 2087 1348 2147 in-

241 2173 334 2255 juriis,
351 2175 479 2235 simulet
488 2175 654 2257 reipublicae
666 2176 891 2249 consulendum,
904 2185 936 2236 et
950 2175 1139 2258 semetipsum
1148 2175 1349 2237 ulciscendum

247 2287 314 2329 esse
325 2267 487 2352 existimat,
502 2269 545 2330 'sio'
555 2268 632 2328 idem
648 2279 678 2332 et
689 2289 745 2350 ego
756 2269 853 2330 facere
865 2270 1004 2344 conabor,
1015 2267 1138 2329 simodo
1149 2278 1269 2348 poteror
1287 2267 1349 2329 Etsi

173 2353 179 2361 ’
245 2372 344 2422 eutem
358 2361 531 2423 Euctemoni
545 2349 646 2422 multae
659 2372 807 2442 etgraves
821 2361 1006 2422 contumeliae
1029 2370 1134 2422 contra
1150 2381 1257 2422 omnes
1270 2362 1350 2442 leges
1459 2407 1460 2423 ι

244 2455 332 2515 factae
348 2464 426 2526 sunt,
441 2475 484 2515 eae
499 2465 598 2516 tamen
612 2455 648 2516 iis
661 2455 798 2536 negotiis,
813 2474 880 2534 quoe
899 2453 970 2514 milri
983 2453 1273 2526 facessitAndrotio,
1284 2463 1351 2514 sunt

244 2547 381 2608 leviores.
403 2549 481 2610 Nam
494 2549 578 2609 illum
590 2550 712 2630 'quidem
725 2560 755 2610 et
766 2550 893 2630 pecunia
906 2549 1032 2629 spoliare
1045 2567 1099 2628 per
1111 2547 1246 2620 insidias,
1255 2558 1288 2610 et
1299 2548 1349 2607 ho·

244 2659 317 2700 nore
338 2651 437 2702 vestro
459 2662 512 2722 per
526 2643 665 2722 injuriam
685 2643 810 2724 dejicere
838 2642 971 2703 studuit:
993 2661 1041 2702 me
1062 2651 1160 2702 autern
1184 2642 1351 2701 monalium

243 2753 332 2794 nemo
351 2743 430 2794 tecto
453 2735 623 2818 recepisset,
645 2737 670 2798 si
691 2757 741 2798 vos
762 2737 845 2798 istius
866 2736 1034 2818 imposturis
1055 2734 1145 2795 fidem
1164 2733 1351 2794 habuissetis.

246 2827 426 2888 criminatus
440 2828 517 2890 enim
531 2849 579 2890 me
588 2831 707 2911 estejus
716 2830 864 2903 facinoris,
874 2827 955 2911 quod
965 2848 1051 2890 nemo
1060 2828 1149 2888 etiam
1157 2847 1245 2906 aequo
1254 2828 1353 2887 animo

244 2921 334 2994 dieat,
349 2921 404 2981 nisi
428 2920 513 2982 istius
533 2923 646 2998 similis,
659 2935 773 3005 patrem
790 2943 889 2984 meum
902 2943 969 2984 esse
982 2942 1002 2982 a
1012 2922 1125 3001 meipso
1142 2919 1352 2980 interfectum:

243 3023 275 3076 et
296 3014 327 3073 in
336 3013 483 3095 judicium
497 3015 631 3089 adduxit,
655 3027 743 3096 atque
757 3017 915 3098 impietatis
936 3034 1020 3076 reum
1040 3013 1122 3086 fecit,
1137 3032 1198 3072 uon
1212 3031 1279 3086 -me,
1292 3013 1355 3100 sed

243 3120 381 3194 patruum
403 3113 512 3186 meum,
535 3112 565 3170 in
586 3113 664 3173 hanc
681 3117 879 3172 sententiam:
899 3131 968 3168 euru
989 3107 1078 3188 impie
1091 3103 1198 3178 faeere,
1222 3110 1275 3188 qui
1293 3129 1355 3168 me-

228 3199 313 3266 ¹oum
328 3205 567 3284 congrederetur,
589 3205 642 3264 tali
664 3204 776 3264 scelere
797 3201 970 3263 constricto.
1000 3200 1059 3266 Qui
1079 3199 1181 3258 situm
1204 3201 1284 3260 forte
1304 3203 1358 3262 da-

242 3306 364 3376 mnatus
378 3307 465 3370 esset,
479 3299 545 3375 quis
565 3297 712 3361 crudelius
731 3291 851 3367 abisto,
865 3313 955 3373 quarn
968 3311 1036 3372 ego,
1049 3292 1170 3352 mactari
1183 3293 1358 3372 poodssett

242 3390 319 3457 Quis
333 3389 411 3448 enim
431 3389 479 3448 vel
493 3389 674 3462 amiensfvel
696 3387 806 3466 hospes
825 3405 922 3446 meam
938 3382 1184 3446 consuetudinem
1197 3404 1262 3444 non
1276 3387 1358 3446 relu-

177 3498 181 3506 ‘
242 3471 359 3564 gisset'l
372 3473 459 3550 ¹Quae
469 3481 572 3542 civitas
587 3481 701 3562 uspiam
718 3480 850 3540 habitare
865 3495 975 3558 seeum
987 3494 1077 3557 passa
1093 3486 1174 3537 esset
1191 3476 1358 3548 hominem,

242 3580 274 3640 in
289 3578 426 3660 opinione
440 3586 500 3639 tam
520 3577 623 3637 nefarii
639 3569 759 3636 sceleris
781 3569 961 3654 perpetrati?
982 3569 1075 3632 Nulla
1094 3571 1240 3653 prolecto.
1289 3573 1359 3654 Ego

243 3684 353 3747 autem,
367 3665 616 3752 quemadmodum
640 3669 669 3728 in
689 3689 725 3728 ea
742 3684 834 3728 causa
853 3683 912 3734 nob
927 3667 1030 3746 paucis
1052 3665 1215 3739 sententiis,
1235 3667 1296 3728 sed
1317 3667 1361 3727 ite

242 3767 393 3830 luculente
414 3783 480 3842 sum
499 3782 520 3825 a
532 3764 615 3824 robis
634 3761 798 3834 absolutus,
823 3770 857 3818 ut
879 3759 1011 3838 quintam
1032 3759 1089 3818 iste
1111 3767 1227 3836 partem
1246 3757 1360 3822 suffre-

192 3906 194 3910 .
241 3863 357 3942 giorum
370 3857 550 3918 nobismet:
572 3855 614 3916 sic
628 3855 718 3918 istum
731 3863 830 3932 vestro
845 3850 992 3932 praesidio,
1009 3859 1041 3911 et
1052 3849 1144 3923 nunc,
1164 3861 1196 3911 et
1214 3853 1246 3912 iu
1265 3871 1360 3928 omne

243 3955 382 4034 deinceps
395 3943 512 4031 tempus
525 3947 629 4008 ulcisci
642 3947 782 4006 conabor.
1297 3969 1299 3974 ,

197 4027 202 4041 ’
283 4051 312 4106 2:
333 4049 377 4107 Ac
394 4045 430 4106 de
445 4040 710 4126 'privatisnegotiis¹
725 4057 792 4100 cum
806 4037 904 4099 dicere
915 4037 1008 4116 longe
1018 4036 1105 4115 plura
1116 4047 1251 4115 possem,
1267 4037 1360 4096 ornit-

214 4153 217 4166 '
231 4149 322 4208 ‚tamt
344 4137 448 4218 quibus
464 4147 561 4198 autern
575 4135 612 4196 de
624 4135 710 4196 rebus
724 4143 754 4194 et
765 4129 838 4192 actis
849 4129 912 4210 ejus
924 4131 955 4218 in
965 4130 1070 4208 repub.
1080 4147 1161 4200 nuno
1171 4131 1362 4190 sententiam

241 4234 352 4304 feretis,
369 4219 421 4311 per
434 4252 500 4311 qua
514 4232 569 4292 iste
582 4230 669 4291 vobis
679 4248 740 4289 non
753 4245 856 4307 parurn
869 4224 979 4296 nocuit,
998 4241 1126 4302 quaeque
1138 4222 1213 4282 mihi
1230 4234 1363 4304 praeter-

227 4363 230 4372 1
243 4327 359 4386 misisse
372 4324 451 4382 visus
461 4333 507 4382 est
520 4323 678 4395 Euctemo,
691 4339 818 4401 quaeque
829 4317 924 4378 audiri
934 4337 952 4376 a
961 4315 1045 4376 vobis
1056 4325 1189 4396 praestet,
1200 4337 1238 4378 ea
1248 4314 1364 4396 paucis

243 4429 278 4477 ut
291 4405 574 4496 explicemsoperam'
587 4415 675 4475 dabo.
704 4415 781 4494 Ego,
792 4413 819 4473 si
833 4411 949 4492 objecta
957 4407 1232 4497 ‘oriminesimplioi
1253 4407 1365 4487 aliqua

243 4508 356 4570 ratione
371 4511 408 4568 ab
428 4508 485 4568 isto
507 4509 640 4570 excusari
653 4499 746 4589 posse
757 4505 835 4588 apud
849 4525 901 4570 ros
915 4503 1055 4578 viderem,
1067 4501 1114 4564 ⁷de
1128 4522 1165 4582 ea
1177 4501 1299 4564 nullam
1312 4499 1363 4562 fs·
