2920 4950
238 325 275 388 12
622 317 868 384 PHILIPPICA
888 323 1033 386 PRIMA.

235 474 286 554 qui
308 472 420 536 civibus
443 473 601 549 constabit,
622 476 758 556 quisine
782 495 834 542 vos
852 487 955 572 unum,
969 477 1030 538 sive
1044 475 1151 558 plures,
1167 479 1226 539 sire
1246 479 1338 554 illum,

236 569 298 628 sive
312 587 536 648 quemcumque
558 569 664 630 ducem
690 569 908 645 creaveritis‚'·ei
928 571 1043 650 parebit
1060 579 1090 632 et
1108 581 1255 650 sequetur.
1298 573 1339 632 Et

218 660 283 722 ,his
304 671 502 744 commeatum
520 661 614 722 curari
635 663 735 742 jubeo.
770 663 856 729 -Quoe
887 673 1091 724 autemerunt
1112 663 1159 722 hoe
1184 665 1286 744 copies,
1306 675 1337 724 et

109 827 120 842 l
235 763 364 832 quantae,
388 763 418 814 et
435 755 516 816 unde
540 765 734 818 commeatum
757 755 912 829 habiturae,
934 766 965 816 et
988 757 1135 835 quomodo
1157 757 1221 816 hac
1241 757 1338 817 facere

234 846 379 926 poteritis
392 867 448 926 ego
463 847 570 920 dicam,
586 848 726 909 ethorum
741 849 858 928 singula
871 867 1002 912 seorsum
1016 849 1180 928 explicabo.
1203 850 1339 930 Peregri-

234 960 290 1002 nos
304 941 507 1020 dico-neque
523 941 555 1002 id
566 942 704 1015 feceritis,
718 941 799 1020 quod
821 940 996 1021 sepsvobts
1010 943 1120 1012 nocuit,
1134 943 1205 1004 dum
1225 943 1339 1003 minora

222 1023 344 1112 ''puuus
360 1035 466 1094 'omnia
478 1038 567 1114 quam
580 1044 723 1114 oporteat,
742 1045 773 1096 et
793 1035 920 1096 maxima
940 1035 971 1096 in
992 1035 1119 1098 decretis
1134 1036 1339 1116 suscipientes,

235 1145 305 1186 cum
320 1126 358 1188 ad
371 1145 431 1188 rem
442 1137 562 1208 scotum
576 1138 632 1200 est,
646 1147 684 1187 ne
697 1147 788 1206 parra
799 1128 917 1207 quidem
927 1129 1042 1192 facitis:
1064 1130 1119 1190 sed
1131 1130 1181 1188 ubi
1195 1133 1285 1210 persa
1294 1131 1341 1190 Ie-

235 1219 333 1282 ccritis
351 1229 382 1281 et
397 1221 642 1300 comparaveritis,
660 1219 717 1280 illis
738 1219 911 1298 adjicite,'si
928 1221 1040 1282 minora
1052 1222 1238 1284 videbuntur.
1259 1223 1340 1284 Dico

233 1315 324 1395 igitur
335 1316 486 1378 universos
504 1317 609 1376 milites
625 1335 691 1377 esse
704 1325 842 1395 oportere.
851 1316 897 1376 bis
907 1316 1014 1380 mille..
1043 1316 1158 1388 Exhis,
1173 1317 1340 1378 Athenien-

237 1425 286 1468 ses
300 1419 432 1488 oportere
447 1427 514 1468 esse
528 1409 595 1469 dico
609 1410 796 1488 quingentos,
811 1429 828 1468 e
842 1428 1018 1488 quacunque
1034 1409 1077 1468 illi
1094 1408 1241 1488 deligendi
1255 1411 1341 1472 vobis

236 1507 324 1562 astate
338 1502 525 1575 videbuntur,
543 1503 594 1582 qui
611 1512 723 1562 certum
738 1511 855 1581 tempus
876 1501 1013 1582 militent;
1035 1521 1094 1562 non
1114 1502 1233 1581 longum
1253 1503 1341 1578 illud,

236 1594 292 1656 sed
304 1598 446 1673 quantum
465 1594 655 1664 commodum
673 1614 739 1655 esse
752 1593 905 1668 videbitur,
923 1603 957 1654 ut
975 1594 1101 1655 subinde
1118 1595 1182 1654 aliis
1202 1596 1252 1656 alii
1270 1603 1342 1657 snc-

236 1687 358 1749 oedant:
381 1687 508 1766 reliquos
523 1688 692 1769 peregrinos
710 1707 777 1748 esse
794 1687 896 1767 jubeo.
938 1687 1061 1748 Etcum
1082 1687 1135 1762 his,
1149 1689 1343 1768 equitessdu·

237 1789 360 1847 centos:
380 1789 505 1860 quorum
519 1781 732 1860 quinquaginta
750 1782 811 1842 sint
828 1781 1028 1856 Athenienses
1052 1783 1212 1856 minimum,
1233 1785 1342 1846 eodem

237 1894 306 1952 qno
319 1874 434 1954 pedites
456 1874 544 1934 modo
566 1873 723 1940 militaturi.
763 1873 804 1932 Et
821 1872 1133 1953 hippagines,quib'us
1155 1873 1194 1934 bi*
1207 1886 1342 1940 utantur.

237 1967 323 2028 Esto
355 1967 443 2034 Quid
449 1967 486 2028 ad
497 1967 561 2026 hoec
574 1965 720 2045 empliust
748 1965 867 2026 Celeres
882 1966 1012 2026 triremes
1027 1966 1146 2027 decem:
1168 1987 1242 2046 opus
1260 1970 1343 2031 enim

237 2061 323 2142 nobis
337 2069 393 2131 est,
409 2079 477 2122 cunr
496 2059 545 2120 ille
563 2058 689 2119 classem
703 2057 821 2132 babeat,
836 2058 925 2118 etiam
945 2058 1093 2118 velocibus
1106 2059 1299 2188 ottonibus,
1305 2071 1344 2124 ut

238 2161 304 2212 tuto
318 2173 412 2232 coproe
424 2151 574 2230 navigent
652 2207 655 2214 .
1136 2175 1139 2179 ·

278 2250 307 2308 9.
331 2245 439 2308 Unde
431 2247 519 2326 igitur
528 2245 575 2304 hoe
586 2243 720 2306 alentur?
740 2243 806 2324 Ego
812 2253 847 2304 et
858 2245 915 2306 hoc
926 2245 1021 2306 dicam
1035 2253 1072 2304 et
1076 2203 1231 2306 ostendam
1235 2259 1343 2326 ,·post

237 2362 361 2422 qnam,
350 2360 404 2400 cur
414 2340 543 2401 tantulus
549 2338 656 2422 copias
668 2338 740 2398 satis
752 2347 938 2417 esseputern,
948 2347 977 2396 et
988 2337 1066 2398 cives
1075 2337 1197 2399 militare
1206 2341 1344 2418 jubeam,

209 2477 213 2492 .
238 2437 378 2512 docuero,
415 2431 568 2503 Tantulas,
583 2430 788 2504 Athenienses,
802 2440 959 2511 propterea
970 2431 1051 2509 quod
1065 2431 1149 2492 nobis
1163 2451 1243 2492 nune
1256 2454 1344 2494 exer·

110 2551 114 2564 ¹
203 2603 207 2612 Ι
238 2530 328 2589 citum
341 2545 445 2611 parare
458 2524 610 2598 nonlicet,
624 2525 674 2604 qui
688 2524 804 2606 collatis
816 2524 906 2602 'signis
915 2543 982 2584 curn
995 2543 1031 2585 eo
1044 2523 1164 2586 dimicet
1169 2546 1178 2594 ;
1200 2525 1253 2586 sed
1264 2547 1344 2606 prse-

238 2621 302 2681 dari
312 2630 359 2680 est
367 2627 496 2690 necesse,
508 2617 601 2700 ethac
612 2615 734 2696 gerendi
744 2615 816 2676 belli
826 2617 938 2678 ratione
944 2616 1086 2680 utendum
1096 2617 1235 2696 primum:
1249 2637 1342 2698 quare

238 2735 295 2776 nec
309 2713 466 2774 immensas
486 2729 634 2772 eas—nec
647 2709 725 2770 enim
738 2709 928 2789 stipendiaet
940 2719 1122 2774 commeatus
1138 2721 1344 2792 suppetunt..

239 2827 296 2890 nso
309 2825 428 2888 prorsus
442 2805 563 2884 exiguas
577 2821 642 2864 esse
656 2788 782 2883 oportet.
817 2801 905 2864 Cives
919 2811 1019 2869 autem
1029 2802 1145 2876 adesse,
1158 2813 1190 2862 et
1203 2804 1343 2886 navigare

239 2909 466 2980 nnapropter'ea
474 2899 576 2976 jubeo,
589 2896 670 2978 quod
684 2895 764 2976 prius
777 2894 865 2957 etiam
878 2893 1038 2973 aliquando
1052 2895 1342 2976 audioperegrinum

239 2995 348 3058 aluisse
364 2991 498 3056 Corinthi
508 2990 630 3050 militem
639 2999 761 3050 ιιοιιιαιιι
769 2983 882 3062 urbem,
896 2987 943 3048 cui
953 2986 1135 3068 Polystratus
1143 2989 1300 3068 praefuerit,
1310 3005 1344 3054 et

239 3089 441 3190 Iphicrates,
422 3095 452 3146 et
462 3085 617 3155 Chabrias,
627 3092 657 3144 et
668 3083 716 3143 alii
729 3082 859 3161 quidam,
873 3081 1101 3160 etvosmetipsos
1113 3101 1173 3150 una
1182 3083 1343 3210 militasse.

240 3295 308 3336 eum
318 3273 384 3346 rllrs,
395 3268 634 3332 Lacedaemonros
643 3267 763 3328 srcrstss
783 3265 947 3344 Postquam
956 3274 1055 3328 autem
1071 3285 1127 3345 rpsr
1138 3287 1344 3351 peregrmrper

239 3387 306 3430 sese
314 3366 394 3426 bella
402 3363 483 3444 vobis
494 3365 633 3434 obeunt,
626 3362 735 3424 amicos
753 3359 913 3422 vincuntet
929 3357 1104 3428 foederatosr
1125 3359 1226 3421 hostes
1242 3373 1343 3425 eutem

202 3481 208 3489 “
239 3461 312 3522 lacti
324 3467 394 3538 sunt
406 3457 531 3536 majores
543 3475 631 3534 quam
645 3453 804 3536 expediret.
836 3450 953 3512 Etcum
966 3451 1004 3510 ad
1018 3450 1129 3513 bellum
1142 3461 1243 3512 nostre
1261 3457 1345 3516 urbis

238 3552 333 3614 obiter
345 3549 535 3630 respexerint,
549 3546 586 3608 ad
598 3548 776 3607 Artabazum
794 3553 825 3618 et
838 3543 942 3652 quovis
955 3543 1086 3621 gentium
1099 3547 1208 3650 potius
1210 3548 1343 3620 abeunti
1361 3540 1363 3551 '

240 3649 506 3726 imperatorantem
521 3661 572 3701 eos
586 3640 728 3719 sequitur,
742 3655 800 3699 non
812 3637 938 3715 injuria.
959 3655 1056 3714 neque
1070 3637 1147 3697 enim
1160 3637 1185 3698 is
1200 3637 1343 3719 imperare

238 3747 348 3820 potest,
362 3757 414 3816 qur
405 3734 574 3815 stipendia
590 3752 651 3792 non
663 3731 759 3792 solvit.
801 3729 901 3799 Quid'
894 3729 982 3808 igitur
990 3727 1103 3807 jubeo?
1124 3729 1239 3791 Causas
1253 3733 1344 3797 adimi

239 3842 271 3892 et
284 3830 352 3891 duci
366 3839 396 3890 et
408 3827 557 3899 militibus,
569 3825 704 3886 mercede
717 3822 911 3895 numeranda,
925 3832 957 3882 et
976 3822 1138 3884 domestico
1148 3823 1251 3898 milite,
1261 3827 1345 3890 velut

239 3944 342 3986 eorum
356 3923 522 4003 Inspecto're
535 3939 603 3999 quse
617 3917 722 4002 educe
735 3926 887 3996 geruntur,
901 3915 1108 3995 adjungendo3
1136 3933 1205 3976 nam
1220 3926 1344 3980 utnune

240 4021 285 4092 fit,
299 4017 422 4077 ridicula
435 4026 482 4076 est
500 4024 600 4074 nostra
620 4031 717 4071 rerum
739 4009 960 4072 administratio.
981 4071 983 4078 ,
1003 4008 1036 4068 si
1058 4009 1125 4088 quis
1138 4009 1215 4070 enim
1228 4029 1282 4071 vos
1296 4032 1344 4072 ro-

240 4122 302 4192 get,
312 4118 454 4191 pacemne
468 4108 565 4187 agitis,
576 4103 791 4166 Athenienses?
810 4102 931 4164 Minime
941 4121 1009 4163 vero
1022 4121 1076 4162 nos
1089 4102 1220 4183 quidem,
1235 4103 1344 4166 dicturi

241 4207 303 4274 sitis
311 4218 326 4274 ;‘
343 4203 396 4264 sed
417 4222 486 4261 cum
508 4199 643 4280 Philippo
665 4198 777 4258 bellurn
800 4196 940 4276 gerimusr
992 4195 1099 4256 Nonne
1115 4214 1184 4257 vcro
1207 4197 1311 4259 creatis
1325 4219 1344 4258 e

129 4337 132 4344 .
240 4296 346 4360 vestris
360 4295 471 4356 civibus
490 4294 595 4378 decem
609 4291 805 4364 centuriones,
820 4298 851 4350 et
874 4289 976 4356 duces,
997 4297 1028 4348 et
1048 4289 1191 4364 tribunos,
1206 4299 1237 4350 et
1250 4291 1344 4372 magi-

241 4404 317 4456 stros
332 4389 464 4469 equitum
478 4386 574 4450 duos?
597 4385 650 4446 Isti
663 4403 732 4446 vero
746 4383 818 4463 quid
828 4381 941 4462 agunt?
960 4381 1029 4442 Uno
1044 4380 1095 4442 illo
1108 4392 1243 4462 excepto,
1256 4405 1345 4464 quem

241 4486 281 4550 ad
289 4480 555 4575 bertrannetus,
563 4477 668 4562 reliqui
677 4495 800 4561 pompas
811 4476 893 4542 robis
907 4474 1020 4540 ducunt
1032 4475 1296 4541 cumsccsiticolis:
1311 4489 1345 4539 ut

828 4587 830 4594 ’
886 4595 904 4654 sl
