2946 4954
191 241 251 300 222
575 183 893 298 sncdmnntn'nt.
1283 237 1296 264 ⁸

192 398 293 455 schinus,
304 395 485 444 Demosthenes.
498 395 547 444 llos
554 395 625 458 igitur
634 392 759 442 mittuntln
769 392 938 449 Macedoniarn,
947 392 1062 455 cognituri
1074 407 1157 440 verene
1166 392 1194 440 sd
1203 408 1276 455 pacem

192 490 275 524 versus
287 480 350 521 esset
360 471 450 521 enimus
462 472 581 534 Philippi,
600 471 692 533 quodsi
704 486 783 519 rernm
796 478 867 526 esset,
875 471 1004 532 jusserunt,
1015 477 1041 517 ut
1052 485 1130 517 secum
1146 471 1277 516 adducerent

191 550 336 614 l'egetos,qui
343 547 506 614 jusjursndum
518 548 658 609 acciperent.
671 545 785 609 Regressi
793 549 873 594 decem
882 547 963 607 legati,
975 563 1071 608 qnorum
1080 562 1140 594 unns
1150 547 1192 598 luit
1203 553 1225 593 et
1235 549 1279 594 De—

192 628 335 682 mosthenes,
345 627 494 675 sdduxerunt
504 641 518 672 e
529 624 640 686 Philippo
651 633 699 672 tres
708 624 806 685 legatos,
817 623 974 687 Antipatrum,
984 625 1172 690 Parmenionem,
1177 627 1279 684 etllury·

155 739 167 760 ,
178 711 180 720 “
193 705 295 760 lechum,
311 709 436 750 exacturos
444 701 614 764 insjurendum.
631 703 689 762 (lugu
701 708 778 748 autern
794 708 977 749 convocarentur
988 701 1047 748 socii
1064 700 1235 748 Atheniensium
1252 700 1278 746 ad

193 777 295 829 dendum
303 779 473 840 juriursndnm,
485 783 509 824 et
519 791 583 824 mora
599 777 765 835 intercederet,
774 776 907 842 intelligens
924 777 1094 825 Demosthenes
1108 777 1211 838 Philippi
1221 777 1279 836 iuge·

193 851 266 913 nium,
276 871 368 916 semper
379 855 465 916 aliquid
477 855 606 920 subigentis
616 861 640 902 et
652 853 785 915 grassantis,
796 862 876 902 auctor
888 864 924 902 est
943 855 1131 911 Atheniensibus,
1147 853 1214 900 dandi
1225 855 1281 900 cele·

194 935 251 982 riter
259 931 419 995 iurisiurandi,
430 932 499 978 etlam
511 947 557 978 non
565 929 680 992 proesentis
691 922 859 992 Cersobiepte3
873 933 942 978 nobis
951 931 1034 992 inquit,
1044 933 1067 978 in
1075 931 1196 981 'l'hrsciane
1204 933 1282 978 abeun-

194 1011 259 1058 tibus
267 1006 426 1070 jusjurandum
433 1007 500 1055 debit
507 1007 679 1068 Gersoblepter.
691 1006 816 1054 Sciendum
827 1015 904 1055 autem
914 1014 950 1053 est
961 1008 1141 1054 Demosthenem
1152 1006 1176 1052 in
1187 1005 1283 1054 secunda

195 1086 312 1147 legetione
321 1083 409 1132 ebiisse
420 1083 461 1130 tuli
471 1083 502 1129 de
514 1097 593 1130 osnes.
622 1084 650 1129 ln
662 1083 734 1145 priene
747 1082 872 1144 legatione,
884 1082 1020 1144 quibusdam
1033 1082 1215 1129 Atheniensibus
1231 1097 1284 1142 quos

195 1163 220 1210 ie
240 1159 379 1209 Macedonis
389 1160 495 1220 captivos
511 1160 641 1217 inuenerat,
650 1160 783 1219 pollicetur,
799 1175 825 1207 se
839 1159 894 1207 illos
907 1175 949 1206 sue
965 1160 1066 1221 pecnnia
1077 1159 1244 1206 redemtorem:
1261 1155 1283 1202 id

197 1240 270 1300 quud,
278 1237 322 1284 nisi
330 1250 428 1298 perenna
438 1235 519 1297 legeti,
529 1236 607 1284 iecere
618 1251 663 1283 non
674 1241 774 1297 poterat.
790 1236 896 1284 Jnsserst
906 1242 981 1283 eutem
994 1237 1048 1284 ueri
1059 1233 1123 1284 abire
1134 1236 1229 1296 legatos,
1243 1247 1285 1293 quo

196 1314 297 1363 celerius
308 1313 354 1360 iter
365 1311 513 1366 conticerent,
524 1319 549 1358 et
559 1311 691 1373 ubicunque
701 1312 838 1375 Philippum
849 1328 902 1360 esse
914 1312 1028 1368 audirent,
1039 1311 1202 1375 eoproticisci,
1211 1317 1234 1358 et
1241 1311 1286 1356 illio

194 1390 356 1454 iusiurandum
373 1388 476 1450 exigere.
495 1388 536 1435 llli
548 1403 605 1436 uero
617 1404 662 1436 uon
673 1396 807 1450 paruerunt,
818 1389 858 1438 sed
870 1389 974 1454 pedestri
986 1389 1067 1437 itinere
1077 1389 1195 1445 abierunt,
1205 1395 1286 1436 etcum

197 1468 221 1516 iu
234 1466 395 1514 Mecedonisnr
410 1464 580 1525 pervenissent,
592 1471 640 1513 tres
653 1471 714 1512 totos
724 1479 816 1513 meuses
827 1465 977 1521 desederunt,
989 1465 1063 1523 donec
1075 1465 1156 1512 multis
1167 1464 1286 1514 Athenien·

198 1544 259 1592 sium
270 1542 363 1606 oppidis
370 1539 482 1596 subactis,
489 1540 614 1602 Philippus
622 1549 785 1598 reverteretur,
794 1557 821 1589 ac
830 1549 914 1603 prseter
922 1548 999 1589 uetera
1006 1541 1058 1603 ipso
1065 1542 1134 1589 etiem
1142 1541 1289 1601 Gerscblepte

197 1625 275 1682 cepto.
294 1619 330 1666 Ao
339 1617 582 1678 uererersusquidern
592 1617 671 1666 stetim
683 1619 749 1684 dedit
754 1618 924 1680 jnsJ'urendnne,
935 1620 977 1665 sed
987 1618 1088 1676 distulit,
1097 1619 1154 1668 dum
1162 1619 1288 1681 expeditio·

195 1701 337 1746 seorcontru
346 1693 480 1743 Phocenses
488 1688 646 1750 instruxisset,
654 1695 699 1741 etsi
707 1695 723 1741 il
729 1695 821 1758 legator
828 1697 856 1742 ad
866 1710 918 1742 eum
925 1696 954 1742 de
963 1695 1025 1744 hello
1034 1691 1174 1758 deponendo
1182 1697 1290 1745 miserant.
1300 1721 1302 1726 ·

196 1771 258 1822 (lum
270 1779 346 1820 autem
361 1777 439 1818 contre
450 1771 583 1821 Phocenses
595 1770 790 1832 proficisceretur,
802 1787 846 1818 nou
858 1771 881 1818 iu
893 1772 954 1827 leno,
971 1773 1005 1818 uti
1020 1772 1070 1820 fieri
1080 1786 1124 1834 par
1140 1779 1201 1831 eret,
1212 1775 1252 1822 sed
1267 1775 1290 1820 in

199 1865 305 1911 caupone
314 1847 474 1909 instarendum
486 1847 560 1902 dedit,
575 1847 599 1894 in
613 1848 664 1898 hero¹
681 1850 762 1895 verbs:
780 1863 884 1910 punem
907 1850 956 1896 tec
966 1850 996 1896 io
1014 1865 1081 1897 curn
1100 1853 1290 1900 Atheniensi·

200 1931 255 1975 bns
274 1934 304 1974 et
329 1923 571 1972 Atheniensium
590 1924 703 1980 suciis,
725 1925 893 1972 Alensibus
913 1932 943 1972 et
965 1927 1187 1977 Phocensibns
1209 1945 1291 1984 exce·
1315 1971 1319 1976 .

199 2004 277 2067 ptis:
294 2001 357 2062 quod
368 1999 556 2049 Alenseehestes
567 2006 644 2047 essent
652 1999 786 2054 Pharsaliis,
797 1999 846 2048 suis
857 2001 1003 2057 eminiscnm
1016 2003 1179 2052 Phocensibns
1187 2012 1260 2052 eutem
1268 2019 1291 2050 se

200 2093 283 2142 pspees
294 2078 370 2124 tacere
381 2077 489 2137 negabat,
498 2075 560 2136 quod
569 2075 646 2123 tanum
658 2074 797 2135 Delphinum
809 2076 880 2137 impie
892 2076 1026 2125 violassent.
1037 2079 1146 2126 Secunde
1156 2081 1228 2141 igitur
1236 2081 1294 2142 lege·

201 2157 263 2204 tione
275 2156 299 2202 in
316 2153 415 2200 Attieeru
428 2166 530 2206 reuersa,
542 2151 712 2210 Demosthenes
726 2152 907 2204 conuorersiam
918 2161 1006 2210 movet,
1022 2156 1117 2202 demota
1129 2156 1237 2219 Philippi
1252 2171 1294 2204 sou

201 2234 293 2297 placere
305 2229 349 2276 silei
362 2228 479 2276 dictitans.
507 2227 632 2275 AEsobiues
641 2229 776 2288 respondet,
787 2245 815 2276 ea
825 2228 911 2276 dixisse
927 2229 1062 2293 Philippum
1079 2233 1234 2292 aperte,1sibi
1244 2249 1294 2280 vero

201 2310 226 2358 in
238 2322 315 2356 eurem
328 2306 496 2360 insusurrssse,
507 2303 608 2350 Alenses
617 2310 641 2350 st
651 2303 786 2352 Phocenses
795 2320 821 2362 se
832 2304 965 2366 excepisse,
973 2321 1013 2363 ne,
1022 2322 1048 2353 re
1061 2307 1233 2366 animadversa,
1241 2310 1296 2356 'lhe-

201 2384 256 2432 bani
269 2383 313 2430 sibi
324 2388 449 2440 carerent;
468 2394 525 2440 qnos
536 2379 653 2427 inuadere
662 2396 689 2427 ao
700 2381 800 2442 perdere
813 2381 892 2438 uellet,
905 2382 949 2432 bos
960 2389 1149 2434 couserrstnrus.
1175 2373 1296 2433 Athenien·

203 2447 331 2512 essentem
341 2456 491 2504 desententiu
502 2455 629 2510 AEsohinis,
640 2456 732 2504 tertiam
744 2457 883 2519 legetionem
893 2459 1055 2515 decreverunt,
1067 2461 1198 2522 cognituri,
1209 2478 1237 2510 en
1246 2461 1296 2510 Phi·
1368 2449 1370 2454 ¹

201 2541 282 2606 lippus
291 2541 365 2582 steret
374 2531 580 2595 pollicitationibus
588 2531 715 2582 AE'scbinis.
734 2535 779 2580 Sed
793 2536 963 2582 Demosthenes
971 2542 996 2582 et
1003 2537 1147 2598 legationem
1159 2540 1265 2600 ejurerit,
1275 2545 1298 2586 et

204 2630 230 2662 se
242 2612 336 2674 negarit
347 2609 469 2670 quicquam
485 2623 539 2654 cum
549 2607 666 2668 legatione
676 2609 711 2655 rei
723 2609 864 2664 habiturum,
875 2610 925 2659 sire
937 2627 965 2659 ee
975 2613 1044 2668 bene,
1055 2613 1105 2660 sive
1118 2615 1183 2662 male
1194 2603 1299 2662 obiretur.

203 2693 264 2738 'lum
271 2685 499 2740 seritusAEschines,
508 2699 536 2731 ne
544 2685 711 2745 munensdomi
721 2687 886 2734 Demosthenes
895 2689 1048 2748 persuaderet
1059 2693 1192 2752 populo,ut
1203 2694 1301 2740 Phoceu·

199 2767 271 2816 ·sibns
282 2763 393 2833 auxilinm
409 2761 518 2816 mitteret,
529 2759 629 2816 simulet,
641 2768 666 2812 ut
681 2761 713 2808 eit
723 2763 901 2819 Demosthenes,
913 2780 938 2812 se
947 2771 1069 2828 tegrotare.
1089 2769 1164 2815 Venit
1174 2771 1244 2816 trater
1255 2771 1300 2829 ejus

201 2833 335 2894 Ennomus,
345 2838 492 2902 eddnotc'que
502 2835 671 2898 medico,]‘urat
682 2843 794 2898 segrotere
808 2839 957 2898 AEsohinem;
974 2841 1008 2888 sio
1018 2842 1097 2904 ipsum
1109 2843 1253 2903 Ennomusn,
1264 2843 1301 2892 Ε·

206 2917 296 2968 echinis
302 2917 355 2965 lccc
364 2914 464 2976 popolus
475 2915 574 2974 tegetum
584 2919 655 2960 oreat.
666 2913 712 2973 Qui
720 2912 791 2978 legati
803 2929 854 2962 cum
865 2915 984 2974 abiissent,
994 2926 1020 2964 ut
1030 2917 1054 2964 iu
1066 2919 1184 2967 Enboearu
1193 2935 1301 2982 perseus·

205 3003 269 3052 runt,
276 2993 386 3042 audivere
395 2991 527 3048 Phocenses
535 3004 630 3037 eversos
639 3005 690 3037 esse
697 3005 712 3036 s
720 2989 840 3052 Philippo,
847 2997 871 3038 et
878 3007 930 3038 curu
939 2993 1054 3040 dedecore
1060 2995 1193 3056 redierunt.
1204 2991 1304 3043 Revers's

202 3073 273 3120 tertie
280 3069 394 3131 legatione
405 3068 428 3114 in
440 3066 550 3121 Atticum,
562 3065 687 3113 AEschines
697 3074 779 3128 suepte
791 3069 927 3116 anctoritete
939 3069 1030 3130 legatus
1045 3069 1103 3118 abiit
1114 3072 1147 3118 ad
1162 3073 1305 3134 Philippum,

207 3155 234 3198 ut
245 3149 278 3196 ait
290 3145 467 3194 Demosthenes.
488 3142 613 3190 Sciendum
622 3149 701 3190 autern
708 3150 752 3200 cst,
762 3149 815 3204 post
827 3143 965 3206 legationem
974 3136 1078 3208 singulos
1088 3149 1185 3209 legetos
1196 3147 1304 3194 rationem

206 3225 349 3280 reddidisse.
359 3225 394 3269 Ac
403 3220 473 3282 primi
481 3220 552 3280 legati
562 3227 607 3266 ιιιιι
619 3221 730 3280 praeclare
741 3221 809 3267 fldem
822 3235 885 3268 suem
894 3223 1030 3282 probarunt,
1040 3229 1067 3272 ut
1079 3223 1258 3273 Demosthenes
1268 3237 1305 3270 eos

208 3303 307 3360 decretos
316 3298 345 3345 sd
357 3297 476 3358 prandium
488 3296 582 3344 inritati
594 3295 699 3356 jusserit.
723 3297 798 3344 Moris
809 3297 870 3344 enim
881 3305 938 3354 erat,
948 3299 1083 3360 legatcs,re
1096 3301 1161 3348 bene
1173 3309 1249 3362 geste,
1257 3313 1306 3346 cou-
1384 3347 1387 3354 Α
1436 3283 1437 3302 ’

207 3374 274 3428 sirio
284 3375 378 3437 publico
386 3373 505 3434 excipere.
525 3373 624 3432 Quidam
636 3372 793 3428 dubitantem
800 3389 841 3422 ecs
854 3375 1033 3432 Demosthenes,
1045 3375 1066 3422 si
1075 3377 1161 3425 scierit
1172 3378 1246 3426 fnisse
1257 3389 1305 3438 pro·

209 3455 308 3508 ditores,
319 3451 353 3500 ‚ad
372 3449 643 3510 publicum-invitemos
653 3449 775 3516 prendiurn
787 3450 882 3500 curarit.
901 3452 940 3499 Ad
956 3452 1017 3513 quod
1033 3455 1219 3514 respondemus,
1232 3466 1308 3502 eume
1326 3438 1329 3446 ¹

209 3528 307 3593 prendio
317 3525 462 3588 propositum
475 3540 553 3572 eorum
565 3526 764 3574 enimeduertisse.
777 3529 814 3574 Er
827 3529 957 3590 posteriore
968 3535 1044 3586 nutem
1056 3529 1176 3590 legatione
1189 3531 1252 3578 solus
1264 3531 1309 3576 De-

207 3605 342 3654 mosthenes
360 3600 473 3649 rationem
489 3601 605 3649 reddidit:
624 3619 692 3664 quarn
710 3611 734 3650 et
746 3604 881 3651 AEschinem
898 3605 1052 3662 redditurum,
1063 3621 1116 3652 cum
1135 3607 1276 3654 Timarchus
1287 3609 1309 3651 et

207 3683 379 3731 Demosthenes
391 3693 500 3726 sccusare
511 3678 675 3726 instituissent.
692 3680 799 3726 Postulat
816 3680 950 3736 AEschines,
960 3687 987 3728 ct
999 3681 1119 3740 inquisitio
1137 3681 1191 3738 liet,
1207 3671 1268 3730 loeta
1277 3681 1308 3727 in·

209 3755 497 3820 quisiticns,‘l'isnarohnm
506 3755 637 3815 prostitutis
645 3756 762 3815 pudicitiae
771 3756 979 3817 convictumejicit.
991 3758 1055 3818 Lege
1065 3757 1126 3804 enine
1136 3760 1309 3814 erusbescere

208 3835 262 3897 quis
270 3835 405 3896 impudicus
417 3831 584 3893 rempublicam
593 3832 772 3880 adrrrlnlstruret.
783 3833 877 3880 Deinde
889 3834 1213 3896 aggrediturllemosthenes
1221 3833 1311 3882 AEeclei·

206 3925 273 3967 uem,
282 3917 383 3958 accuset
404 3907 584 3969 Quidem'etiam
596 3914 709 3967 quaerunt,
722 3923 764 3956 cnr
774 3909 813 3955 hic
826 3911 900 3958 terties
911 3903 1202 3970 legationismemiusritt
1219 3923 1309 3972 respou-

207 3989 303 4040 -·demus‚
319 4001 371 4034 enus
389 3985 487 4035 triennio
497 3990 554 4046 post
563 3983 649 4030 dictem
660 3983 732 4040 diem,
743 3999 835 4032 causam
850 3985 936 4047 egisse·
944 3987 966 4032 iu
975 3985 1075 4047 judicio.
1098 3986 1183 4034 Missa
1199 3986 1262 4034 enisu
1273 3999 1311 4046 po·

209 4061 310 4112 swriore
320 4061 443 4122 legatione,
454 4061 617 4116 Athenienses,
627 4061 721 4122 cognito
733 4061 888 4109 Phocensium
900 4062 1004 4120 excidio,
1016 4079 1047 4110 ex
1058 4062 1123 4124 agris
1134 4064 1161 4110 in
1181 4065 1263 4111 urbem
1274 4075 1313 4109 sna

210 4140 366 4199 comportant,
373 4137 515 4198 etinmagno
526 4144 580 4186 sunt
591 4137 699 4185 tumultu.
715 4137 825 4186 Triennio
836 4144 891 4199 post
901 4138 1021 4200 ingressus
1032 4141 1214 4196 Demosthenes
1223 4137 1312 4189 AEscbi·

207 4231 264 4266 m
283 4225 403 4266 enomere,
419 4212 465 4258 dno
482 4212 505 4258 ei
520 4213 617 4261 crimine
633 4214 722 4276 objicit,
741 4215 858 4262 interitum
869 4214 1031 4262 Phocensiom
1046 4205 1078 4263 'et
1093 4223 1200 4280 accepte
1215 4229 1314 4266 munere.

211 4290 337 4341 Sciendum
348 4292 426 4334 sutem
437 4289 634 4350 sermenetpnnm
646 4306 698 4339 esse
715 4292 802 4340 crimen
813 4291 937 4340 interitum
949 4291 1116 4340 Phocensiune.
1131 4293 1172 4341 Ad
1185 4296 1315 4356 cojuspro·

213 4370 328 4418 bettonem
340 4365 412 4414 eltsrs
423 4363 522 4424 guasto
533 4365 623 4425 incidit,
632 4377 727 4432 prepter
737 4370 860 4432 pecuniern
870 4369 1007 4422 AEsehinenr
1021 4369 1046 4419 id
1057 4385 1108 4420 esse
1120 4385 1218 4432 ausum,
1229 4376 1257 4420 ut
1266 4381 1316 4434 prc-
