2912 4946
542 274 910 360 sursumsunt
992 323 994 330 ι
1066 312 1069 322 ¹
1174 300 1257 368 ἰιι

115 437 225 502 ‘ruin
231 444 331 506 fabros
345 447 463 526 triginta
475 459 515 509 et
520 451 592 511 duo
593 452 647 511 ¹uel
665 454 736 523 ties,
754 463 879 533 quotum
893 473 970 534 pars
980 453 1074 534 quinis
1095 465 1147 516 aut
1167 458 1255 526 etiam

151 538 241 610 senis,
253 539 362 617 reliqui
370 559 431 600 non
444 541 562 603 minoris
577 555 662 604 certe
671 565 758 624 quam
781 548 871 606 ternis
893 547 1001 636 singuli
1016 548 1110 608 minis
1117 551 1255 610 aestimari

151 637 298 707 poterant,
318 633 356 690 ab
366 631 415 693 ins
426 614 559 714 reditum
580 643 709 698 annuum
724 637 918 716 accipiebat
900 657 971 697 ιιι.
986 637 1079 700 minas
1091 639 1253 710 immunem

143 719 301 800 lectorum
307 723 410 786 fabros
417 726 520 805 viginti
529 732 661 800 numero,
670 731 708 789 ob
718 731 913 809 quadraginta
916 709 1029 790 niinas
1026 732 1253 813 oppigneratos,

93 871 99 877 ,
106 813 273 891 Ιιιιιιιιιι.
287 817 384 877 minas
396 819 539 880 immunes
560 821 587 880 ei
605 819 783 890 afferebant3
798 823 918 902 argenti
939 823 976 884 ad
997 845 1097 894 unum
1109 815 1267 894 talentum*

146 905 296 967 drachmae
309 909 423 970 ioenore
436 919 539 976 mutuo
553 913 624 986 dati,
645 913 729 993 cujus
752 932 845 976 usura
860 916 1014 995 quotannis
1031 929 1154 996 septem
1151 919 1270 980 minas'

146 1001 320 1078 'superabats
369 1003 409 1062 Et
431 1003 495 1063 haeo
523 1015 592 1064 sunt
616 1025 694 1083 quae,
715 1007 844 1086 ipsorum·
863 1008 951 1068 etiam
972 1010 1168 1081 confessione,
1190 1012 1251 1070 ιιιι-

143 1095 257 1153 ctuo'sa
267 1093 433 1172 reliquerit:
455 1105 583 1174 qu'orum'
599 1114 662 1158 sors
672 1108 809 1177 quatuor
823 1100 934 1160 talenta
948 1113 979 1172 et
993 1101 1148 1180 quinquies
1168 1104 1249 1164 mille

128 1184 312 1257 drachmas,
328 1187 439 1248 reditus
452 1189 677 1269 quinquagenas
692 1193 786 1254 minas
799 1193 924 1272 singulis
938 1193 1024 1254 annis
1037 1196 1146 1274 explet.
1169 1195 1249 1270 Prae,-

143 1287 200 1336 ter
209 1277 274 1338 bac
291 1281 364 1340 ebur
374 1289 406 1340 et
421 1281 536 1354 fenum
551 1283 630 1344 unde
641 1282 842 1356 fabricabant
850 1297 889 1348 et
894 1277 1022 1367 ligneam
1038 1290 1190 1362 materiam
1208 1292 1248 1354 ad

140 1370 248 1442 holos,
270 1372 354 1450 pretii
373 1372 489 1434 circiter
502 1375 653 1455 octoginta
672 1377 835 1441 minarum.
858 1379 967 1458 gallam
984 1391 1130 1461 praeterea
1153 1392 1184 1442 et
1206 1404 1248 1444 aes

94 1463 101 1478 '
137 1465 333 1544 septuaginta
352 1465 437 1526 minis
455 1479 563 1548 empta.
605 1464 752 1536 Praeterea
767 1471 888 1538 domum
910 1473 997 1532 trium
1030 1474 1152 1534 millium
1181 1475 1249 1537 dra

142 1555 314 1622 climatum.
320 1559 528 1639 supellectilia
536 1580 634 1642 porro,
648 1562 768 1637 calices,
783 1583 871 1623 aurea
885 1583 966 1635 vasa,
980 1574 1088 1637 vesteS,
1103 1549 1247 1641 mundum
1335 1602 1337 1612 =

142 1652 253 1724 matris,
266 1651 403 1712 universa
420 1654 504 1733 pretii
518 1653 617 1726 decies
631 1655 711 1714 mille
726 1656 1082 1735 drachmarumzargenti
1103 1656 1182 1717 domi
1200 1678 1246 1717 re·
1277 1696 1296 1727 ,ι

141 1744 230 1822 positi
244 1746 395 1824 octoginta
411 1747 516 1830 minas.
555 1748 594 1807 Et
613 1739 679 1816 baec
693 1749 772 1808 domi
785 1750 903 1829 reliquit
918 1751 1025 1810 omnia.
1061 1751 1130 1810 Jam
1147 1751 1248 1812 Xutho

142 1838 330 1916 septuaginta
344 1839 439 1899 minas
452 1841 585 1918 pecuniae
603 1841 715 1900 navalis
726 1825 877 1902 elocarat:
901 1843 1131 1921 quadringentas
1151 1853 1182 1903 et
1199 1845 1245 1906 bis

139 1929 228 1987 mille
234 1929 393 1992 droobmas
403 1931 769 2012 adPasionis‚adPyladoe
783 1955 915 1994 mensam
930 1945 1087 1996 sexcentas
1101 1935 1243 2005 dederat:

141 2021 308 2082 Demornali
315 2023 458 2084 Damonis
472 2025 531 2084 lilio
545 2025 623 2086 mille
642 2035 809 2110 sexcentas:
829 2027 952 2088 ducenae
966 2049 1054 2108 porro
1071 2014 1101 2090 ei
1117 2039 1244 2090 trecenae

139 2106 291 2174 drachmae
300 2115 625 2200 aliisetquealiis'datoe
639 2105 742 2179 mutuo
753 2119 840 2178 simul
854 2119 997 2180 talentum
1007 2123 1066 2181 iere
1073 2123 1245 2200 conficiunt
1334 2173 1335 2176 ,

139 2205 206 2263 ιιιι
202 2207 346 2312 pedania
357 2217 428 2269 ooto
434 2209 577 2274 talentum
592 2221 626 2268 et
622 2211 757 2290 triginta
767 2212 911 2272 minarum
926 2213 1069 2274 summam
1084 2217 1242 2279 excedunt.
1329 2217 1334 2228 “

136 2297 352 2360 Sedunicarsa
366 2301 440 2365 haec:
450 2301 725 2379 adquatuordeoim
744 2305 843 2364 facere
859 2304 970 2367 talenta
986 2305 1097 2366 ratione
1113 2306 1185 2369 inita
1198 2329 1246 2368 re-

138 2390 268 2468 perietis.
307 2388 434 2452 Tantum
456 2393 545 2472 igitur
569 2395 638 2453 mihi
660 2396 866 2474 patrimonium
881 2393 1013 2458 relictum
1027 2398 1244 2478 fuitpjudioes:

135 2492 285 2560 qnantum
309 2503 380 2546 vero
401 2486 481 2546 'furto
495 2487 542 2546 sit
552 2485 631 2547 «inde
655 2485 814 2558 sublatuna
838 2497 869 2546 et
887 2497 1029 2571 quantum
1052 2489 1100 2550 vel
1123 2491 1246 2570 seorsim

136 2575 248 2654 singuli
259 2578 401 2656 ceperint,
419 2577 466 2638 vel
481 2579 675 2641 communiter
686 2597 789 2639 omnes
803 2578 1015 2652 defraudarint,
1031 2579 1094 2659 deti
1108 2580 1244 2667 nobisad
1325 2634 1334 2642 .

135 2668 350 2730 hanc=eausam
368 2671 667 2754 agendamtemporis
681 2673 825 2751 angustiis
836 2671 1149 2750 excludorquo‘minus
1163 2695 1242 2742 nuno

134 2767 318 2838 enumerem,
332 2764 529 2828 sed'nec'esse
541 2772 588 2826 ast
600 2771 635 2822 ut
650 2763 767 2844 singula
781 2764 937 2854 separatim
951 2763 1131 2846 distribuam?
1168 2766 1241 2828 Pro„-

132 2855 287 2936 indeque
308 2863 379 2917 m'ea‘
397 2856 585 2936 Demophon¹
597 2867 628 2917 et
647 2857 841 2937 Therippides
853 2859 1011 2934 babeants
1026 2860 1097 2918 tunc
1121 2859 1242 2920 dicendi

133 2948 221 3009 loeus
236 2950 363 3021 dabitur,
374 2959 441 3009 cunt
456 2949 550 3029 eos-in
556 2948 707 3028 judicium·
717 2949 914 3010 adducemus:
932 2969 999 3028 quae
1012 2968 1085 3008 vero
1096 2950 1185 3010 istum
1199 2951 1243 3013 illi

132 3042 243 3102 habere
257 3043 453 3114 contendunt,
461 3051 491 3102 et
501 3055 558 3120 ego
568 3041 717 3120 accepisse
731 3041 802 3114 scio,
814 3041 851 3100 de
865 3041 933 3101 his
920 3059 982 3116 Jam
997 3041 1076 3118 apud
1090 3060 1143 3099 vos
1153 3042 1243 3101 verba
1281 3057 1282 3060 ’
1322 3035 1327 3040 ’

130 3136 251 3196 inciam.
287 3139 342 3196 Ac
361 3137 488 3216 primum
507 3135 671 3219 ostendam,
688 3152 754 3194 eum
770 3136 882 3206 dotem,
894 3133 1174 3214 octogintaminaa
1188 3134 1240 3217 lia·

130 3229 219 3289 bere:
241 3239 272 3289 et
286 3230 339 3290 sio
344 3227 482 3308 deinceps
495 3213 614 3308 reliqua
624 3229 761 3306 probabo
758 3238 857 3306 quam
870 3225 1041 3286 brevissime
1037 3237 1168 3332 pqtero.
1228 3279 1232 3288 .

130 3323 204 3379 ,5.
227 3321 289 3380 Iste
312 3319 412 3380 statim
435 3326 504 3399 post
524 3319 616 3398 patris
632 3319 745 3380 obitum
758 3339 795 3379 ex
808 3329 987 3392 testamento
1004 3322 1067 3394 ejus
1081 3321 1110 3378 in
1125 3319 1240 3400 aedibus
1344 3359 1351 3366 -

130 3361 265 3472 babitare
277 3413 423 3492 coepisset
434 3412 515 3490 quod
526 3412 587 3472 auri
600 3421 693 3472 mater
702 3412 830 3472 habebat
844 3422 875 3472 et
887 3413 1107 3492 relictapooula
1115 3415 1239 3496 acoqpit,
1299 3473 1301 3482 ,

128 3505 253 3583 quoe‘ad¹
261 3505 477 3584 quinquaginta
489 3505 584 3564 minas
598 3504 764 3566 valoeront.
807 3504 924 3569 Deinde
936 3503 1062 3583 pretium
1070 3507 1238 3595 mancipio.-

90 3662 94 3668 ,
129 3599 272 3675 rum'quse
282 3598 487 3658 vendebantur
496 3597 733 3676 etaTherippide
744 3608 776 3656 et
786 3596 994 3674 Demophonte
1008 3597 1131 3676 accepit,
1144 3598 1238 3673 donec

86 3721 93 3730 ·
127 3690 497 3768 dor‘ootogiritaminarum
507 3689 792 3772 complendumque
800 3689 1008 3762 cumbaberet,
1017 3690 1252 3770 Gorcymmnn·

45 3855 49 3861 ³
126 3782 285 3861 vigatums
297 3782 407 3842 triremi
421 3783 587 3860 preelectus,
602 3782 632 3840 in
646 3781 762 3842 tabulas
775 3779 873 3842 retulit
883 3779 1067 3859 Therippidoe
1087 3781 1183 3856 datas,
1193 3804 1239 3844 ea
1343 3837 1345 3844 ,

127 3875 287 3935 senonem
299 3894 346 3934 :ac
368 3875 469 3934 dotem
478 3875 631 3952 'exegisse
643 3873 796 3934 consessus
810 3863 870 3932 esti
898 3871 1021 3930 Harum
1034 3891 1130 3930 rerum
1145 3882 1243 3947 testes·

127 3967 206 4026 sunt
213 3967 341 4046 primum
349 3965 533 4056 De'rn'ophon
554 3976 584 4026 et
605 3965 809 4044 Tlrenppides,
829 3972 999 4024 consorores
1014 3967 1093 4038 ejus:
1116 3963 1237 4039 deiude,

122 4061 214 4157 psum
230 4079 303 4119 esse
309 4059 481 4119 contessum
495 4077 531 4118 ea
546 4079 577 4118 se
592 4058 713 4130 habere,
727 4065 788 4116 tum
803 4055 1006 4138 Demochares
1018 4055 1230 4132 henamensis,

125 4149 229 4213 amitae
241 4173 316 4212 mese
331 4153 462 4226 maritus,
477 4163 540 4212 ιιιιιι
554 4153 611 4214 alii
609 4152 783 4230 complures
799 4133 947 4210 testificati
961 4161 1052 4210 sunt.
1076 4137 1160 4214 Nam
1168 4159 1235 4214 cuni

125 4245 178 4304 hic·
194 4245 339 4327 alimenta
360 4245 447 4304 matri
469 4265 529 4304 non
549 4246 702 4324 praeberet,
723 4244 855 4322 quamuis
871 4243 970 4302 dotem
983 4241 1116 4316 haberet,
1135 4265 1234 4323 neque

125 4319 249 4400 domuin
263 4339 334 4399 io'ris
347 4337 559 4410 locarezvellet,
574 4337 740 4398 sedutsuo
754 4345 783 4394 et
795 4338 1236 4413 caeterorumtutorumarbitrlo

122 4431 614 4514 permittereturpoatuiaret.hisee
625 4429 662 4493 da
672 4431 853 4493 rebusverba
863 4427 1148 4520 iecitDemoclrares.
1161 4429 1234 4496 Qui-
