2886 4946
207 254 263 314 ιω
618 222 882 314 prienaeus.

426 464 428 470 -
461 426 713 494 responsori
736 428 1054 490 inruenruos.

240 549 294 596 Rex
304 549 459 597 Macedonum
467 547 591 610 Philippus
600 547 689 595 senatui
702 549 834 612 populoque
844 549 956 600 'lhebauo
967 551 992 596 S.
1010 549 1100 598 Literna
1111 555 1201 598 vestm
1213 549 1305 610 recepi,

206 625 289 688 quibua
299 625 444 672 concordiam
456 631 480 671 et
493 637 573 686 pacem
585 634 636 684 quse
647 624 707 671 inter
718 639 761 671 nos
773 633 810 672 ert
826 626 851 672 in
863 627 995 672 memorium
1006 625 1063 672 mihi
1074 627 1200 674 revocetis.
1228 627 1304 673 Audio

207 714 278 764 porro
290 702 443 749 Athenienses
454 701 517 747 omni
527 713 572 747 uos
580 699 660 747 studio
672 701 792 761 prosequi,
800 709 825 748 ut
836 714 864 748 eu
875 701 983 749 nimisrrm
991 715 1042 764 qna
1051 704 1080 748 tb
1090 703 1149 763 ipris
1159 703 1305 764 postulentur

207 780 369 840 comprobatis.
394 783 427 827 ilo
438 779 538 839 primum
550 776 645 837 quidem
655 793 699 824 ros
709 779 855 834 renuebam,
874 779 939 839 quusi
952 780 1047 840 speech
1058 779 1105 826 illis
1117 780 1208 827 oblatus
1219 780 1304 828 essetis

207 858 337 920 empleturi
348 869 474 918 eorumque
484 855 592 902 instituta
603 855 720 902 secuturi:
739 870 799 902 runo
818 871 873 902 vero
885 862 1034 916 posteaquam
1046 855 1146 916 cognovi
1159 871 1202 904 ros
1213 873 1240 904 ee
1251 872 1306 916 erge

206 950 248 982 nor
258 950 308 982 esse
320 934 449 989 voluntate,
460 939 485 979 ut
495 946 575 992 pacem
586 931 666 991 potius
677 931 746 986 tueri,
757 947 824 992 quarn
836 931 933 978 aliorum
943 923 1063 978 sententiis
1072 931 1208 994 morigerari
1219 933 1306 990 velitis,

206 1007 297 1057 lr'etatos
309 1022 357 1060 suut
370 1017 392 1056 ot
404 1025 456 1056 eum
466 1008 545 1056 inultis
557 1022 600 1055 ros
614 1005 744 1054 nominihus
755 1007 883 1068 impensius
893 1007 972 1062 lando,
983 1013 1031 1054 tuor
1040 1024 1068 1055 eo
1079 1009 1197 1069 praecipue
1208 1011 1271 1070 quod
1282 1016 1305 1058 et

207 1087 291 1134 tutiore
303 1085 325 1133 io
337 1085 374 1132 his
384 1087 453 1132 rebus
469 1083 566 1131 consilis
585 1081 680 1145 cepistis
697 1089 721 1129 st
731 1089 832 1130 restrum
849 1097 905 1144 erga
923 1097 966 1130 nos
983 1084 1167 1131 benevolentiam
1185 1085 1304 1133 retinetis:

207 1165 269 1224 quod
281 1176 325 1210 noe
337 1176 418 1224 parurn
429 1162 497 1209 robis
506 1162 616 1210 momenti
628 1159 750 1207 allaturum
759 1167 824 1221 poto,
836 1160 856 1206 ri
866 1159 890 1206 io
902 1159 948 1206 isto
959 1159 1066 1208 instituto
1078 1162 1197 1208 maneriis.
1215 1155 1304 1212 velate.

250 1285 298 1342 53.
321 1275 377 1341 His
399 1280 508 1340 artibus
527 1300 593 1340 cum
612 1279 654 1338 ita
673 1278 748 1339 inter
769 1299 800 1339 se
822 1279 973 1362 Philippus
994 1280 1127 1342 civitates
1150 1283 1305 1361 affecisset,

209 1376 312 1454 hisque
326 1383 406 1434 esset
419 1373 544 1432 decretis
563 1381 592 1432 et
613 1371 851 1450 responsionibus
868 1373 972 1445 elatus,
991 1373 1072 1432 venit
1091 1393 1157 1433 cum
1177 1379 1306 1438 exercitu

209 1478 239 1528 et
253 1466 386 1527 Eleteam
402 1465 567 1544 occupavit,
582 1464 702 1543 proinde
716 1463 799 1543 quasi
811 1463 954 1541 quidlibet
969 1465 1039 1524 licet
1057 1465 1212 1528 accidisset
1233 1491 1305 1530 nun·

209 1549 296 1642 quam
307 1561 369 1640 jam
384 1579 435 1617 vos
448 1567 478 1618 et
491 1557 623 1618 Thebani
637 1557 807 1616 consensuri
821 1555 933 1616 essetis.
968 1557 1120 1618 Enimvero
1135 1562 1260 1640 quitum
1277 1566 1306 1624 in

209 1655 280 1713 urhe
295 1652 437 1712 tumultus
451 1649 594 1710 excitatus
610 1659 663 1722 est,
678 1649 770 1709 nostis
785 1668 896 1718 omnes,
910 1668 1003 1730 peuce
1016 1660 1114 1711 tamen
1130 1654 1167 1713 de
1182 1674 1228 1728 eo,
1242 1677 1305 1736 quea

211 1759 279 1820 sunt
299 1745 424 1804 maxime
443 1743 617 1814 necessaria,
638 1743 771 1822 accipite.
794 1741 908 1822 Vesper
928 1746 1003 1803 enim
1025 1755 1097 1818 erat,
1117 1749 1305 1811 renitentem

210 1835 327 1920 quidam
341 1838 380 1897 ad
400 1847 548 1916 prytanea,
564 1835 772 1912 nuntiabatque
785 1846 902 1914 ceptam
916 1857 980 1896 esse
996 1837 1140 1898 Elateam.
1173 1841 1216 1899 lbi
1236 1862 1306 1902 con-

212 1935 293 1992 tinuo
307 1929 355 1990 alii
368 1948 387 1987 a
399 1948 486 1988 coena
500 1938 652 2007 surgentes
674 1926 805 1987 homines
826 1947 862 1987 ex
882 1929 1008 1988 tabernis
1027 1949 1093 2008 quae
1112 1930 1141 1990 in
1163 1933 1227 1994 foro
1241 1947 1308 1995 sunt

210 2024 400 2083 exturbarunt
420 2031 450 2080 et
464 2021 529 2080 vela
543 2020 744 2090 incenderunt,
764 2019 813 2078 alii
828 2028 972 2099 strategos
987 2033 1171 2082 arcesserunt
1187 2035 1218 2084 et
1232 2029 1306 2086 tubi-

210 2118 304 2177 cinem
318 2124 492 2182 evocarunt;
513 2131 548 2172 ee
561 2114 648 2192 plena
660 2113 803 2172 tumultus
817 2123 879 2172 erat
892 2114 1017 2174 civitas,
1032 2114 1175 2177 Postridie
1193 2138 1306 2180 summo

212 2221 296 2269 mane
311 2215 448 2288 prytanes
471 2215 606 2265 senatum
622 2215 727 2265 vocant
740 2205 769 2262 in
784 2207 903 2280 curiam,
924 2227 976 2266 vos
996 2209 1027 2266 in
1047 2210 1217 2270 concionem
1238 2233 1307 2272 con-

169 2301 172 2317 '
211 2301 343 2372 tenditis,
364 2312 393 2360 et
408 2298 576 2378 priusquam
591 2305 711 2356 senatus
732 2297 870 2357 retulerat
890 2308 919 2357 et
941 2301 1167 2378 praeconsultuin
1187 2305 1306 2378 fecerat,

212 2391 362 2460 universus
372 2397 434 2468 jam
448 2391 572 2470 populus
588 2409 676 2469 supra
690 2390 872 2449 consederat.
898 2389 1015 2451 Deinde
1029 2404 1182 2471 postquem
1196 2393 1307 2477 ingres-

213 2507 263 2546 sus
277 2495 324 2546 est
334 2495 464 2552 senatus,
474 2493 504 2541 et
517 2490 713 2560 exposuerunt
722 2493 859 2562 prytanes
869 2501 906 2541 ea
917 2501 983 2560 quse
996 2484 1036 2544 ad
1045 2505 1076 2545 se
1090 2486 1187 2548 deleta
1200 2504 1310 2566 essent,

214 2565 337 2662 eumque
361 2575 411 2654 qui
431 2582 552 2633 venerat
570 2575 778 2653 produxerunt,
799 2575 883 2651 isque
902 2575 1017 2636 locutus
1038 2589 1093 2651 est,
1111 2581 1313 2663 interrogabat*

214 2665 413 2748 praecoquis
437 2665 666 2724 concionari
692 2665 801 2725 vulti
821 2682 907 2726 nemo
919 2669 1062 2746 prodibat.
1085 2671 1198 2752 sepius
1212 2689 1308 2738 autern

213 2769 334 2838 rogante
355 2775 499 2836 precone,
521 2756 610 2816 nihilo
631 2759 722 2838 magis
741 2760 880 2837 surgebat
900 2761 1060 2840 quisquam,
1082 2783 1150 2824 curn
1173 2769 1309 2832 adessent

215 2870 315 2910 omnes
330 2847 459 2927 strategi,
474 2851 583 2908 omnes'
593 2860 731 2922 oratores,
752 2871 875 2930 cumque
889 2855 1051 2913 communis
1066 2858 1168 2934 patriae
1181 2881 1240 2920 vox
1259 2865 1309 2924 ali-

214 2953 299 3022 quem
315 2943 417 3002 citaret
436 2940 486 3019 qui
507 2941 545 3000 de
563 2941 658 3001 salute
670 2941 788 3022 publice
807 2943 934 3004 diceret:
956 2965 1044 3025 quam
1059 2951 1137 3008 enim
1152 2968 1252 3030 prmeo
1271 2977 1306 3016 ex

215 3037 313 3115 legum
326 3033 494 3115 praescripto
508 3049 610 3095 vocem
630 3033 727 3108 mittit,
741 3036 818 3097 hanc
836 3051 1016 3100 communem
1031 3043 1132 3122 patrita
1147 3047 1308 3112 existimare

216 3125 340 3210 eportet.
377 3127 468 3207 Atqui
482 3128 506 3189 si
521 3130 562 3188 eis
581 3130 630 3208 qui
644 3128 851 3208 rempublicam
865 3131 974 3192 salvam
989 3135 1152 3200 voluissent
1164 3143 1308 3220 prodeun-

216 3222 287 3282 dum
298 3221 364 3294 fuit,
378 3240 430 3282 ros
444 3220 546 3298 utique
556 3240 658 3282 omues
680 3234 710 3282 et
727 3223 1031 3288 cebarsusitanae
1053 3217 1265 3312 consurgentes
1281 3223 1309 3298 ln

215 3324 389 3392 suggestum«
401 3312 644 3380 adscendissent-3
666 3332 768 3373 omnes
783 3316 871 3387 enim,
883 3327 929 3377 eet
941 3320 1019 3393 scio,
1041 3323 1154 3384 salvam
1174 3347 1308 3391 eam-rs·

216 3405 331 3464 teretis-2
353 3423 377 3462 ιι
387 3400 683 3477 ἀιῐιεειπιιε,ἰτεοεηῑί
697 3407 750 3465 viri
762 3411 962 3469 remanerent:
975 3412 1001 3470 si
1015 3414 1057 3473 eis
1071 3417 1176 3493 qulbus
1188 3431 1315 3503 utraque

217 3497 282 3557 haec
299 3497 502 3575 suppetebant,
522 3498 654 3557 nimirum
670 3508 699 3557 et
711 3501 858 3561 benevolis
872 3502 900 3560 in
915 3505 1122 3584 rempublicam
1136 3520 1166 3570 et
1184 3514 1310 3596 locuple·

217 3590 306 3659 tibus,
320 3588 339 3646 ii
347 3588 397 3664 qui
410 3589 541 3665 posthaec
556 3609 663 3668 magna
678 3591 754 3650 ultro
764 3595 865 3669 patric
877 3595 1022 3657 donarunt
1035 3619 1171 3671 muners;
1195 3619 1262 3674 nem
1273 3621 1311 3672 ει

218 3679 419 3740 benevolentia
446 3678 552 3756 pariter
580 3691 608 3738 et
628 3680 734 3740 divitiis
755 3684 785 3742 id
805 3685 947 3744 fecerunt.
984 3679 1101 3764 Verum,
1125 3695 1167 3754 uti
1188 3698 1311 3774 videtur,

218 3783 332 3852 tempus
342 3771 414 3829 illud
427 3778 513 3846 atque
528 3767 577 3828 ille
591 3767 663 3829 dies.
675 3791 734 3831 non
747 3775 840 3834 ritum
855 3775 884 3834 in
898 3782 1179 3856 ramp..benerolum
1197 3799 1228 3847 et
1240 3791 1312 3851 diri.

220 3872 277 3932 tem
296 3875 410 3922 tantum
424 3862 596 3941 requirebat,
612 3864 664 3922 sed
686 3886 752 3924 eum
766 3869 815 3944 qui
828 3889 873 3928 res
888 3871 924 3928 ab
939 3871 1018 3932 initio
1039 3887 1201 3939 assectatus
1214 3886 1314 3945 obser-

219 3965 310 4026 seret,
324 3965 355 4014 et
366 3964 445 4014 recte
461 3964 680 4032 computaretur
692 3977 779 4034 quam
793 3961 831 4020 ob
843 3981 959 4025 causam
972 3963 1037 4026 hac
1051 3982 1152 4046 ageret
1161 3973 1314 4056 Philippos

221 4045 330 4121 etquid
344 4058 510 4122 spectaret:
533 4065 599 4106 nam
613 4048 661 4124 qui
677 4048 740 4108 hac
753 4053 877 4112 nesciret
889 4073 984 4133 neque
997 4075 1033 4118 ea
1050 4061 1206 4141 diligenter
1217 4071 1314 4132 multo

221 4146 289 4194 ente
298 4135 496 4215 investigaret,
512 4141 694 4216 quantumvis
708 4135 864 4203 benevolus
878 4153 1063 4223 quantumvis
1078 4167 1158 4217 esset
1170 4159 1304 4242 locuples

220 4227 415 4309 nihilomagis
431 4239 526 4289 tamen
541 4231 610 4310 quid
625 4233 787 4294 faciendum
802 4248 881 4297 essct
895 4241 1021 4303 scithrus
1035 4256 1098 4307 erat
1114 4260 1164 4311 aut
1179 4272 1229 4313 vos
1244 4214 1316 4318 con3

220 4321 282 4390 silio
296 4319 457 4405 adjuturus.
618 4315 621 4322 ’
1272 4343 1276 4347 ·

262 4416 311 4474 54.
332 4413 362 4470 ls
375 4411 463 4491 igitur.
474 4411 527 4472 illo.
537 4414 583 4474 die
597 4429 712 4496 exortus
727 4441 782 4500 ego
799 4403 875 4496 sum,
888 4434 1104 4508 ettprogressus
1118 4435 1196 4516 apud
1210 4459 1267 4500 vos
1280 4464 1318 4506 ea
