2912 4946
410 295 601 357 norrun
623 277 919 358 ιιιιοιιιιιιι
1030 260 1034 264 ’
1114 375 1134 400 Δ
1165 301 1227 360 ιιι

121 385 225 486 (lentie
238 433 295 496 est,
305 422 418 504 quidvis
430 426 619 506 suscepturus
630 447 695 487 esse
706 427 812 508 cupide
823 428 947 490 videtur
970 402 1228 496 Quemadmodum

120 517 212 594 igitur
221 517 295 578 elios
306 518 498 596 facinorosos,
508 541 559 599 qur
551 521 785 582 'tscelerafaten
773 531 829 594 tur,
843 521 906 582 sine
915 521 1030 602 judicio
1039 524 1134 602 puniri
1127 523 1229 604 leges
1299 517 1301 525 ’

117 607 268 686 jubent,
245 630 288 670 ιιι
302 611 390 670 etiam
404 611 469 684 iste,
483 603 722 692 quandoquidem
738 633 805 672 eum
825 612 906 692 leges
921 613 1066 675 malitiose
1080 636 1185 699 rogare
1199 625 1230 676 et

122 703 267 780 abrogare
275 714 402 776 constat
412 724 473 765 non
481 704 684 766 lactadrcendr
694 715 746 785 po
734 714 840 766 testate
843 725 985 784 aeeeJus
994 708 1229 768 excusationibus

121 794 244 868 auditis,
265 796 507 870 condemnandus
524 798 589 864 erit
616 797 705 860 Nam
717 799 809 860 altera
823 797 921 877 priore
932 799 999 878 lege
1013 799 1110 862 lassus
1124 812 1178 914 est,
1198 819 1231 860 se

120 886 179 950 ista
192 888 340 948 contraria
353 887 486 962 ferenda,
501 909 633 968 peccare

166 981 214 1056 18
235 978 280 1053 ιιι
294 999 361 1056 eum
375 989 406 1042 et
419 990 524 1042 contra
543 979 597 1040 has
612 982 705 1060 leges,
718 965 749 1041 et
760 985 867 1062 contra
883 953 1076 1068 supradictas,
1090 1003 1127 1044 ac
1139 1005 1231 1064 prope

121 1069 247 1148 direrim
268 1072 429 1142 universas,
450 1072 591 1156 quibus
582 1093 613 1140 ιιι
634 1072 690 1133 hac
711 1051 877 1156 republica
883 1075 1020 1152 utimur,
1021 1078 1108 1135 istam
1130 1077 1230 1138 tulisse

122 1163 232 1244 legem,
242 1163 326 1244 vobis
342 1158 478 1226 omnibus
492 1165 679 1247 perspicuum
695 1185 761 1248 esse
781 1176 864 1251 puto.
906 1164 999 1250 Miror
1019 1176 1130 1241 autem,
1145 1168 1231 1248 quid-

123 1277 202 1338 nam*
216 1256 256 1335 ed
271 1256 337 1318 haec
355 1259 487 1321 dicturus
501 1259 549 1319 sit.
584 1257 690 1338 Neque
703 1259 781 1318 enlm
803 1264 887 1318 suam
909 1260 1006 1344 legem
1026 1259 1145 1340 reliquis
1159 1279 1232 1326 con-

122 1349 243 1408 trariam
264 1368 420 1425 annesae,
439 1349 596 1412 ostendere
614 1351 731 1429 poterit,
747 1369 802 1410 nec
823 1339 1015 1429 persuadere,
1035 1372 1067 1414 se
1084 1351 1232 1412 hominem

122 1461 220 1502 rerum
235 1441 410 1520 imperitum,
426 1461 522 1522 errore
532 1453 563 1502 et
575 1442 693 1526 inscitia
704 1461 865 1522 peccasse;
881 1444 946 1523 jam
957 1443 1027 1503 olim
1037 1445 1114 1504 enim
1129 1465 1233 1508 omnes
1335 1438 1339 1448 ¹

119 1534 338 1595 eumviderunt
352 1534 487 1614 mercede
501 1543 532 1616 et
541 1536 677 1616 scribere,
691 1545 722 1593 et
735 1535 810 1596 ferre
819 1536 913 1618 leges:
937 1537 1042 1614 Neque
1055 1535 1129 1597 illud
1144 1519 1233 1598 eliam
1330 1555 1332 1563 ·

121 1629 225 1701 habet,
243 1637 278 1688 ut
304 1628 414 1708 injuste
432 1628 544 1690 sactum
568 1628 705 1699 fateatur,
735 1628 789 1688 sed
809 1629 923 1714 ueniam
950 1637 1052 1708 tamen
1076 1631 1233 1713 impetrare

114 1721 252 1794 studeat.
277 1720 343 1780 Nec
357 1721 435 1782 enim
448 1721 566 1794 invitus,
579 1740 635 1781 nee
644 1739 698 1800 pro
712 1718 905 1805 calamitosis,
918 1739 973 1781 neo
986 1741 1039 1800 pro
1053 1722 1189 1800 cognatis
1203 1733 1234 1804 et

122 1813 300 1874 necessariis
322 1813 395 1890 suis,
424 1833 492 1872 eum
512 1814 590 1875 hanc
610 1813 709 1892 legem
727 1812 831 1894 tulisse,
853 1815 983 1884 constat,
1007 1815 1061 1874 sed
1080 1813 1184 1878 volens
1203 1816 1234 1876 in

123 1927 227 1970 eorum
242 1906 432 1968 commodum
442 1907 523 1983 tulit,
536 1907 586 1986 qui
596 1907 712 1986 magnis
724 1905 837 1987 injuriis
845 1926 898 1966 vos
908 1906 1080 1978 affeoenmt,
1093 1906 1234 1988 nullaque

120 1999 180 2064 sibi
193 1999 416 2076 necessitudine
429 1999 607 2079 conjunctis,
621 1999 677 2060 nisi
694 1999 770 2058 forte
784 1998 851 2060 illos
870 2019 903 2060 se
917 2010 1112 2086 cognatorum
1124 2001 1234 2083 hebere

121 2092 191 2154 loco
205 2093 294 2166 dicet,
309 2092 445 2171 equibus
459 2092 626 2153 mercedem
637 2090 773 2172 accipiat

167 2186 218 2244 19.
240 2183 328 2244 Nunc
346 2183 480 2262 legem
456 2203 519 2264 ejus
532 2203 603 2248 nec
600 2183 684 2244 uobis
697 2181 885 2242 commodam
902 2201 979 2255 esse,
997 2201 1095 2260 neque
1117 2183 1233 2254 condu-

119 2277 253 2348 cibilem,
264 2273 422 2337 ostendere
434 2278 573 2338 conabor.
608 2274 765 2335 Arbitror
756 2274 858 2352 igitur,
869 2272 1074 2334 confitendum
1089 2295 1157 2338 esse
1169 2297 1233 2336 onr-

122 2373 223 2446 nibus,
237 2373 359 2452 probam
383 2370 491 2448 legem,
506 2379 538 2430 et
556 2367 739 2428 multitudini
760 2363 955 2448 profuturam,
974 2367 1100 2446 primum
1122 2369 1235 2450 simpli-

122 2464 209 2536 citer,
223 2473 253 2523 et
267 2463 402 2522 omnibus
416 2481 500 2541 aeque
516 2470 617 2540 aperte
630 2461 769 2546 scriptam
785 2479 851 2522 esse
865 2469 1011 2539 oportere,
1026 2480 1066 2520 ne
1078 2479 1145 2526 eam
1158 2462 1234 2524 alius

123 2555 210 2616 aliter
232 2554 457 2642 interpretetur.
479 2552 597 2626 deinde,
618 2552 680 2613 fieri
708 2571 797 2632 posse
818 2561 954 2630 oportere
974 2571 1011 2612 ea
1031 2572 1097 2632 qnae
1119 2554 1234 2633 jubeat.
1274 2569 1280 2579 “
1340 2536 1344 2545 “

124 2647 205 2712 Nam
220 2655 256 2706 ut
266 2647 343 2706 bene
356 2645 521 2706 constituta
532 2644 581 2718 sit,
595 2641 706 2722 aliquid
724 2653 823 2704 tamen
837 2643 918 2724 quod
934 2641 996 2704 fieri
1011 2654 1152 2736 nequeet,
1168 2666 1236 2726 pro-

123 2749 230 2844 ponet,
243 2739 274 2798 id
286 2737 346 2798 voti
361 2737 474 2820 potius,
484 2755 571 2842 quam
585 2735 675 2820 legis
671 2734 911 2804 fueritofficium
943 2734 1090 2800 Praeterea
1099 2749 1235 2817 oportere

123 2832 236 2892 nemim
228 2809 433 2916 delinquenti
448 2831 607 2909 quiequam
627 2813 698 2889 daie
718 2828 856 2889 licentiae.
889 2829 1006 2887 Nam
983 2849 1008 2890 ιι
1028 2831 1093 2908 quis
1115 2831 1146 2889 id
1167 2851 1235 2892 esse

122 2924 270 3008 populare
282 2931 378 3004 putat,
391 2933 426 2982 ut
438 2921 521 2985 lenes
537 2922 597 2982 sint
608 2920 722 3000 leges,
714 2941 740 2980 rs
754 2921 785 2980 id
798 2940 915 3000 qnoque
936 2919 967 2980 in
991 2920 1033 2980 eis
1056 2921 1233 2998 consideret,

121 3018 234 3096 quibus
243 3035 294 3076 ees
309 3034 377 3076 esse
388 3015 462 3076 tales
476 3025 631 3096 oporteat·
644 3011 768 3082 Quodsi
780 3022 860 3080 recte
873 3013 1103 3086 considerabit,
1095 3016 1235 3090 inveniet,

121 3127 194 3170 eam
207 3109 359 3168 lenitatem
372 3107 411 3169 ad
426 3126 502 3181 reos,
522 3127 582 3168 non
595 3105 634 3168 ad
655 3105 812 3166 damnatos
826 3105 984 3209 pertinere.
1023 3107 1055 3166 N
1057 3126 1103 3167 am
1119 3106 1157 3166 de
1176 3108 1234 3170 illis
1279 3187 1280 3192 η

122 3202 272 3282 incertum
286 3209 343 3279 est,
359 3220 396 3260 an
419 3200 459 3260 sit
475 3200 562 3260 alicui
576 3180 727 3259 calumnia
739 3198 818 3258 lecta
829 3217 882 3278 per
900 3187 1054 3275 injuriam:
1074 3197 1120 3261 his
1135 3210 1235 3260 autem

123 3280 210 3354 nulla
220 3290 296 3352 ratio
308 3300 409 3364 restat,
423 3293 594 3375 quominus
608 3309 639 3350 se
654 3290 802 3369 improbos
817 3309 883 3352 esse
894 3289 1051 3350 fateantur.
1074 3293 1118 3352 At
1129 3293 1235 3354 horum

123 3405 196 3469 qnoe
210 3403 267 3464 ego
279 3383 510 3456 nuncrecensui,
525 3381 725 3451 nihilomnino
741 3382 858 3460 legem'
850 3391 935 3442 istam
949 3383 1119 3462 complecti,
1134 3385 1249 3466 palam,

122 3487 184 3552 est,
199 3477 253 3538 sed
263 3496 302 3538 ex
313 3475 419 3538 ordine
433 3475 579 3540 contraria
593 3473 820 3552 omnia.1dque
834 3474 932 3534 multis
943 3478 1155 3554 argumentis
1137 3477 1237 3538 doceri

122 3579 260 3652 queat,
241 3569 278 3630 in
286 3569 408 3648 primis
405 3587 474 3648 vero
483 3568 543 3643 ιιι,
557 3589 582 3628 ιι
575 3567 666 3629 lex
658 3586 733 3645 ipsa,
749 3586 838 3646 quam
852 3556 906 3627 iste
922 3567 999 3638 tulit,
1016 3579 1234 3658 percenseatur.

123 3660 200 3746 Non
212 3661 291 3722 enim
305 3660 402 3720 alia
377 3679 442 3740 ejus
462 3681 532 3742 pars
548 3659 702 3739 probanda
715 3668 770 3730 est,
784 3651 846 3718 elia
852 3651 1052 3737 improbanda,
1067 3661 1121 3721 sed
1140 3671 1236 3724 totae

121 3757 222 3838 prima
235 3753 349 3836 syllaba
362 3754 507 3834 usquead
526 3757 697 3828 entrema'm,
711 3771 764 3812 vos
779 3761 943 3833 oppugnat.
965 3753 1047 3840 Cape
1061 3753 1235 3859 scripturam
1271 3795 1276 3806 ι

121 3849 216 3922 hano,
234 3857 264 3906 et
278 3865 372 3926 usque
386 3845 424 3906 ad
444 3844 567 3924 primam
580 3853 694 3924 partem
708 3843 800 3904 recita
813 3843 922 3923 legem.
943 3843 1020 3904 Nem
1033 3831 1215 3908 ¹facillime
1192 3867 1235 3908 sic

114 3949 192 4002 ‘tum
203 3959 260 4020 ego
271 3939 397 4013 docebo,
410 3929 474 3998 tum
487 3956 540 4000 vos
553 3956 621 3999 mea
635 3936 716 3998 dicta
724 3934 929 4015 assequemini.

634 4089 725 4166 narr.

160 4219 291 4272 Pandionis
308 4221 371 4271 tribu
390 4221 531 4284 presidente
546 4219 624 4287 primo
639 4225 736 4268 assetus
753 4224 869 4266 coaventu
886 4217 1025 4270 duodecima
1040 4221 1079 4270 die
1100 4222 1236 4294 presidum,
1286 4225 1289 4234 “

120 4298 221 4350 censuit
231 4299 363 4347 Aristocles
374 4297 558 4360 Myrrhinasius,
568 4295 711 4346 'limocrates
727 4297 864 4362 sententiam
876 4295 954 4343 dixit:
966 4299 1065 4364 ¹tametsi
1078 4298 1163 4360 aliquis
1177 4314 1235 4346 rera-

121 4377 178 4424 rins
190 4375 243 4424 sin
252 4367 356 4436 legibus,
367 4373 418 4424 sisa
424 4368 634 4429 senatusconsulto,
645 4373 767 4420 damnatus
784 4380 820 4420 est
831 4371 942 4430 vinculis,
954 4379 994 4423 ιιι
1009 4375 1035 4423 ιι
1052 4381 1174 4438 posterum
1195 4375 1236 4423 da·

119 4453 258 4512 ιιιιιιιιιιιι,
267 4452 345 4516 cipro
356 4467 391 4510 ss,
402 4451 547 4513 aut’alii'pm
557 4465 594 4510 ιι,
606 4446 732 4513 sponsores
745 4449 889 4500 constituere
899 4450 976 4498 liceat.

567 4529 708 4604 ¹31
