2946 4954
152 305 169 383 Ἰ
229 303 289 364 232
475 296 532 360 DE
555 299 668 360 hints
690 294 821 356 oss'rl
840 291 1095 357 LEGATIONE.
1155 277 1171 290 ”

198 478 200 482 ⁴
226 461 347 525 sterent,
358 453 577 533 exspectatione
588 453 649 531 spei
660 468 710 530 per
720 469 772 510 vos
788 449 842 508 sibi
852 449 947 520 facte,
956 447 1010 507 sed
1020 447 1224 528 desperatione
1233 447 1329 518 fracti,
1429 529 1434 536 .

226 565 331 618 omnes
346 548 524 622 deditionem
538 546 680 607 facerent.
715 543 777 602 Sed
796 541 889 601 recita
907 540 949 600 eis
966 541 1049 620 ipsas
1065 540 1195 634 Philippi
1217 540 1350 612 literas(
1432 551 1436 558 ’

637 652 642 660 ’
693 667 865 744 struem.

226 803 271 863 Ac
289 791 381 863 literoe
395 803 515 882 quidem
528 803 575 861 har
589 811 710 878 vocant,
730 812 818 880 atque
840 800 915 860 adeo
931 799 1040 860 statim.
1082 802 1160 859 Istos
1179 811 1289 872 autem,
1305 800 1329 860 si
1394 839 1400 864 ·.

227 894 320 973 quid
313 905 433 954 istorum
445 913 545 954 verum
557 887 757 973 sincerumque
772 894 887 964 fuisset,
903 893 974 974 quid
984 892 1132 952 decuisset
1146 893 1225 952 aliud
1237 913 1326 998 quam
1344 919 1351 924 ·

225 987 402 1076 suffragari,
399 997 433 1046 ut
445 986 545 1064 copias
556 986 731 1064 educeretis,
746 997 783 1046 et
788 985 956 1057 decernere,
970 994 1005 1046 ut
1017 985 1179 1054 Proxenus,
1195 1005 1284 1062 quern
1297 986 1327 1043 in
1370 1029 1372 1033 ,

227 1079 284 1139 illis
295 1079 367 1140 locis
381 1099 447 1138 esse
461 1089 576 1151 norant,
588 1080 682 1138 statim
695 1098 780 1158 opem
791 1077 901 1152 ferret?
922 1097 1022 1136 verum
1033 1078 1130 1153 omnia
1139 1076 1184 1136 his
1195 1097 1246 1136 eos
1258 1097 1327 1138 con·

164 1191 173 1205 ·
226 1171 314 1232 traria
328 1171 434 1230 fecisse
448 1180 574 1242 constat,
588 1189 643 1230 nec
657 1171 710 1229 aba
724 1191 764 1229 re
784 1167 865 1227 Nihil
883 1167 961 1228 enim
980 1168 1045 1247 ejus
1064 1148 1161 1244 literas
1175 1172 1327 1241 curabant,

224 1263 276 1323 sed
288 1283 347 1341 quo
356 1279 407 1322 eas
420 1262 541 1322 consilio
551 1261 727 1348 scripsisset,
738 1270 853 1322 norant.
877 1261 935 1320 ld
927 1261 1017 1342 rgitur
1029 1241 1219 1339 adjuvabant,
1230 1272 1260 1321 et
1274 1262 1330 1320 de··'

225 1355 397 1415 fenilebant.
521 1347 524 1354 ’
557 1360 559 1366 ’
871 1421 880 1432 ,

268 1449 318 1506 19.
339 1446 509 1507 Phocenses
523 1455 632 1519 autem,
642 1445 756 1526 utquid
767 1447 846 1527 apud
859 1467 911 1507 vos
926 1456 1023 1507 actum
1035 1456 1114 1507 esset
1131 1446 1161 1504 in
1171 1446 1323 1514 concione,

180 1607 182 1611 ,
225 1539 389 1614 audierunt,
401 1551 432 1602 et
446 1537 596 1610 decretum
610 1540 684 1600 illud
696 1539 870 1600 Philocratis
883 1550 1072 1619 acceperunt,
1086 1549 1117 1598 et
1130 1538 1323 1598 renunciatio-

115 1674 117 1678 ,
214 1637 292 1690 'nem
303 1632 387 1691 istius
402 1641 433 1692 et
441 1629 679 1712 pollicitationes,
690 1630 785 1691 modis
796 1632 930 1690 omnibns
943 1625 1101 1710 perierunt.
1127 1629 1215 1698 Quod
1230 1623 1271 1688 ita
1280 1629 1322 1688 in·
1371 1650 1379 1663 ι

224 1723 373 1802 telligetis.
411 1725 543 1783 Fuerunt
565 1724 606 1782 ibi
625 1717 675 1802 q'ui
697 1723 833 1804 Philippo
855 1721 1030 1796 diffiderent,
1051 1721 1165 1781 cordati
1184 1721 1326 1797 homines.

225 1815 249 1873 li
259 1815 378 1874 adducti
389 1825 468 1885 suut,
480 1826 513 1875 ut
526 1836 552 1875 er
545 1814 656 1874 fidem
669 1815 820 1879 haberent.
842 1801 1062 1880 Quamobreml
1084 1813 1161 1880 Quia
1170 1815 1323 1912 putabant,

224 1908 337 1966 etiamsi
352 1907 471 1967 decies
463 1908 519 1986 rpsi
534 1929 552 1968 a
565 1908 702 1990 Philippo
712 1909 926 2002 deciperentur,
937 1928 1085 1988 nunquam
1095 1897 1195 1967 ιιιιιιιι
1208 1908 1279 1980 fore,
1288 1917 1332 1966 ιιι

222 1999 444 2060 Atheniensium
458 1996 548 2078 legati
562 1988 758 2060 Athenienses
773 2002 908 2079 decipere
923 2001 1081 2069 auderent·
1103 2001 1158 2060 sed
1170 2020 1239 2060 vera
1254 2018 1318 2060 esse

172 2161 179 2176 ,
223 2092 285 2164 illa,
299 2111 365 2169 quae
380 2092 434 2152 iste
447 2093 530 2151 vobis
541 2080 752 2164 renunciasset,
766 2104 796 2152 et
811 2094 994 2172 Philippum
986 2113 1016 2152 ιιι
1029 2093 1245 2165 Thebanorum,
1263 2111 1324 2153 non

224 2183 255 2242 in
272 2184 400 2262 ipsorum
420 2183 518 2242 'venire
535 2183 689 2244 excidium.
731 2185 822 2243 Erant
836 2185 883 2242 alii
896 2185 1024 2263 quidam,
1036 2185 1085 2264 q'rsr
1100 2183 1215 2278 ιιιιιιιιιι
1229 2185 1325 2262 perfe-

183 2321 192 2330 ,
222 2275 355 2380 rendum,
372 2283 402 2339 et
415 2275 644 2380 propulsandam
664 2295 731 2336 esse
748 2276 807 2333 vim
827 2277 1045 2336 arbitrarentur.
1079 2277 1140 2336 Sed
1161 2287 1190 2336 et
1208 2277 1325 2336 illorum

224 2367 336 2428 animos
346 2367 437 2452 fregit
447 2363 599 2446 persuasio
613 2366 709 2426 iliade
723 2367 850 2446 Philippi
864 2363 1000 2440 amicitia,
1015 2362 1046 2428 et
1059 2369 1241 2447 exspectatio
1254 2357 1325 2427 belli

223 2461 321 2532 vestri,
336 2461 392 2519 nisi
384 2460 551 2527 fecissent,
563 2479 630 2521 cum
640 2456 681 2520 illi
695 2471 763 2520 ante
777 2461 885 2520 avobis
898 2461 1037 2521 auxilium
1049 2472 1227 2541 sperassent.
1242 2459 1326 2528 Quin
1381 2537 1383 2540 Ι
1453 2501 1454 2506 1

224 2562 256 2613 ct
272 2553 414 2642 paenitere
427 2572 479 2612 vos
493 2552 581 2634 factae
595 2572 662 2611 cum
683 2551 819 2632 Philippo
832 2554 913 2634 pacis
927 2556 1071 2638 putabant
1084 2550 1215 2631 quidam.
1242 2553 1281 2613 Iis
1294 2563 1324 2612 et

226 2645 265 2704 ad
281 2653 414 2724 posteros
437 2663 502 2704 eam
522 2627 668 2723 pertinere
688 2664 790 2724 pacem
810 2646 1058 2724 demonstrarunt,
1072 2658 1106 2705 ut
1114 2647 1176 2724 jam
1194 2644 1329 2723 undique

224 2749 321 2797 vestra
338 2738 448 2796 auxilia
465 2745 565 2798 essent
585 2733 785 2819 desperanda.
798 2715 990 2844 Quapropter
1011 2739 1109 2843 omnia
1128 2740 1210 2798 eain
1232 2726 1342 2820 unum*

224 2814 375 2890 decretum
395 2829 603 2920 conjecerunt;
633 2834 663 2891 in
686 2851 745 2911 quo
765 2827 900 2911 injuriam
913 2832 1000 2900 ¹vobis
1019 2831 1148 2891 omnium
1169 2830 1324 2906 maximam

159 2941 163 2954 ·
222 2921 327 2984 iecisse
342 2921 411 2981 mihi
425 2906 571 3003 videntur.
609 2923 687 2984 Nain
701 2945 768 2999 cum
783 2926 844 2983 viro
864 2925 988 2994 mortali,
1006 2934 1036 2984 et
1055 2933 1171 3030 propter
1189 2934 1322 3003 tempora

222 3013 358 3096 quaedam
375 3017 492 3099 potenti
505 3035 578 3095 pace
591 3017 747 3076 immortali
767 3017 963 3096 decernenda,
985 3017 1096 3096 pacisci
1117 3017 1194 3076 urbis
1216 3036 1322 3104 oppro-

223 3105 337 3175 brium,
345 3113 375 3161 et
387 3103 515 3197 spoliare
526 3125 585 3162 non
599 3109 687 3168 modo
707 3091 840 3182 alioruin,
858 3108 911 3168 sed
930 3108 1017 3167 etiam
1032 3107 1156 3168 fortuma
1173 3095 1323 3169 beneficiis

223 3187 441 3304 rempublicam,
454 3206 558 3255 ettam
572 3196 677 3275 insigni
691 3201 733 3254 uti
747 3197 942 3276 improbitate,
955 3211 1058 3260 utnon
1071 3219 1121 3260 eos
1133 3199 1219 3260 modo
1230 3199 1323 3272 Athe-

33 3331 37 3338 ·
143 3285 151 3296 ”
225 3289 352 3359 nienses,
362 3288 412 3393 qui
423 3291 500 3347 nuno
511 3289 591 3361 sunt,
598 3289 649 3348 sed
660 3288 725 3366 illos
735 3289 824 3348 etiarn
835 3291 884 3368 qiu
876 3289 964 3349 olim
973 3289 1131 3368 aliquando
1141 3282 1234 3350 l'uturi
1244 3302 1325 3363 sunt,

224 3401 325 3468 omnes
339 3381 451 3472 injuriis
469 3377 627 3453 affecerint,
638 3371 734 3461 nonne
755 3382 970 3442 intolerandum
985 3382 1053 3442 'esti
1072 3384 1151 3442 hoe'
1140 3385 1231 3462 igitur
1244 3389 1329 3441 nun·¹

78 3449 84 3468 ⁸
113 3473 116 3478 ’
222 3494 311 3581 quam
326 3473 491 3533 adscribere
504 3474 617 3534 demde
619 3474 830 3536 monuissetis
840 3474 879 3534 ad
892 3494 1006 3553 pacem
1019 3471 1125 3534 etiarn
1150 3475 1328 3558 posteris,

223 3569 278 3646 nisi
295 3569 337 3626 ab
362 3566 502 3629 AEschine
522 3577 585 3626 tum
606 3566 731 3628 recitatis
747 3565 1005 3646 pollicitationibus
1030 3565 1197 3640 crederetis,
1217 3563 1325 3644 quibus

223 3660 289 3723 fratr
300 3659 478 3720 Phocenses
489 3660 646 3738 periemnt.
669 3651 845 3740 Siquidem,
866 3659 941 3718 dum
951 3677 983 3717 se
1001 3651 1130 3737 Philippi
1150 3655 1218 3716 fidei
1244 3677 1326 3716 com-
1326 3655 1340 3671 “

223 3738 353 3824 mittunt,
371 3762 401 3812 et
409 3745 497 3811 ultio
511 3751 552 3811 illi
573 3749 687 3830 oppida
694 3751 824 3823 tradunt,
848 3751 946 3812 omnia
966 3769 1066 3851 eorum
1087 3749 1240 3863 corbaria,
1252 3769 1327 3827 quae

221 3847 268 3906 isti
282 3847 364 3907 vobis
378 3845 597 3916 renunciarent,
611 3851 681 3903 sunt
696 3844 818 3922 experti.
1336 3839 1339 3844 ’

236 3939 313 3997 ιθ
336 3939 379 3998 ιιι
391 3939 488 3997 autem
502 3945 582 3996 certo
593 3935 702 4007 sciatis,
717 3933 803 3996 haec
796 3945 836 3995 ιιι
850 3943 880 3996 et
893 3945 1011 4016 propter
1021 3935 1094 3995 istos
1106 3935 1236 4015 periisse,
1249 3941 1328 3994 tem-

76 4007 80 4028 ·
133 4045 136 4050 ’
221 4048 293 4108 pora
305 4031 386 4088 vobis
401 4031 588 4109 computabo,
600 4029 706 4108 quibus
721 4028 925 4121 siugulasecta
935 4038 1023 4088 suut
1046 4027 1347 4108 quaeveroistomm‘

223 4121 326 4216 aliquis
340 4120 548 4189 inficiabitur,
540 4142 565 4180 rs
580 4132 691 4200 surgat,
705 4132 738 4181 et
752 4122 789 4181 ad
803 4137 897 4181 meam
916 4140 1021 4200 aquarn
1042 4118 1131 4182 dica't.
1158 4119 1243 4178 Pax
1235 4115 1332 4198 igitur

227 4232 292 4272 xrx
310 4211 458 4270 Februarii
471 4212 550 4273 facta
564 4224 611 4273 est
612 4234 761 4303 ,peregre
757 4223 861 4273 autem
876 4213 1022 4272 abfuimus
1032 4233 1086 4272 nos
1078 4211 1138 4273 ad
1145 4211 1330 4291 exigendum

218 4295 438 4384 jusjurandum,
451 4311 511 4364 tres
528 4307 684 4386 perpetuos
705 4325 834 4374 mensea3
857 4307 916 4384 quo
930 4316 993 4366 toto
1007 4315 1139 4384 tempore
1153 4305 1331 4382 Phocenses

153 4439 155 4446 ι
224 4397 343 4466 luerunt
353 4395 523 4456 incolumes
541 4399 728 4480 allegatione
742 4401 779 4462 ad
783 4399 966 4480 eugendum
973 4399 1176 4479 JusJurandum
1188 4399 1333 4476 suscepta
