2920 4950
461 524 902 666 usnosuuunrs

309 820 321 834 ,.
424 763 864 874 perurentes
913 759 943 836 1.

171 945 201 1006 l
224 941 260 1003 Sr
282 941 320 1004 de
340 963 419 1004 nova
435 945 533 1026 aliqua
552 965 583 1006 re
604 943 704 1006 dicere
723 939 906 1027 propositum
918 947 1008 1014 esset,
1022 938 1231 1015 Athenienses,

132 1033 284 1096 continens
301 1057 352 1110 me,
367 1037 438 1097 dum
452 1036 569 1118 plurimi
589 1057 689 1097 eorum
704 1037 810 1118 quibus
824 1056 888 1096 mos
901 1045 948 1096 est
962 1032 1136 1095 sententiam
1149 1051 1234 1116 suam

132 1127 328 1208 aperuissent,
346 1130 372 1190 si
389 1129 461 1210 quid
474 1130 544 1190 mihi
559 1131 664 1190 abillis
679 1130 791 1190 dictum
800 1129 971 1209 placuisset,
988 1127 1175 1206 quievissem,
1188 1123 1235 1184 sin

131 1221 240 1294 minus,
253 1231 314 1281 tum
327 1223 433 1304 etipse
449 1243 515 1304 quae
528 1224 622 1284 sentio
633 1232 754 1284 conatus
765 1242 859 1283 essem
871 1221 943 1281 fari.
965 1215 1115 1305 quoniam
1113 1237 1183 1278 vero
1193 1217 1236 1277 ita

131 1314 250 1386 accidit,
264 1325 299 1374 ut
311 1315 418 1396 quibus
432 1315 473 1374 illi
487 1316 525 1375 de
543 1315 652 1376 rebus
640 1331 704 1396 Jam
724 1325 793 1376 ante
807 1332 1008 1394 saepenumcro
1027 1311 1173 1382 dixerunt,
1187 1309 1235 1369 hae

132 1425 211 1468 nunc
225 1407 256 1466 ιιι
268 1407 506 1469 deliberationem
516 1403 667 1483 vocentur,
677 1409 800 1468 arbitror
809 1427 855 1466 me
858 1406 1008 1486 ,quamvis
1019 1403 1130 1485 primus
1142 1402 1181 1463 ad
1191 1401 1236 1462 di·
1252 1411 1256 1418 '

131 1484 261 1558 cendum
275 1501 448 1562 surrexerim
452 1501 534 1580 ,jure
547 1512 646 1562 tamen
659 1501 775 1562 veniam
786 1505 941 1559 nacturum
955 1517 1032 1558 esse.
1055 1497 1087 1557 Si
1098 1515 1176 1555 enim
1183 1515 1237 1553 su

6 1613 7 1644 ι
87 1608 92 1624 ’
131 1591 239 1670 periori
251 1601 383 1673 tempore
396 1603 557 1674 opportune
570 1593 620 1654 isti
633 1592 859 1666 consuluissent,
874 1591 945 1652 nibil
958 1610 1011 1651 sos
1024 1609 1104 1649 nunc
1118 1606 1238 1648 necesse

131 1694 212 1744 esset
224 1681 397 1746 deliberare.

173 1779 203 1836 2.
226 1775 357 1836 Primum
366 1778 464 1858 igitur,
477 1778 684 1854 Athenienses,
697 1788 815 1839 nonest
827 1779 865 1838 de
877 1775 1067 1858 praesentibus
1087 1775 1186 1846 rebus,
1199 1793 1239 1833 ne
1284 1835 1286 1840 ,

134 1869 159 1932 si
175 1870 365 1931 vehementer
377 1869 495 1955 afflictae
515 1892 580 1933 esse
601 1872 765 1947 videantur,
785 1871 1003 1952 desperandum
1024 1867 1117 1928 vobis.
1159 1865 1239 1926 Nam

132 1964 213 2044 quod
226 1965 257 2023 ιιι
271 1965 312 2024 eis
327 1984 363 2024 ex
377 1965 523 2046 praetcrito
537 1976 666 2046 tempore
680 1977 725 2026 est
747 1965 920 2048 pessimum,
934 1964 965 2022 id
978 1965 1076 2044 ipsum
1090 1971 1135 2021 est
1149 1961 1189 2020 ad
1201 1979 1238 2020 ea

134 2077 201 2137 quse
230 2067 344 2116 restant
371 2058 524 2137 optimum.
567 2057 648 2127 Quid
668 2057 757 2142 igitur
776 2057 834 2120 hoc
855 2057 922 2120 esti
962 2055 1071 2115 Vestra
1090 2054 1236 2127 nimirum,
1309 2071 1315 2078 “

134 2148 468 2228 Athenienses,factum
483 2171 547 2220 esse
562 2151 697 2238 socordia
710 2161 743 2228 et
756 2151 844 2212 officii
860 2150 1009 2230 neglectu,
1022 2159 1115 2209 utres
1128 2157 1239 2236 nostrae

41 2273 46 2280 ·
133 2243 191 2304 sint
204 2243 355 2314 adversae3
376 2263 445 2314 nam
458 2244 493 2316 si,
507 2245 589 2304 vobis
601 2243 698 2304 omnis
710 2263 777 2324 quos
790 2244 890 2304 decuit
903 2243 1071 2324 agentibus,
1087 2260 1134 2300 res
1154 2239 1196 2301 ita
1206 2259 1240 2300 se

132 2339 333 2413 haberentue
348 2358 416 2419 spes
426 2339 543 2418 quidem
554 2340 667 2419 reliqua
679 2349 769 2412 esset,
784 2339 846 2399 sore
858 2357 907 2398 eas
921 2335 1077 2416 aliquando
1090 2335 1240 2396 meliores.

134 2429 254 2492 Deinde
268 2431 468 2510 cogitandum,
489 2431 520 2491 id
533 2432 612 2512 quod
629 2433 735 2513 partim
749 2452 786 2492 ex
804 2431 868 2492 aliis
882 2424 1002 2502 auditis,
1015 2428 1120 2508 partim
1134 2427 1189 2508 ipsi
1202 2446 1241 2487 ex
1305 2461 1308 2486 ι

134 2527 277 2586 memoria
289 2534 386 2584 vestra
401 2524 492 2598 scitis,
507 2517 619 2606 quauta
639 2525 796 2606 aliquando
810 2523 942 2605 potentia
959 2519 1088 2601 praeditis
1100 2518 1240 2580 Lacedae-

134 2617 240 2694 moniis
244 2614 355 2702 ,idque
373 2637 433 2676 non
454 2617 498 2678 ita
518 2617 598 2692 olim,
612 2638 699 2698 quam
715 2617 868 2698 praeclare,
882 2625 970 2694 atque
983 2623 1018 2673 ut
1030 2632 1083 2672 vos
1105 2611 1240 2687 decebat,

134 2709 208 2770 nihil
224 2682 312 2790 hujus
330 2709 496 2790 reipublicae
515 2710 650 2790 dignitati
663 2710 789 2770 alienum
803 2707 971 2780 admisistis,
983 2725 1085 2766 verum
1101 2724 1155 2785 pro
1168 2726 1240 2765 com-

137 2823 211 2861 mum
205 2801 421 2862 'Grae'corum
409 2823 476 2882 Jure
489 2802 600 2864 bellurn
609 2814 712 2864 contro
721 2802 786 2862 illos
801 2788 992 2862 sustinuistis.
1025 2797 1192 2867 Quorsum
1184 2797 1240 2878 rgi-
1291 2868 1295 2878 „

137 2891 354 2954 turhaecdicol
376 2895 418 2954 Ut
427 2914 593 2975 perspicere
601 2894 730 2976 possitis,
745 2893 938 2954 Athenienses
942 2902 1048 2971 atque
1058 2891 1241 2951 ammadver

137 2997 207 3060 tere,
221 3005 319 3066 neque
331 2987 565 3068 praecaventibus
583 2988 666 3048 vobis
685 2987 842 3067 quicquam
858 3005 924 3047 esse
937 2983 1129 3056 formidabile,
1142 3004 1241 3064 neque

140 3098 164 3139 st
155 3079 362 3158 'negligentes
378 3077 451 3151 sitis,
465 3079 524 3139 tale
538 3079 609 3159 quid
624 3079 710 3159 quale
723 3099 776 3140 vos
790 3079 905 3154 vultis,
901 3087 1074 3140 eventurum
1093 3096 1167 3148 esse,
1187 3097 1240 3136 ex·

139 3171 241 3252 emplis
260 3180 386 3244 utentes,
403 3171 536 3251 potent'm
553 3192 619 3252 quse
633 3183 695 3233 tum
708 3171 765 3232 fuit
777 3169 1076 3242 Lacedaemoniorum,
1090 3188 1178 3247 quam
1191 3189 1241 3230 re·

139 3266 193 3326 bus
206 3264 311 3325 vestris
331 3265 444 3324 animos
467 3266 643 3346 applicando
668 3267 839 3347 superastis,
860 3276 891 3326 et
908 3265 996 3346 hujus
1014 3283 1081 3342 quse
1099 3284 1178 3324 nunc
1196 3263 1243 3326 es't

140 3355 302 3430 insolentia,
311 3366 431 3437 propter
441 3375 529 3437 quam
543 3369 714 3432 aestuamus,
730 3377 767 3419 eo
778 3360 858 3440 quod
872 3355 942 3418 nihil
961 3373 1140 3436 eorumquae
1155 3376 1243 3440 opor-

141 3454 197 3512 tuit
208 3452 384 3512 curavimus.

180 3546 209 3604 3.
230 3543 362 3612 Quod
339 3563 364 3603 ει
379 3531 445 3622 quis
458 3542 595 3618 restrum,
609 3543 813 3616 Athenienses,
827 3515 975 3606 difficssem
993 3565 1058 3607 esse
1070 3515 1244 3652 oppugnata

142 3631 307 3718 Philippum
322 3635 485 3707 arbitretur,
500 3635 690 3697 considerans
705 3658 773 3698 cum
786 3636 1002 3700 multitudinem
1015 3639 1164 3719 copiarum
1175 3656 1243 3722 quse

143 3749 217 3789 nunc
231 3729 274 3788 illi
288 3738 470 3810 competunt,
485 3739 545 3788 tum
561 3729 659 3789 omnia
672 3729 808 3811 praesidia
821 3729 884 3788 urbi
895 3741 1004 3791 uostroe
1012 3727 1142 3812 periisse,
1160 3739 1241 3789 recte

142 3841 210 3882 sane
224 3820 392 3890 existiman
414 3819 493 3882 idem
507 3832 605 3881 tamen
618 3822 676 3884 hoc
690 3822 809 3902 cogitet,
822 3822 914 3882 fuisse
929 3822 1103 3905 aliquando
1096 3844 1126 3882 m
1140 3833 1244 3896 nostra

140 3919 285 3994 potestate
300 3913 445 3994 Pydnam,
459 3912 632 3987 Pctidaeem,
647 3914 829 3988 Methonam‚
844 3925 874 3974 et
890 3935 1007 3976 omnem
1020 3916 1099 3976 illam
1113 3915 1244 4001 undique

142 4007 324 4086 adjacentem
334 4005 503 4090 regionem
518 4006 658 4086 plurimas
669 4007 766 4082 etiam,
782 4027 924 4088 quaecum
933 4009 983 4070 illo
995 4030 1073 4070 nunc
1085 4013 1245 4090 sunt,gen·

143 4107 186 4158 tes
201 4098 261 4159 suis
273 4097 392 4177 legibus
405 4116 440 4158 ac
449 4097 596 4158 liberas
570 4100 687 4173 vixisse,
700 4099 842 4179 vobisque
857 4094 996 4162 maluisse
998 4089 1161 4182 ‚quamilli,
1171 4102 1245 4163 ami-

142 4191 209 4252 citia
221 4191 372 4271 conjungi
415 4191 467 4249 Si'
460 4191 546 4271 igitur
558 4191 729 4274 Philippus
722 4212 751 4250 rn
763 4191 820 4253 bac
830 4203 892 4252 tum
906 4194 1043 4274 opinione
1057 4195 1171 4268 fuisset,
1189 4195 1247 4264 sibi

143 4281 255 4344 difficile
279 4303 347 4344 esse
368 4281 480 4342 bellum
501 4303 600 4362 gerere
616 4305 689 4344 ecum
704 4285 943 4359 Atheniensibus,
963 4285 1013 4366 qui
1032 4298 1077 4347 tot
1097 4307 1179 4348 arces
1206 4289 1246 4348 ad

143 4376 281 4436 ditionem
295 4396 381 4436 suam
391 4376 620 4456 oppugnandam
633 4377 787 4449 habereut,
803 4378 891 4439 sociis
902 4380 1053 4453 destituto,
1065 4379 1135 4440 nihil
1145 4399 1246 4441 eorum

143 4488 205 4548 quse
216 4489 296 4532 nunc
310 4469 391 4545 fecit,
409 4469 533 4550 egisset;
555 4490 650 4551 neque
664 4481 776 4533 tautam
791 4471 952 4554 potentiam
966 4483 1046 4536 esset
1057 4483 1245 4536 consecutus.

708 4583 725 4624 c
