2932 4952
241 355 304 440 aaa
409 312 414 322 “
530 357 535 370 ·
604 353 972 441 connaturalem.

241 507 299 575 fica
312 507 450 582 aedificat,
471 520 523 586 aut
541 512 661 572 ancillas
680 515 786 573 multas
800 515 941 618 possidet,
962 523 1012 574 aut
1025 513 1134 573 lautam
1153 506 1331 604 supputati

242 599 311 672 lem,
327 600 401 660 se‘d
393 621 418 660 rs
433 581 683 698 magnifaciendus
698 618 742 662 est
744 605 849 682 ,quit
835 599 969 664 talibus
961 624 992 662 ιιι
997 599 1094 663 rebus
1110 599 1278 682 splendidus
1288 593 1331 662 est'

241 707 274 750 et
292 693 475 770 magnificus,
493 692 616 770 quarum
636 695 745 756 utilitas
767 695 804 754 ad
823 696 973 788 universos
994 695 1084 755 redit:
1106 691 1193 774 quale
1214 691 1307 755 nihil
1300 683 1330 794 ιιιΙ

243 779 338 843 Mrdra
348 784 532 861 reperietis
1092 835 1101 844 .

205 909 213 918 =
247 865 333 934 45.
356 873 513 935 Enimvero
533 877 677 935 triremem
698 877 806 936 civitati
829 879 967 944 donauita
989 879 1066 936 hanc
1089 878 1166 941 enim
1184 877 1257 936 satis
1274 875 1327 935 scio

229 967 369 1042 jactabit,
379 976 410 1026 et
423 967 608 1045 gloriabitur
630 987 699 1044 ego
722 969 835 1028 vobis
862 970 1064 1028 triremem
1091 969 1251 1028 donavi.
1284 966 1327 1026 Sic'

240 1068 338 1144 autem
353 1059 482 1122 facitote.
513 1059 555 1128 Si,
569 1058 773 1130 Athenienses,
795 1060 964 1138 reipublicae
988 1059 1086 1118 studio
1109 1055 1189 1119 illam
1207 1056 1327 1128 donarit,

240 1143 307 1230 quse
320 1170 372 1229 pro
386 1151 437 1210 tali
451 1148 650 1208 munificentia
663 1151 756 1226 gratia
769 1151 975 1222 habendeest,
989 1150 1108 1209 camilli
1121 1150 1228 1208 habete
1242 1151 1274 1208 ιι
1287 1149 1332 1207 re·

238 1241 331 1302 ferte:
354 1242 406 1300 sed
420 1239 571 1319 grassandi
586 1259 624 1298 ex
638 1239 756 1300 libidine
771 1242 917 1302 licentiam
931 1261 968 1300 ne
982 1241 1067 1300 detis.
1091 1241 1181 1300 Nulla
1194 1241 1269 1299 enirn
1287 1259 1328 1322 res¹

142 1319 147 1336 ⁸
238 1343 291 1396 aut
314 1333 446 1390 meritum
459 1341 574 1391 tantum
589 1335 643 1405 est,
661 1341 695 1390 ut
715 1351 750 1392 ea
768 1333 884 1393 licentia
902 1343 1056 1412 propterea
1074 1333 1197 1393 concedi
1214 1331 1327 1391 NJdebeat'

240 1424 292 1486 sin
306 1435 402 1482 autem
418 1425 455 1482 ob
476 1418 660 1483 timiditatem
683 1436 772 1502 atque
784 1424 983 1488 effeminatum
1000 1423 1128 1483 animum
1152 1423 1209 1482 hoc
1230 1423 1330 1503 iecisse

238 1505 435 1584 convincetur,
448 1535 484 1574 ne
497 1515 598 1574 fucum
611 1516 692 1576 vobis
706 1516 766 1575 fieri
777 1515 936 1593 patiamini.
959 1511 993 1573 ld
1006 1515 1094 1593 igitur
1108 1516 1255 1594 quomodo
1263 1534 1328 1594 cog-

230 1609 388 1670 'noscetisi
417 1606 482 1686 Ego
507 1619 537 1672 et
558 1608 614 1668 hoc
641 1609 764 1681 docebo,
786 1627 907 1667 exorsus
932 1607 950 1667 'a
976 1607 1128 1686 principio.
1170 1608 1232 1667 Res
1256 1597 1328 1666 enim

236 1701 338 1782 paucis
353 1701 534 1780 expedietur,
544 1703 661 1760 tametsi
669 1702 758 1768 altius
769 1698 1043 1781 repetitavideatu'r.
1064 1699 1246 1779 Largitiones
1255 1699 1328 1779 apud

236 1813 288 1854 vos
302 1794 403 1872 primm
417 1793 504 1852 factae
520 1805 589 1851 sunt
601 1790 800 1852 in'Euboeam.
823 1793 857 1850 ln
874 1793 981 1850 horum
993 1787 1186 1869 numero‘non
1206 1792 1260 1850 suit
1275 1792 1329 1850 Mi·

236 1871 311 1958 dias,
325 1885 377 1944 sed
390 1903 457 1962 ege.
490 1884 530 1942 Et
544 1883 720 1944 trierarchioe
735 1885 832 1944 socius
845 1881 915 1942 mihi
936 1883 991 1941 fuit
1005 1882 1150 1960 Philinus,
1175 1883 1330 1942 Nicostrati

235 1976 270 2036 F.
296 1977 371 2036 Aliae
386 1975 491 2034 deinde
504 1960 663 2034 sccundm'
656 1996 685 2034 ιιι
699 1975 870 2055 Olynthum.
894 1970 980 2035 Nec
973 1995 1003 2033 ιιι
1016 1973 1127 2034 horum
1142 1976 1265 2035 num'ero
1277 1975 1330 2034 fuit

233 2044 353 2136 Midias.
376 2067 531 2149 Hominem
552 2077 649 2127 autem
663 2067 832 2130 munificum
846 2067 955 2144 ubique
969 2086 1051 2124 suam
1065 2067 1214 2126 declarare
1228 2066 1333 2125 libera

232 2159 343 2219 litatem
353 2158 510 2218 decuisset
532 2158 620 2217 Nunc
630 2159 677 2216 hae
687 2159 780 2218 tertrae
788 2158 954 2236 largitiones
966 2157 1051 2217 sactae
1060 2166 1137 2215 sunt
1160 2157 1205 2216 lbr
1214 2159 1330 2218 demum

232 2251 342 2330 aliquid
367 2251 499 2311 contulit.
528 2250 711 2318 Quomodo?
739 2243 845 2310 Cum
837 2270 867 2308 in
889 2260 993 2309 senatu
1017 2248 1208 2328 largitiones
1216 2251 1329 2328 fierent,

232 2343 364 2423 quamvis
373 2351 436 2402 tum
445 2325 572 2414 adesset,
583 2343 655 2424 nihil
665 2354 711 2402 est
720 2341 853 2420 largitus.
876 2340 1036 2420 Postquam
1047 2361 1116 2410 vero
1126 2343 1330 2414 nunciabatur,

137 2488 139 2496 .
231 2435 357 2516 obsideri
380 2433 486 2493 milites
507 2434 655 2512 Tamynis,
675 2444 705 2493 et
725 2433 827 2512 reliqui
854 2429 966 2511 equites
996 2451 1107 2503 ornnes,
1129 2453 1256 2511 quorum
1276 2435 1329 2494 iste

229 2547 308 2596 unus
322 2534 394 2595 erat,
418 2525 499 2584 exire
522 2525 778 2609 senatusconsulto
796 2525 993 2602 jubebantur:
1015 2525 1078 2583 tum
1101 2523 1221 2584 demum
1242 2525 1331 2630 hujus

231 2616 424 2696 expeditionis
438 2626 528 2689 metu,
545 2617 575 2673 in
588 2618 720 2696 proiima
733 2615 883 2686 concione,
901 2616 987 2698 etiam
1001 2616 1167 2696 priusquam
1183 2617 1331 2698 principes

229 2707 442 2776 consedissent,
459 2707 582 2784 largitus
607 2718 661 2767 est.
697 2709 766 2774 Qua
786 2718 881 2766 autem
905 2710 936 2765 re
960 2716 1020 2766 tam
1040 2708 1191 2767 evidenter
1213 2710 1330 2770 ostendi

229 2808 337 2881 potest,
350 2811 384 2858 ut
397 2818 452 2858 nec
466 2800 529 2878 ipse
543 2819 650 2878 negare
664 2799 751 2870 ausit,
764 2787 959 2879 'expeditionis
972 2797 1051 2878 luga,
1066 2817 1125 2858 non
1144 2779 1245 2860 studio
1260 2801 1331 2860 libe·

168 2915 170 2923 ι
228 2889 361 2963 talitatis,
375 2892 405 2951 id
423 2911 488 2976 esse
509 2892 641 2951 factumi
664 2891 703 2950 lis
725 2892 788 2970 ejus
810 2892 895 2950 factis
917 2911 984 2970 quae
1002 2894 1107 2970 pos'tea
1127 2903 1231 2952 secuta
1251 2904 1328 2956 sunt.

230 2985 307 3061 Nam
320 2983 454 3063 primurn,
479 3003 547 3056 cum
568 3001 723 3063 progressa
740 2982 892 3052 concione,
911 2987 942 3041 et
963 3003 993 3056 re
1016 2982 1175 3060 disputata,
1190 3004 1253 3044 non
1268 2985 1329 3061 jani

228 3071 300 3158 opus
314 3095 377 3134 esse
389 3069 536 3158 videretur
550 3075 665 3135 auxiliis
680 3075 821 3154 equitum,
835 3085 865 3134 et
881 3074 1029 3152 expeditio
1043 3074 1174 3152 frigeret,
1185 3081 1329 3155 non‘con·

117 3159 121 3165 ’
228 3168 342 3230 scendit
365 3185 478 3236 navem,
502 3174 588 3244 quain
610 3167 744 3240 donarat,
766 3167 820 3226 se'd
840 3167 1011 3244 inquilinum
1030 3165 1112 3224 illum
1133 3159 1213 3228 misit
1234 3170 1329 3258 AEg'y7

183 3251 187 3271 .
225 3262 329 3342 ptium,
344 3259 568 3338 Pamphilum,
553 3275 622 3342 ipse
636 3259 683 3333 bic
705 3260 832 3330 haerens,
845 3259 1077 3318 Bacchanalibus
1091 3262 1331 3339 eap'erpetrarit,

225 3363 344 3455 propter
371 3372 437 3431 quae
459 3371 544 3432 nunc
566 3357 731 3412 accusatur.
754 3331 925 3429 ¹Postquam
945 3370 1014 3426 vero
1035 3351 1178 3411 Phocio
1170 3355 1332 3464 rmpe'rator'

227 3443 338 3523 equites
360 3445 515 3520 Arguraeos
536 3425 574 3502 ad
594 3433 811 3522 successionem
833 3445 1011 3520 accersebat,
1030 3451 1072 3502 et
1078 3428 1232 3504 timidum¹
1239 3460 1350 3526 atqua-

170 3541 172 3550 '
226 3532 438 3599 exsecrandum
461 3533 550 3594 latum
567 3514 669 3596 fraude
684 3555 772 3614 agere
785 3537 946 3605 constabat,
961 3539 1024 3594 tuin
1038 3554 1074 3592 eo
1088 3535 1192 3594 ordine
1211 3539 1332 3610 relicto,

225 3630 255 3690 in
270 3646 373 3688 navem
387 3645 420 3685 se
431 3625 566 3704 conjecit.
591 3625 632 3685 Et
646 3631 771 3706 quorum
783 3629 914 3704 equiturn
927 3627 1007 3729 apud
1020 3646 1073 3685 vos
1086 3628 1248 3704 praelectus
1262 3651 1334 3690 esse

225 3720 327 3792 voluit,
341 3736 409 3778 curn
429 3717 463 3776 iis
477 3726 536 3776 non
557 3727 602 3776 est
622 3738 769 3796 egressus.
803 3719 892 3784 Quod
917 3717 1063 3803 siquid
1056 3737 1086 3818 ιιι
1109 3719 1184 3820 mari
1204 3723 1357 3800 periculi,

225 3813 380 3888 inissetid
395 3821 499 3894 terram
512 3810 645 3868 nimirum
661 3828 692 3869 se
705 3812 921 3870 οοιιιιιιιιιιι.Ι

224 3905 314 3961 46.
341 3903 382 3962 At
393 3922 451 3962 uon
463 3901 616 3960 Nrceratus
607 3901 761 3984 quidem
766 3923 826 3964 non
835 3903 886 3972 ιιι
900 3902 993 3962 Niciae
1007 3904 1083 3964 filius
1087 3907 1254 3984 ,gratiosus
1266 3909 1335 3978 ille,

226 3971 314 4054 orbus
329 3995 436 4066 liberis,
453 4013 574 4073 corpore
588 4013 707 4071 prorsus
725 3995 828 4062 debili;
850 4013 945 4071 neque
960 3997 1002 4055 ita
1015 3997 1160 4057 Euctemo
1176 4000 1336 4068 AEsionis;

226 4103 323 4161 neque
340 4084 540 4163 Euthydemus
565 4085 717 4145 Stratoclia
739 4087 791 4145 F.:
812 4106 880 4145 narn
893 4087 998 4165 horum
1011 4093 1108 4160 nemo,
1122 4091 1213 4150 ultro
1217 4071 1337 4152 collata

226 4169 352 4245 trireme,
372 4175 590 4254 expeditionem,
602 4174 682 4236 illem
698 4176 836 4248 deseruit,
851 4178 905 4236 sed
918 4179 1023 4237 navem
1042 4180 1124 4238 illam
1144 4185 1282 4262 muneris
1303 4193 1337 4242 et

208 4266 359 4346 ,beneficii
378 4266 443 4324 loco
457 4267 628 4328 instructam
641 4270 723 4329 dedit
737 4271 772 4328 ad
784 4271 908 4346 classem
922 4272 1099 4350 augendam,
1122 4275 1269 4348 Ubivero
1282 4278 1336 4335 lex

127 4363 129 4368 ’
151 4402 156 4410 .
213 4413 216 4418 ,
221 4359 354 4439 jubebat,
363 4356 403 4414 ihi
417 4357 477 4425 suis
487 4358 539 4435 ipsi
555 4362 724 4438 corporibus
737 4362 1158 4424 decernendum‘cerisuerunt.
1181 4367 1251 4428 Alia
1264 4368 1335 4426 Mi-

228 4450 283 4524 dias
297 4449 369 4508 ratio
383 4446 449 4538 fuit,
462 4449 591 4526 equitum
604 4453 746 4530 praefecti;
770 4473 839 4514 narn
862 4455 965 4518 ordine
982 4455 1112 4534 legitimo
1129 4453 1270 4535 deserto,
1286 4459 1333 4532 td,
