2932 4952
516 311 830 390 succursurum.
1159 280 1218 371 ric

125 464 209 522 risset,
227 464 296 514 etiam
313 462 385 536 legati
400 463 425 514 in
438 466 530 516 vincula
540 466 678 530 conjiciendi
689 474 766 516 arant.
789 469 825 516 lin
838 465 954 530 ternpore,
966 479 1018 514 cum
1034 464 1091 512 ulter
1100 478 1174 512 annus
1185 462 1220 511 ln·

124 544 224 604 ciperet,
241 558 288 604 qno
305 543 375 591 etism
387 543 468 592 rinciri
479 546 570 606 legatos
580 546 711 608 oportebat,
723 545 865 592 Timocrates
878 545 947 591 talem
968 543 1043 606 legem
1063 541 1176 604 scripsit:
1192 540 1220 589 si

42 607 49 620 ¹
127 609 1220 681 qniscbdebitumpublicumvinculissitdamnatassivesxlsge,
1284 653 1286 663 ,
1337 649 1340 658 r

128 695 200 742 sire
225 710 263 742 ex
285 697 575 752 senatusconsulto,
597 701 648 743 ant
677 696 705 744 iu
732 701 885 768 posterum
913 695 1087 752 damnetur,
1115 693 1220 741 licere
1280 729 1288 742 t
1365 703 1368 716 ·

127 771 285 818 ei.tribus
309 771 448 820 vadibus
476 773 571 828 datis,
592 770 786 833 approbatis
810 786 825 818 a
848 774 967 832 populo,
996 786 1031 818 se
1055 771 1135 817 bona
1159 769 1219 816 lide

127 846 368 895 satisfacturum
385 849 571 910 reipublice
592 847 806 909 promittenti,
825 848 921 895 exire
943 847 1105 894 vinculis:
1126 845 1152 893 si
1174 861 1220 893 re·
1284 867 1285 872 ¹

125 940 160 971 ro
184 939 243 972 nos
271 923 471 972 satisfecerit
497 927 543 978 rel
566 925 643 988 ipse,
667 923 718 971 rel
744 923 848 982 rades,
879 939 944 973 aum
971 923 1023 984 qni
1048 937 1106 984 per
1132 937 1222 983 spou-

128 1014 220 1046 sorss
247 998 405 1047 liberatus
434 1001 542 1048 iuerat
562 999 758 1049 inriuc'ulis
780 999 966 1056 babendum,
1000 999 1125 1046 radium
1147 1015 1222 1056 vero

24 1107 28 1116 .
126 1077 201 1122 bona
220 1075 430 1136 publicanda.
459 1077 615 1138 Hanclegem
628 1075 914 1131 Dicdornsetlinctemo,
933 1075 1221 1136 ntlegibnreontrariam‚

125 1158 154 1198 nt
168 1150 289 1211 injustam,
304 1159 330 1198 ut
345 1151 500 1212 perniciosam
523 1153 663 1200 detulerunt.
688 1153 747 1200 Cum
766 1158 843 1220 antem
863 1151 987 1209 Androtic,
998 1152 1118 1208 Glaucum,
1133 1157 1157 1198 et
1168 1152 1221 1198 Me·

125 1227 224 1288 lsncpus
237 1227 446 1276 animadverterent
457 1229 628 1276 accusationem
640 1228 697 1274 lranc
707 1243 749 1274 sna
763 1242 833 1274 cansa
844 1243 896 1274 esse
908 1229 1001 1284 luctum,
1012 1242 1094 1274 novam
1104 1228 1189 1274 talenta
1197 1235 1223 1276 et

125 1303 223 1364 triginta
233 1302 307 1350 minus
315 1306 547 1359 numerant,lcrtssso
554 1320 598 1351 nnn
607 1304 755 1360 numeraturi,
764 1303 811 1351 nisi
820 1312 967 1352 accusatores
977 1305 1023 1366 legi
1032 1304 1222 1352 intercessissent«

127 1379 176 1430 Sed
183 1385 304 1426 numerant
315 1373 398 1428 tamen.
416 1381 537 1428 Diodorus
551 1387 575 1428 et
584 1383 697 1428 Euctemo
707 1395 817 1428 accusare
828 1387 938 1442 pergunt,
948 1381 1044 1442 perlude
1052 1397 1079 1428 ac
1090 1381 1109 1428 si
1120 1383 1158 1429 les
1167 1397 1220 1444 prc-

126 1461 181 1517 pter
190 1455 287 1516 ¹legatos
300 1456 389 1516 scripta
403 1456 443 1504 sit.
468 1458 521 1506 Etsi
533 1458 598 1520 enim·
610 1456 735 1518 interjecto
749 1463 852 1518 tempore
865 1457 1015 1513 numerarim,
1033 1458 1057 1503 id
1073 1459 1157 1504 lactum
1168 1473 1222 1506 esse

125 1538 203 1580 tanen
212 1532 360 1579 accusatione
372 1534 421 1592 ism
430 1533 546 1580 instituta.
564 1536 643 1594 Quare
654 1534 775 1582 consilium
786 1533 928 1593 legislatoris
940 1548 992 1580 esse
1000 1533 1147 1594 culpandum.
1169 1535 1223 1582 Nec

126 1607 206 1656 minus
217 1607 310 1655 interim
319 1608 393 1670 legem
404 1608 523 1656 examinat
534 1617 621 1666 orator,
630 1617 655 1657 nt
667 1625 718 1670 qum
727 1608 850 1656 etiamalio
862 1609 930 1656 modo
939 1609 970 1656 sit
981 1608 1138 1669 improbent.
1159 1609 1221 1658 Nam

126 1689 151 1731 et
161 1681 315 1743 coutru'qusm
326 1684 391 1745 leges
398 1677 558 1744 preteribant,
568 1701 618 1732 esse
629 1685 707 1740 lutam,
718 1689 742 1731 et
749 1685 800 1732 aliis
809 1685 899 1746 legibus
909 1685 1038 1740 adversari,
1046 1691 1070 1731 et
1079 1697 1122 1746 per
1130 1701 1158 1733 ea
1169 1697 1221 1747 quse

120 1760 214 1819 jubeat,
229 1773 322 1814 nocere,
338 1766 362 1805 at
378 1759 484 1820 iujuriam
501 1761 578 1808 faeere
588 1759 731 1822 reipublicae.
757 1759 912 1818 Quamobrem
924 1767 948 1808 et
959 1761 1070 1808 orationis
1079 1770 1222 1823 arguments,

125 1841 151 1882 et
156 1835 305 1882 fundamenta
311 1835 369 1882 bina»
375 1842 438 1891 sunt,
447 1837 553 1892 alterum,
561 1837 584 1882 in
592 1837 688 1898 gratiam
697 1837 826 1898 legatorum
833 1853 884 1884 esse
893 1837 1014 1898 scriptum,
1025 1838 1130 1895 alterum,
1137 1840 1222 1890 adver·

126 1911 175 1959 sari
185 1910 286 1973 legibus,
296 1918 321 1958 et
330 1912 483 1971 perniciosum
495 1919 519 1958 et
530 1913 638 1973 injurtam
650 1928 704 1960 esse
720 1912 804 1974 legen.
825 1913 937 1970 Proinde,
946 1920 973 1959 ut
983 1914 1070 1980 primen
1083 1921 1178 1979 propter
1187 1914 1222 1962 le·

126 1988 256 2048 gatoslatre
265 1987 324 2049 legis
338 1987 433 2050 effugiat
443 1989 594 2045 Timocrates,
606 1989 665 2037 illud
677 1997 808 2036 tamennon
820 1989 923 2049 affugiet,
934 1986 1009 2050 leg'em
1020 2005 1072 2038 esse
1084 1990 1222 2052 improbam.

126 2061 225 2109 Poterat
231 2062 290 2108 enim
302 2077 411 2110 mensure
422 2057 580 2125 legislatorem
588 2063 706 2111 Diodorus
718 2063 829 2124 imprcbae
839 2064 901 2126 legis
913 2057 1016 2125 scriptse',
1033 2073 1057 2112 et
1067 2067 1156 2126 legibus
1167 2082 1224 2114 con·

124 2138 214 2192 trurise,
225 2138 294 2200 idque
306 2140 363 2187 satis
373 2139 396 2186 ei
412 2139 548 2187 firmamenti
559 2139 651 2186 inisset·
665 2141 735 2187 Nunc
746 2140 813 2188 etiam
821 2141 949 2202 legatorum
961 2141 1097 2188 calumniam
1109 2157 1178 2188 cnnsa
1188 2142 1225 2190 le·'
1242 2186 1245 2192 ,

126 2215 246 2277 gislatoris
256 2216 393 2279 sdsnmpsit.
420 2216 589 2279 Argumentum
600 2216 673 2277 igitur
683 2231 768 2272 canum,
780 2224 955 2280 propterquam
967 2219 1042 2279 legem
1054 2218 1141 2284 tulerit,
1150 2220 1188 2265 'eat
1197 2219 1223 2266 in

126 2294 262 2353 conjectura
274 2292 386 2353 positum.
409 2294 529 2351 Quaeritur
544 2292 615 2349 enim,
632 2299 708 2339 utrum
724 2299 822 2354 propter
839 2295 929 2354 legatos
946 2293 992 2340 lata
1004 2293 1044 2350 ait,
1060 2309 1146 2340 necne:
1162 2295 1223 2342 illud
1309 2288 1312 2300 '

125 2384 186 2418 vero
202 2367 323 2430 quolegss
334 2369 504 2424 examinantur,
516 2369 692 2416 deliberativum
703 2377 746 2416 est.
765 2370 825 2416 Nam
836 2367 861 2415 is
873 2369 1005 2416 uuiversum
1018 2369 1093 2416 omnis
1104 2371 1223 2418 accusatio

125 2443 208 2504 scripti
216 2443 391 2491 deliberativum
400 2443 471 2490 efficit
479 2448 571 2490 statum.
584 2442 671 2504 Scripti
681 2452 757 2490 antem
764 2443 878 2499 dicc,non
886 2445 937 2504 ejus
945 2444 967 2490 ln
975 2435 1022 2504 quo
1031 2444 1148 2506 quippiam
1158 2445 1222 2493 aliud

104 2573 107 2580 ¹
125 2521 247 2584 quaeritur,
258 2526 284 2567 nt
295 2519 318 2566 in
330 2522 554 2580 coniecturamque
564 2521 614 2580 ejus
624 2519 685 2580 quod
698 2521 797 2566 refertur
807 2521 837 2567 sd
848 2535 925 2566 casum
937 2527 961 2567 at
975 2521 1115 2576 laenitatem,
1127 2529 1149 2568 ut
1163 2523 1188 2567 lit
1200 2523 1224 2569 in

125 2596 278 2644 absolutione.
295 2595 350 2642 lllic
367 2595 428 2642 anim
445 2595 475 2641 de
489 2595 559 2642 rebus
572 2593 853 2654 factisestJ'ndicinm,in
865 2595 1027 2651 deliberativo,
1039 2596 1170 2643 defuturis.
1186 2597 1224 2645 Ao
1288 2649 1293 2661 ‚

102 2681 105 2686 '
125 2675 239 2734 scriptum
248 2673 326 2720 tnrnin
335 2673 452 2732 lege,‘tnm
460 2669 667 2719 senatusconsultis
675 2671 873 2718 contineridebet.
889 2673 947 2718 Sunt
956 2671 1028 2733 igitur
1039 2673 1107 2734 liujus
1112 2674 1225 2722 orationis

124 2751 204 2822 capita
220 2741 327 2810 quatuor.
343 2749 419 2796 Unum
427 2747 567 2809 legitimum,
577 2748 648 2808 idque
657 2745 762 2793 bilariam
772 2746 894 2804 dividitur,
906 2747 929 2794 in
941 2763 1063 2808 personam
1074 2753 1099 2796 'et
1110 2765 1166 2806 rem,
1178 2751 1224 2798 lroe
1318 2761 1329 2776 ¹

123 2835 169 2886 est,
181 2827 205 2874 in
214 2826 288 2886 ipsam
296 2825 382 2886 legem,
393 2825 508 2886 quomodo
518 2823 633 2871 contraris
643 2823 674 2869 sit
685 2822 783 2891 legibue.
796 2822 908 2879 Alterum,
917 2825 1015 2884 justum.
1031 2824 1144 2880 Tertium,
1157 2827 1224 2890 utile,

22 2939 24 2946 .
124 2921 179 2953 esse
188 2903 291 2950 noxiam.
303 2901 416 2958 Quartum
420 2935 427 2958 ,
436 2901 556 2964 possibile,
565 2913 616 2946 eam
622 2901 715 2960 jubere,
726 2915 778 2960 quse
789 2899 837 2946 lieri
845 2907 965 2960 nequeant.
978 2901 1142 2948 Controversia
1150 2901 1224 2963 igitur

124 2997 178 3043 quse
189 2979 286 3029 venitin
294 2977 418 3038 judicium,
426 2978 450 3024 in
462 2975 646 3038 hisarguruentis
655 2974 771 3023 consistit.
786 2976 846 3022 Nam
854 2977 1012 3023 tractationem
1022 2976 1085 3023 illam
1097 2984 1177 3022 contra
1188 2978 1221 3025 le·

124 3066 203 3120 gatos,
213 3056 237 3103 in
250 3054 413 3102 constitutione
419 3061 445 3102 et
453 3054 597 3116 digressione
605 3053 694 3113 posuit,
700 3051 865 3099 criminationis
874 3067 943 3099 cansa
954 3052 1070 3100 nimirum.
1087 3053 1148 3113 Quia
1159 3053 1222 3102 enirn

124 3137 166 3184 lex
181 3131 345 3179 humanissima
356 3130 455 3186 ridetur,
464 3132 527 3191 quod
540 3129 640 3176 vinculis
654 3127 720 3175 ciras
735 3127 828 3184 liberet,
842 3134 969 3190 propterea
981 3127 1092 3188 opposuit
1105 3144 1159 3178 eum
1174 3129 1222 3178 alia
1320 3167 1326 3175 ,

124 3212 203 3274 plnrs,
209 3215 258 3256 tum
265 3207 374 3255 veroduo
381 3207 439 3264 laec,
446 3207 553 3262 alterum,
561 3212 717 3267 argumentum
723 3205 752 3251 de
761 3204 854 3266 legatis,
862 3211 888 3251 ut
895 3203 1063 3265 easuspicione
1071 3205 1162 3266 ingesta
1169 3220 1221 3266 per·

123 3287 224 3336 enodem
234 3282 344 3338 auditori,
360 3282 519 3346 adversarium
534 3288 669 3344 corruptum
687 3280 848 3342 largitionibus
865 3287 982 3328 oratorum
999 3288 1024 3328 et
1037 3281 1222 3342 magistratuum,

122 3360 300 3425 rempublicam¹
313 3356 506 3428 depeculantinm,
523 3357 631 3404 sordibus
643 3362 680 3418 vet
693 3348 814 3417 rapucitsti
836 3355 973 3402 ccusultnm'
986 3355 1103 3403 uoluisse:
1124 3357 1222 3405 alterum

122 3437 294 3502 perniciosum,
305 3448 350 3496 qno
370 3425 472 3480 ostendit
487 3447 515 3479 ea
532 3431 585 3492 lege
605 3431 724 3478 civitatem
743 3431 818 3477 omnis
834 3432 888 3477 aeris
904 3430 974 3476 alieni
986 3430 1099 3478 solutione
1117 3431 1222 3492 spoliari.

123 3515 246 3560 Praeterea
261 3507 414 3571 impossibile,
426 3507 495 3554 etiam
507 3506 529 3554 si
542 3507 664 3561 vellemus,
675 3505 759 3566 inquit,
771 3506 820 3552 lieri
837 3513 911 3552 tarum
927 3507 987 3553 lraud
999 3512 1079 3567 posset
1086 3522 1094 3563 ;
1110 3508 1224 3556 tolluntur

122 3591 187 3638 enim
203 3587 291 3648 regulas
309 3585 419 3632 civitatis.
447 3585 500 3630 Non
518 3588 593 3630 antam
614 3575 722 3643 ignorare
739 3583 862 3640 debemus,
877 3581 952 3643 legale
967 3588 1037 3643 caput
1054 3583 1222 3644 perfectissime

121 3657 369 3722 tractatum,.Justnm',
391 3668 416 3708 at
433 3660 499 3716 utile,
517 3661 541 3705 et
556 3658 678 3719 possibile,
695 3657 756 3704 inter
772 3673 824 3704 sese
840 3657 941 3719 implexa
957 3674 1018 3714 aare,
1034 3665 1102 3720 atque
1117 3659 1178 3706 inter
1193 3674 1224 3706 ea
1300 3684 1301 3687 =
1335 3673 1337 3678 ’

120 3740 257 3804 principem
268 3747 347 3806 tenere
361 3735 439 3788 locum
452 3734 518 3790 utile,
529 3734 591 3794 quod
607 3740 632 3780 et
643 3735 708 3793 justo
724 3738 748 3779 et
758 3731 853 3792 iniusto,
869 3737 894 3780 et
910 3733 1051 3793 impossibili
1067 3734 1222 3802 continuetur.

120 3823 187 3868 Nam
205 3813 316 3876 quicquid
333 3813 451 3873 injustum,
461 3811 523 3860 idern
535 3810 603 3857 etiam
615 3809 710 3855 noxium
724 3815 769 3855 est.
787 3809 890 3855 Eandem
901 3808 1013 3855 rationem
1026 3807 1094 3858 etiam
1107 3808 1222 3855 adlccnm

120 3890 152 3942 su
168 3879 309 3956 impossibili
320 3877 556 3949 uastiquers‘uuuet.
576 3885 693 3946 Quisquis
704 3884 920 3946 enimimpnnnue
932 3883 1047 3939 ormnem
1059 3883 1128 3930 enam
1140 3885 1223 3934 inanito

121 3985 178 4019 esse
186 3967 258 4016 dicit·
279 3966 311 4014 ltt
321 3962 427 4024 quoniam
442 3963 585 4008 Timocrates
596 3959 657 4021 legis
667 3959 832 4006 humanitatem
845 3959 944 4008 subinde
955 3958 1064 4014 inculcat,
1076 3973 1104 4004 ea
1122 3973 1177 4006 varo
1191 3959 1222 4006 ad

116 4051 212 4109 justum
223 4041 306 4090 meritc
314 4041 421 4095 retertur,
432 4044 555 4101 propterea
566 4035 737 4083 Demosthenes
749 4035 824 4082 inutili
834 4035 922 4097 passim
933 4035 1016 4093 utitur,
1026 4019 1158 4095 ostendens,
1169 4052 1220 4086 sam

114 4126 202 4187 legem
211 4113 400 4182 detrimentosum
411 4122 435 4164 et
444 4114 596 4177 perniciosam
608 4127 661 4163 esse
671 4110 816 4174 reipublice.
