2932 4952
197 206 257 266 am
439 232 443 244 ·
562 207 735 301 eomas
758 207 928 269 uromm.

196 359 324 424 tumeliis
337 359 539 424 ¹afficiebaminl
551 362 582 422 in
592 363 749 436 'anibula'
757 362 814 424 hoc
825 363 925 441 utique
938 359 1043 432 nostis,
1055 379 1110 422 vos
1123 363 1180 422 nec
1190 360 1295 422 aediles

196 473 300 517 omnes
318 456 406 515 simul
421 457 502 528 esse,¹
517 473 715 534 nequeposse
735 475 902 535 quenquam
921 473 973 516 vos
991 453 1078 514 simul
1099 447 1223 526 omnes,⁷
1235 473 1296 540 una

196 547 316 628 quidem
328 567 428 620 manu,
442 547 518 608 male
532 557 667 608 tractare.
698 547 760 608 Sed
774 567 841 612 cum
855 567 943 620 unus,
957 547 1004 607 eui
1020 546 1101 608 lacta
1116 545 1222 627 injuria
1239 547 1296 618 est,

196 659 302 722 poenss
322 659 382 700 uon
405 640 571 720 sumpserit,
592 648 655 700 tum
670 636 909 718 'unumquemque
931 645 1102 718 suspeetare
1124 644 1241 718 oportet
1263 659 1296 699 se

196 732 361 813 proximum
373 731 435 792 fore
444 731 543 812 ipsum
557 732 607 810 qui
622 731 660 792 sit
672 732 783 808 injuriis
797 732 980 820 alliciendus,
993 751 1090 810 neque
1110 733 1183 792 talia
1202 731 1296 811 negli-

198 841 279 904 gere,
292 843 386 903 neque
402 833 574 904 exspectare
595 843 741 901 eousque
760 823 832 882 dum
849 823 933 883 simili
948 823 1039 884 ‘elude
1059 833 1217 902 prematur,
1231 823 1296 882 sed

197 917 288 996 longe
306 927 374 976 ante
394 934 569 995 praecavere.
597 915 670 977 Odit
691 915 799 976 Midias
823 916 947 976 fortasse
970 935 1027 975 me.
1064 913 1203 976 Vestrum
1226 933 1297 975 vero

198 1027 344 1088 quemque
358 1008 433 1067 alius
449 1007 602 1086 quispiam.
624 1007 704 1066 Num
717 1008 803 1087 igitur
813 1007 1027 1080 concesseritis,
1041 1017 1075 1066 ut
1087 1007 1150 1085 ille,
1163 1007 1297 1086 quisquis

197 1101 301 1179 estqui
309 1110 438 1160 vestrum
448 1107 593 1178 quemque
608 1099 679 1172 odit,
691 1119 744 1178 pro
754 1099 874 1160 libidine
888 1119 943 1158 sua
955 1109 1084 1159 vestrum
1098 1107 1243 1182 quemque
1256 1100 1299 1160 ita

197 1201 313 1263 tractet,
329 1191 598 1272 ⁴quemadmodum¹
612 1192 667 1250 iste
694 1210 741 1250 me
760 1189 917 1250 tractarit?
938 1190 1081 1270 Equidem
1103 1201 1172 1250 non'
1184 1191 1298 1270 opinor.

198 1285 327 1346 Proinde
340 1303 387 1343 me
401 1303 517 1362 quoque
531 1285 568 1342 ab
591 1283 675 1342 istius
694 1282 850 1342 insolentia
863 1281 1021 1345 defendite.
1051 1283 1163 1344 Saltem
1182 1284 1241 1343 hoc
1254 1283 1296 1343 vi-

197 1379 284 1438 dete:
301 1377 365 1457 jam
387 1377 485 1436 statim
508 1375 558 1434 ubi
577 1373 722 1454 judicium
741 1373 907 1446 surrexerit,
932 1374 1134 1456 unusquisque
1155 1385 1297 1449 vestrum,

198 1471 274 1532 alius
301 1472 427 1530 fortasse
446 1468 599 1538 maturius,
622 1467 696 1528 alius
727 1468 963 1528 serinsdomum'
980 1468 1143 1541 revertitur,
1163 1469 1297 1529 nullate

198 1563 351 1635 sollicitus,
361 1581 457 1641 neque
470 1570 709 1641 respectans,aut
718 1569 851 1620 metuens
862 1562 1029 1639 quicquam,
1039 1560 1098 1620 sive
1109 1561 1222 1621 amicus
1234 1560 1298 1636 sibi,

197 1657 259 1718 sire
270 1654 405 1716 inimicus
419 1655 535 1714 obuiam
547 1653 644 1724 detur,
658 1673 754 1731 neque
767 1671 853 1731 porro
867 1661 966 1734 utrum
985 1663 1110 1731 magnus
1125 1673 1162 1712 an
1176 1673 1297 1732 parvus,

199 1769 294 1828 neque
307 1757 405 1809 utrum
417 1747 554 1808 robustus
569 1765 607 1806 an
624 1745 785 1818 imbecillis,
802 1745 1036 1830 nequedenique
1057 1745 1117 1806 tale
1130 1747 1297 1832 quicquam.

99 1901 101 1909 .
200 1841 262 1902 Cur
274 1856 344 1900 vero
356 1837 473 1899 isthuc?
494 1837 572 1907 Quia
589 1838 646 1897 hoc
661 1837 758 1897 animo
773 1838 930 1922 suo‘novit,
944 1837 1002 1897 hoc
1016 1837 1091 1910 fidit,
1105 1847 1193 1918 atque
1207 1839 1299 1898 fretus

199 1930 420 2012 est'republica,
436 1949 468 1994 se
487 1930 633 1992 anemine
649 1928 835 2002 trahendum,
849 1938 908 1989 aut
928 1931 1148 2010 exagitandum,
1169 1940 1222 1992 aut
1232 1951 1298 1992 ver·

199 2025 361 2089 herandum
376 2044 484 2087 esse.¹
711 2033 715 2040 '
840 2079 844 2085 .
1038 2037 1066 2102 ι·

99 2192 102 2206 ι
209 2155 213 2161 ·
239 2121 289 2180 62.
311 2119 345 2180 ln
356 2138 417 2198 qua
429 2117 517 2198 igitur
530 2118 687 2178 securitate
698 2107 748 2178 'itii
759 2117 825 2198 ipsi,
838 2137 898 2177 non
905 2117 987 2200 prius
998 2136 1033 2177 ea
1045 2107 1116 2176 mihi
1128 2117 1300 2180 confirmata

201 2211 333 2274 vadetis?
354 2214 423 2292 Qua
435 2231 487 2292 spe
500 2212 590 2290 igitur¹
598 2221 650 2271 aut
658 2211 876 2291 exspectatione
885 2209 957 2270 talia
966 2218 1133 2290 perpessum
1144 2231 1299 2290 superesse

199 2328 235 2370 ae
249 2309 346 2370 virere
359 2307 514 2388 oportebit,
529 2307 554 2367 si
575 2311 654 2366 nunc
677 2326 733 2365 vos
754 2325 800 2364 me
813 2305 999 2386 negligetis?
1021 2307 1064 2366 At
1081 2306 1200 2368 hercule
1222 2307 1300 2368 dicet

197 2401 316 2481 aliquis,
336 2403 438 2462 bono
459 2401 581 2465 animo
602 2421 655 2460 es.
686 2399 792 2458 Nihil
813 2400 971 2460 enimin
992 2409 1199 2481 posterum
1220 2403 1300 2464 tale

200 2494 274 2556 tibi
299 2495 376 2554 t'er.
408 2495 491 2563 Quid
510 2512 580 2554 vero
600 2493 625 2554 si
648 2493 709 2566 fiet,
729 2503 793 2552 turn
811 2492 986 2568 irascemini,
1007 2495 1183 2573 oum'oequis
1197 2497 1300 2556 animis

200 2606 281 2646 nuno
301 2585 420 2646 ieratis?
460 2586 666 2666 Nequaquam,
680 2585 883 2656 Athenienses,
899 2605 936 2646 ne
960 2587 1110 2647 destituite
1129 2589 1225 2668 neque
1244 2609 1301 2662 me,

201 2697 296 2756 neque
310 2677 514 2756 vosmetipsos,
526 2697 621 2756 neque
640 2678 730 2756 leges.
742 2683 744 2734 i
762 2677 838 2738 Nam
849 2677 921 2737 illud
932 2678 1027 2758 ipsum
1038 2679 1062 2738 si
1076 2681 1300 2743 considerareet
1349 2755 1352 2760 Δ

201 2769 343 2848 indagare
356 2768 472 2839 voletis,
485 2788 573 2847 quare
586 2769 637 2847 qui
649 2789 666 2828 e
679 2768 774 2841 vohis,
788 2769 849 2834 suis
862 2769 970 2849 quique
978 2773 1160 2850 temporibus
1168 2773 1221 2854 ¹jus
1231 2773 1300 2835 dici-

201 2864 257 2934 tis‚·
266 2861 447 2922 sacrosancti
461 2862 530 2936 sint,
544 2871 575 2921 et
588 2881 689 2922 omnes
703 2862 781 2922 cives
795 2863 825 2922 in
846 2867 899 2922 su'a
923 2873 1069 2942 potestate
1089 2865 1230 2942 habeant,
1242 2867 1299 2928 sir‘e

200 2953 333 3028 ducenti,
355 2953 414 3014 sive
434 2953 524 3027 mille,
544 2955 604 3014 sive
625 2959 811 3034 quotcunque
824 2954 942 3035 judices
959 2957 1077 3036 publice
1097 2958 1157 3018 sint
1176 2959 1300 3028 delectis

200 3046 361 3129 reperietis,
371 3067 430 3109 non
450 3046 516 3107 ideo
529 3047 601 3118 fieri,
616 3046 694 3125 qnod
707 3046 761 3107 soli
783 3066 819 3106 es
832 3047 954 3126 reliquis
970 3049 1056 3108 armis
1070 3049 1203 3130 insignes
1211 3041 1247 3112 'et
1258 3053 1300 3111 in·

202 3143 316 3213 structi,
324 3150 375 3200 aut
382 3140 552 3219 corporibus
558 3139 725 3199 lectissimis
734 3138 975 3210 etvalehtiss'imis
981 3141 1101 3220 prediti
1112 3144 1172 3202 sint
1177 3145 1299 3220 judices,

202 3221 352 3294 antestare
364 3230 572 3305 florentissimi,
586 3242 639 3291 aut
651 3231 712 3294 ulla
723 3252 754 3291 re
768 3229 894 3310 denique
910 3232 1008 3304 simili,
1026 3234 1079 3294 sed
1090 3237 1175 3314 'quod
1186 3238 1298 3317 legibus

201 3328 329 3388 valeant.
342 3328 464 3404 =Legum
477 3338 576 3385 autem
585 3325 630 3389 'vis
642 3325 673 3384 in
684 3345 742 3403 quo
753 3323 821 3385 esti
836 3325 944 3384 Utrum
954 3326 984 3384 in
994 3346 1040 3399 eo,
1055 3329 1079 3386 si
1093 3329 1160 3406 quis
1174 3327 1298 3390 vestrum

202 3419 325 3480 affectus
336 3419 447 3496 injuriis
456 3417 634 3489 exclamarit,
644 3428 676 3476 ut
686 3417 757 3497 ipsae
765 3426 921 3476 accurrant
930 3427 961 3477 et
970 3420 1128 3498 praesentia
1140 3442 1197 3483 sua
1210 3424 1299 3503 opitu}

202 3511 320 3574 lentur?
338 3511 433 3570 'Nom
453 3510 568 3569 ·Literae'
580 3511 657 3570 enim
672 3511 753 3583 sunt,
764 3519 796 3569 et
809 3509 954 3588 scriptura
966 3521 1115 3583 constant,
1131 3519 1229 3594 neque
1247 3517 1299 3574 hoc

202 3607 301 3666 faeere
320 3611 455 3686 possunt.
478 3601 513 3658 ln
527 3605 585 3679 quo
600 3601 688 3680 igitur
704 3599 861 3662 earumvis
872 3601 943 3662 'esti
969 3599 1003 3660 ‘si
1017 3623 1071 3663 vos
1082 3607 1137 3664 eas
1151 3595 1305 3667 confirma-⁵

201 3699 282 3770 bitis,
296 3705 327 3758 'et
340 3711 455 3775 semper
477 3703 556 3754 ratas
569 3696 746 3756 'exhibebitis
768 3695 900 3760 omnibus
921 3697 1020 3756 earum
1040 3717 1128 3778 opem
1150 3700 1299 3782 implorati·-

202 3793 292 3852 tibus.
320 3791 366 3850 lta
377 3795 410 3848 et
421 3788 503 3867 leges
518 3806 568 3866 per
583 3791 635 3847 vos
649 3789 739 3846 firmes
754 3791 834 3856 sunt,
849 3799 944 3848 etvos
958 3790 1116 3869 perleges.
1148 3793 1207 3852 Hae
1220 3795 1300 3874 igitur

203 3884 246 3943 ita
266 3879 560 3954 suntdet'endende,
586 3889 620 3941 ut
641 3879 769 3958 seipsum
790 3882 989 3960 unusquisque
1003 3882 1171 3946 sde'fensum
1197 3890 1235 3948 ab
1261 3889 1301 3948 in-

143 3973 146 3980 '
198 3975 277 4054 juris
298 3975 404 4046 vellet,
417 3974 577 4053 legumque
600 3971 773 4035 violationes
794 3973 938 4053 pertinere
961 3973 1000 4034 'ad
1013 3977 1136 4038 'omnes
1152 3989 1224 4041 sunt
1247 3973 1300 4040 eri·

174 4115 179 4131 .
203 4065 371 4136 stimandee,
380 4066 410 4124 in
422 4073 598 4144 quoeunque
620 4063 886 4143 deprehendantur,
902 4085 998 4146 neque
1013 4068 1098 4130 obita
1108 4089 1240 4143 munera,
1254 4093 1301 4133 ne·

202 4175 260 4236 que
280 4153 368 4213 horno
389 4156 474 4227 ullus,
492 4175 587 4234 neque
600 4141 819 4216 calliditas'ulla
831 4157 965 4237 reperiri,¹
979 4168 1032 4219 aut
1052 4161 1217 4242 quicquam
1228 4165 1301 4226 aliud

201 4248 303 4315 debet,
317 4247 395 4323 qood
409 4247 507 4323 legum
521 4249 690 4308 violatorem
702 4268 721 4308 a
733 4249 947 4328 dandispoenis
962 4252 1077 4331 eripiat.

245 4341 295 4401 63.
308 4338 376 4404 ¹(lui
390 4337 621 4420 bacchanalibus
630 4341 661 4402 in
671 4341 817 4403 theatrum
826 4339 1040 4422 ingredientem
1051 4346 1197 4411 'videbatis
1207 4351 1301 4420 istum,
