<?xml version="1.0" encoding="UTF-8"?>
<!DOCTYPE html PUBLIC "-//W3C//DTD XHTML 1.0 Transitional//EN"
    "http://www.w3.org/TR/xhtml1/DTD/xhtml1-transitional.dtd">
<html xmlns="http://www.w3.org/1999/xhtml" xml:lang="en" lang="en">
 <head>
  <title>
</title>
<meta http-equiv="Content-Type" content="text/html;charset=utf-8" />
  <meta name='ocr-system' content='tesseract 3.04.00' />
  <meta name='ocr-capabilities' content='ocr_page ocr_carea ocr_par ocr_line ocrx_word'/>
</head>
<body>
  <div class='ocr_page' id='page_1' title='image "./demosthenisetsc08ulpigoog/demosthenisetsc08ulpigoog_0045.png"; bbox 0 0 2920 4950; ppageno 0'>
   <div class='ocr_carea' id='block_1_1' title="bbox 211 256 991 347">
    <p class='ocr_par' dir='ltr' id='par_1_1' title="bbox 211 256 991 347">
     <span class='ocr_line' id='line_1_1' title="bbox 211 256 991 347; baseline 0.013 -35"><span class='ocrx_word' id='word_1_1' title='bbox 211 262 256 318; x_wconf 78' lang='grc' dir='ltr'><strong>,ιι</strong></span> <span class='ocrx_word' id='word_1_2' title='bbox 446 329 449 337; x_wconf 37' lang='grc'><strong>,</strong></span> <span class='ocrx_word' id='word_1_3' title='bbox 561 256 834 320; x_wconf 74' lang='lat' dir='ltr'><strong>onuurnmca</strong></span> <span class='ocrx_word' id='word_1_4' title='bbox 857 261 886 320; x_wconf 89' lang='grc' dir='ltr'><strong>ιι</strong></span> <span class='ocrx_word' id='word_1_5' title='bbox 906 261 991 347; x_wconf 70' lang='grc' dir='ltr'>(ιιι),</span> 
     </span>
    </p>
   </div>
   <div class='ocr_carea' id='block_1_2' title="bbox 139 427 1345 4490">
    <p class='ocr_par' dir='ltr' id='par_1_2' title="bbox 210 427 1333 3008">
     <span class='ocr_line' id='line_1_2' title="bbox 218 427 1323 492; baseline 0.006 -7"><span class='ocrx_word' id='word_1_6' title='bbox 218 427 261 486; x_wconf 83' lang='lat' dir='ltr'><strong>vis</strong></span> <span class='ocrx_word' id='word_1_7' title='bbox 273 437 370 486; x_wconf 87' lang='lat' dir='ltr'><strong>autem</strong></span> <span class='ocrx_word' id='word_1_8' title='bbox 385 427 440 486; x_wconf 89' lang='lat' dir='ltr'><strong>erit</strong></span> <span class='ocrx_word' id='word_1_9' title='bbox 454 437 484 486; x_wconf 89' lang='lat' dir='ltr'><strong>et</strong></span> <span class='ocrx_word' id='word_1_10' title='bbox 497 439 569 488; x_wconf 90' lang='lat' dir='ltr'><strong>nota</strong></span> <span class='ocrx_word' id='word_1_11' title='bbox 581 427 664 488; x_wconf 85' lang='lat' dir='ltr'><strong>vobis</strong></span> <span class='ocrx_word' id='word_1_12' title='bbox 678 429 787 488; x_wconf 73' lang='lat' dir='ltr'><strong>orado:</strong></span> <span class='ocrx_word' id='word_1_13' title='bbox 805 447 869 488; x_wconf 84' lang='lat' dir='ltr'><strong>non</strong></span> <span class='ocrx_word' id='word_1_14' title='bbox 879 427 1070 490; x_wconf 72' lang='lat' dir='ltr'><strong>enirn‘alienis</strong></span> <span class='ocrx_word' id='word_1_15' title='bbox 1078 447 1131 488; x_wconf 84' lang='lat' dir='ltr'><strong>ros</strong></span> <span class='ocrx_word' id='word_1_16' title='bbox 1142 433 1258 491; x_wconf 82' lang='lat' dir='ltr'><strong>utentes</strong></span> <span class='ocrx_word' id='word_1_17' title='bbox 1266 451 1323 492; x_wconf 81' lang='lat' dir='ltr'><strong>ex-</strong></span> 
     </span>
     <span class='ocr_line' id='line_1_3' title="bbox 219 513 1326 603; baseline 0.006 -25"><span class='ocrx_word' id='word_1_18' title='bbox 219 520 333 597; x_wconf 88' lang='lat' dir='ltr'><strong>emplis,</strong></span> <span class='ocrx_word' id='word_1_19' title='bbox 348 520 402 579; x_wconf 88' lang='lat' dir='ltr'><strong>sed</strong></span> <span class='ocrx_word' id='word_1_20' title='bbox 415 520 595 594; x_wconf 79' lang='lat' dir='ltr'><strong>domesticis,</strong></span> <span class='ocrx_word' id='word_1_21' title='bbox 615 521 821 593; x_wconf 85' lang='lat' dir='ltr'><strong>Athenienses,</strong></span> <span class='ocrx_word' id='word_1_22' title='bbox 830 513 939 580; x_wconf 39' lang='lat' dir='ltr'><strong>‘felices</strong></span> <span class='ocrx_word' id='word_1_23' title='bbox 958 521 1021 580; x_wconf 88' lang='lat' dir='ltr'><strong>fieri</strong></span> <span class='ocrx_word' id='word_1_24' title='bbox 1040 521 1118 581; x_wconf 89' lang='lat' dir='ltr'><strong>licet.</strong></span> <span class='ocrx_word' id='word_1_25' title='bbox 1157 521 1207 588; x_wconf 72' lang='lat' dir='ltr'><strong>:Illi</strong></span> <span class='ocrx_word' id='word_1_26' title='bbox 1223 524 1326 603; x_wconf 66' lang='lat' dir='ltr'><strong>igitur,</strong></span> 
     </span>
     <span class='ocr_line' id='line_1_4' title="bbox 215 613 1329 693; baseline 0.004 -20"><span class='ocrx_word' id='word_1_27' title='bbox 215 613 322 692; x_wconf 89' lang='lat' dir='ltr'><strong>quibus</strong></span> <span class='ocrx_word' id='word_1_28' title='bbox 343 633 403 673; x_wconf 91' lang='lat' dir='ltr'><strong>non</strong></span> <span class='ocrx_word' id='word_1_29' title='bbox 423 613 618 674; x_wconf 79' lang='lat' dir='ltr'><strong>adulabantur</strong></span> <span class='ocrx_word' id='word_1_30' title='bbox 632 625 773 686; x_wconf 86' lang='lat' dir='ltr'><strong>oratores,</strong></span> <span class='ocrx_word' id='word_1_31' title='bbox 787 633 863 693; x_wconf 90' lang='lat' dir='ltr'><strong>quos</strong></span> <span class='ocrx_word' id='word_1_32' title='bbox 883 633 943 672; x_wconf 90' lang='lat' dir='ltr'><strong>non</strong></span> <span class='ocrx_word' id='word_1_33' title='bbox 956 614 998 674; x_wconf 89' lang='lat' dir='ltr'><strong>ita</strong></span> <span class='ocrx_word' id='word_1_34' title='bbox 1011 615 1140 674; x_wconf 75' lang='lat' dir='ltr'>suaviter</span> <span class='ocrx_word' id='word_1_35' title='bbox 1163 619 1329 677; x_wconf 77' lang='lat' dir='ltr'><strong>tractabant</strong></span> 
     </span>
     <span class='ocr_line' id='line_1_5' title="bbox 216 704 1327 786; baseline 0.005 -24"><span class='ocrx_word' id='word_1_36' title='bbox 216 714 250 763; x_wconf 92' lang='lat' dir='ltr'><strong>ut</strong></span> <span class='ocrx_word' id='word_1_37' title='bbox 263 725 315 764; x_wconf 87' lang='lat' dir='ltr'><strong>vos</strong></span> <span class='ocrx_word' id='word_1_38' title='bbox 333 705 382 765; x_wconf 87' lang='lat' dir='ltr'><strong>isti</strong></span> <span class='ocrx_word' id='word_1_39' title='bbox 400 725 489 777; x_wconf 89' lang='lat' dir='ltr'><strong>nunc,</strong></span> <span class='ocrx_word' id='word_1_40' title='bbox 509 707 638 786; x_wconf 89' lang='lat' dir='ltr'><strong>quinque</strong></span> <span class='ocrx_word' id='word_1_41' title='bbox 659 716 689 765; x_wconf 90' lang='lat' dir='ltr'><strong>et</strong></span> <span class='ocrx_word' id='word_1_42' title='bbox 705 704 900 784; x_wconf 89' lang='lat' dir='ltr'><strong>quadraginta</strong></span> <span class='ocrx_word' id='word_1_43' title='bbox 916 724 1009 764; x_wconf 87' lang='lat' dir='ltr'><strong>annos</strong></span> <span class='ocrx_word' id='word_1_44' title='bbox 1028 705 1141 766; x_wconf 87' lang='lat' dir='ltr'><strong>Graecis</strong></span> <span class='ocrx_word' id='word_1_45' title='bbox 1161 707 1327 768; x_wconf 77' lang='lat' dir='ltr'><strong>volentibus</strong></span> 
     </span>
     <span class='ocr_line' id='line_1_6' title="bbox 217 796 1327 876; baseline 0.005 -23"><span class='ocrx_word' id='word_1_46' title='bbox 217 796 405 876; x_wconf 90' lang='lat' dir='ltr'><strong>imperarunt,</strong></span> <span class='ocrx_word' id='word_1_47' title='bbox 426 797 552 875; x_wconf 88' lang='lat' dir='ltr'><strong>amplius</strong></span> <span class='ocrx_word' id='word_1_48' title='bbox 574 798 673 859; x_wconf 84' lang='lat' dir='ltr'><strong>decies</strong></span> <span class='ocrx_word' id='word_1_49' title='bbox 691 797 770 857; x_wconf 90' lang='lat' dir='ltr'><strong>mille</strong></span> <span class='ocrx_word' id='word_1_50' title='bbox 793 797 906 856; x_wconf 88' lang='lat' dir='ltr'><strong>talenta</strong></span> <span class='ocrx_word' id='word_1_51' title='bbox 927 797 958 854; x_wconf 94' lang='lat' dir='ltr'><strong>in</strong></span> <span class='ocrx_word' id='word_1_52' title='bbox 981 815 1078 856; x_wconf 88' lang='lat' dir='ltr'><strong>arcem</strong></span> <span class='ocrx_word' id='word_1_53' title='bbox 1101 797 1271 872; x_wconf 88' lang='lat' dir='ltr'><strong>retulerunt,</strong></span> <span class='ocrx_word' id='word_1_54' title='bbox 1295 809 1327 858; x_wconf 89' lang='lat' dir='ltr'><strong>et</strong></span> 
     </span>
     <span class='ocr_line' id='line_1_7' title="bbox 216 879 1325 969; baseline 0.003 -22"><span class='ocrx_word' id='word_1_55' title='bbox 216 909 314 968; x_wconf 88' lang='lat' dir='ltr'><strong>regem</strong></span> <span class='ocrx_word' id='word_1_56' title='bbox 324 889 448 969; x_wconf 89' lang='lat' dir='ltr'><strong>hujusce</strong></span> <span class='ocrx_word' id='word_1_57' title='bbox 458 879 645 950; x_wconf 82' lang='lat' dir='ltr'><strong>Macedoniae</strong></span> <span class='ocrx_word' id='word_1_58' title='bbox 659 888 738 949; x_wconf 87' lang='lat' dir='ltr'><strong>dicto</strong></span> <span class='ocrx_word' id='word_1_59' title='bbox 753 889 920 949; x_wconf 84' lang='lat' dir='ltr'>audientem</span> <span class='ocrx_word' id='word_1_60' title='bbox 930 889 1106 962; x_wconf 85' lang='lat' dir='ltr'><strong>habuerunt,</strong></span> <span class='ocrx_word' id='word_1_61' title='bbox 1117 890 1193 950; x_wconf 90' lang='lat' dir='ltr'><strong>sicut</strong></span> <span class='ocrx_word' id='word_1_62' title='bbox 1205 910 1325 968; x_wconf 83' lang='lat' dir='ltr'><strong>oequurn</strong></span> 
     </span>
     <span class='ocr_line' id='line_1_8' title="bbox 218 982 1325 1064; baseline 0.003 -24"><span class='ocrx_word' id='word_1_63' title='bbox 218 992 264 1041; x_wconf 90' lang='lat' dir='ltr'><strong>est</strong></span> <span class='ocrx_word' id='word_1_64' title='bbox 295 1003 395 1063; x_wconf 89' lang='lat' dir='ltr'><strong>parere</strong></span> <span class='ocrx_word' id='word_1_65' title='bbox 425 982 539 1042; x_wconf 84' lang='lat' dir='ltr'><strong>Graecis</strong></span> <span class='ocrx_word' id='word_1_66' title='bbox 571 984 737 1054; x_wconf 87' lang='lat' dir='ltr'><strong>barbarum,</strong></span> <span class='ocrx_word' id='word_1_67' title='bbox 759 983 853 1042; x_wconf 87' lang='lat' dir='ltr'><strong>multa</strong></span> <span class='ocrx_word' id='word_1_68' title='bbox 874 992 970 1044; x_wconf 87' lang='lat' dir='ltr'><strong>autem</strong></span> <span class='ocrx_word' id='word_1_69' title='bbox 993 983 1193 1062; x_wconf 86' lang='lat' dir='ltr'><strong>praeclaraque</strong></span> <span class='ocrx_word' id='word_1_70' title='bbox 1213 993 1325 1064; x_wconf 83' lang='lat' dir='ltr'><strong>tropaea</strong></span> 
     </span>
     <span class='ocr_line' id='line_1_9' title="bbox 218 1075 1325 1154; baseline 0.002 -20"><span class='ocrx_word' id='word_1_71' title='bbox 218 1085 295 1136; x_wconf 86' lang='lat' dir='ltr'><strong>terra</strong></span> <span class='ocrx_word' id='word_1_72' title='bbox 308 1077 436 1154; x_wconf 89' lang='lat' dir='ltr'><strong>marique</strong></span> <span class='ocrx_word' id='word_1_73' title='bbox 447 1085 532 1154; x_wconf 88' lang='lat' dir='ltr'><strong>parta</strong></span> <span class='ocrx_word' id='word_1_74' title='bbox 541 1083 708 1148; x_wconf 86' lang='lat' dir='ltr'><strong>erexerunt,</strong></span> <span class='ocrx_word' id='word_1_75' title='bbox 723 1095 790 1134; x_wconf 83' lang='lat' dir='ltr'><strong>curn</strong></span> <span class='ocrx_word' id='word_1_76' title='bbox 810 1075 864 1154; x_wconf 91' lang='lat' dir='ltr'><strong>ipsi</strong></span> <span class='ocrx_word' id='word_1_77' title='bbox 891 1075 1060 1148; x_wconf 86' lang='lat' dir='ltr'><strong>militarent,</strong></span> <span class='ocrx_word' id='word_1_78' title='bbox 1081 1085 1111 1134; x_wconf 89' lang='lat' dir='ltr'><strong>et</strong></span> <span class='ocrx_word' id='word_1_79' title='bbox 1126 1075 1180 1134; x_wconf 91' lang='lat' dir='ltr'><strong>soli</strong></span> <span class='ocrx_word' id='word_1_80' title='bbox 1195 1077 1325 1136; x_wconf 86' lang='lat' dir='ltr'><strong>mortali-</strong></span> 
     </span>
     <span class='ocr_line' id='line_1_10' title="bbox 218 1169 1325 1249; baseline 0.001 -20"><span class='ocrx_word' id='word_1_81' title='bbox 218 1188 269 1229; x_wconf 90' lang='lat' dir='ltr'><strong>um</strong></span> <span class='ocrx_word' id='word_1_82' title='bbox 284 1190 380 1230; x_wconf 88' lang='lat' dir='ltr'><strong>rerum</strong></span> <span class='ocrx_word' id='word_1_83' title='bbox 396 1179 544 1249; x_wconf 85' lang='lat' dir='ltr'><strong>gestarum</strong></span> <span class='ocrx_word' id='word_1_84' title='bbox 556 1170 677 1248; x_wconf 84' lang='lat' dir='ltr'><strong>gloriam</strong></span> <span class='ocrx_word' id='word_1_85' title='bbox 690 1169 799 1229; x_wconf 87' lang='lat' dir='ltr'><strong>invidia</strong></span> <span class='ocrx_word' id='word_1_86' title='bbox 809 1169 948 1249; x_wconf 88' lang='lat' dir='ltr'><strong>majorem</strong></span> <span class='ocrx_word' id='word_1_87' title='bbox 959 1169 1147 1248; x_wconf 87' lang='lat' dir='ltr'><strong>reliquerunt</strong></span> <span class='ocrx_word' id='word_1_88' title='bbox 1189 1170 1224 1228; x_wconf 93' lang='lat' dir='ltr'><strong>In</strong></span> <span class='ocrx_word' id='word_1_89' title='bbox 1235 1173 1325 1233; x_wconf 84' lang='lat' dir='ltr'><strong>rebus</strong></span> 
     </span>
     <span class='ocr_line' id='line_1_11' title="bbox 210 1260 1325 1354; baseline 0.004 -34"><span class='ocrx_word' id='word_1_90' title='bbox 210 1265 307 1342; x_wconf 81' lang='lat' dir='ltr'><strong>igitur</strong></span> <span class='ocrx_word' id='word_1_91' title='bbox 321 1263 501 1323; x_wconf 87' lang='lat' dir='ltr'><strong>Graecanicis</strong></span> <span class='ocrx_word' id='word_1_92' title='bbox 515 1263 591 1348; x_wconf 85' lang='lat' dir='ltr'><strong>tales</strong></span> <span class='ocrx_word' id='word_1_93' title='bbox 603 1264 738 1322; x_wconf 84' lang='lat' dir='ltr'><strong>sueruntr</strong></span> <span class='ocrx_word' id='word_1_94' title='bbox 761 1260 839 1320; x_wconf 89' lang='lat' dir='ltr'><strong>domi</strong></span> <span class='ocrx_word' id='word_1_95' title='bbox 851 1281 931 1334; x_wconf 83' lang='lat' dir='ltr'><strong>vero,</strong></span> <span class='ocrx_word' id='word_1_96' title='bbox 943 1280 1010 1322; x_wconf 89' lang='lat' dir='ltr'><strong>cnm</strong></span> <span class='ocrx_word' id='word_1_97' title='bbox 1018 1262 1145 1342; x_wconf 86' lang='lat' dir='ltr'><strong>publice</strong></span> <span class='ocrx_word' id='word_1_98' title='bbox 1156 1272 1219 1324; x_wconf 89' lang='lat' dir='ltr'><strong>tum</strong></span> <span class='ocrx_word' id='word_1_99' title='bbox 1225 1265 1325 1354; x_wconf 86' lang='lat' dir='ltr'><strong>priva·</strong></span> 
     </span>
     <span class='ocr_line' id='line_1_12' title="bbox 216 1345 1326 1435; baseline 0.004 -21"><span class='ocrx_word' id='word_1_100' title='bbox 216 1356 279 1428; x_wconf 92' lang='lat' dir='ltr'><strong>tim,</strong></span> <span class='ocrx_word' id='word_1_101' title='bbox 294 1366 375 1435; x_wconf 89' lang='lat' dir='ltr'><strong>spect</strong></span> <span class='ocrx_word' id='word_1_102' title='bbox 363 1364 423 1416; x_wconf 89' lang='lat' dir='ltr'><strong>tate</strong></span> <span class='ocrx_word' id='word_1_103' title='bbox 436 1355 552 1433; x_wconf 86' lang='lat' dir='ltr'><strong>quales</strong></span> <span class='ocrx_word' id='word_1_104' title='bbox 591 1354 734 1416; x_wconf 83' lang='lat' dir='ltr'>Publice</span> <span class='ocrx_word' id='word_1_105' title='bbox 726 1353 834 1434; x_wconf 81' lang='lat' dir='ltr'><strong>igitur</strong></span> <span class='ocrx_word' id='word_1_106' title='bbox 829 1354 954 1414; x_wconf 82' lang='lat' dir='ltr'><strong>aedificia</strong></span> <span class='ocrx_word' id='word_1_107' title='bbox 967 1364 999 1415; x_wconf 91' lang='lat' dir='ltr'><strong>et</strong></span> <span class='ocrx_word' id='word_1_108' title='bbox 1012 1359 1181 1415; x_wconf 87' lang='lat' dir='ltr'><strong>ornamenta</strong></span> <span class='ocrx_word' id='word_1_109' title='bbox 1202 1345 1275 1417; x_wconf 81' lang='lat' dir='ltr'><strong>talia</strong></span> <span class='ocrx_word' id='word_1_110' title='bbox 1291 1368 1326 1418; x_wconf 89' lang='lat' dir='ltr'><strong>et</strong></span> 
     </span>
     <span class='ocr_line' id='line_1_13' title="bbox 216 1446 1328 1534; baseline 0.001 -26"><span class='ocrx_word' id='word_1_111' title='bbox 216 1457 299 1508; x_wconf 88' lang='lat' dir='ltr'><strong>tanta</strong></span> <span class='ocrx_word' id='word_1_112' title='bbox 310 1449 473 1508; x_wconf 82' lang='lat' dir='ltr'><strong>instruxere</strong></span> <span class='ocrx_word' id='word_1_113' title='bbox 481 1448 565 1506; x_wconf 91' lang='lat' dir='ltr'><strong>nobis</strong></span> <span class='ocrx_word' id='word_1_114' title='bbox 575 1448 710 1506; x_wconf 81' lang='lat' dir='ltr'><strong>fanorum</strong></span> <span class='ocrx_word' id='word_1_115' title='bbox 718 1457 748 1506; x_wconf 89' lang='lat' dir='ltr'><strong>et</strong></span> <span class='ocrx_word' id='word_1_116' title='bbox 758 1466 825 1526; x_wconf 81' lang='lat' dir='ltr'><strong>quoe</strong></span> <span class='ocrx_word' id='word_1_117' title='bbox 833 1447 879 1506; x_wconf 89' lang='lat' dir='ltr'><strong>his</strong></span> <span class='ocrx_word' id='word_1_118' title='bbox 889 1448 1077 1534; x_wconf 84' lang='lat' dir='ltr'><strong>continentur</strong></span> <span class='ocrx_word' id='word_1_119' title='bbox 1085 1446 1282 1521; x_wconf 82' lang='lat' dir='ltr'><strong>donariorum,</strong></span> <span class='ocrx_word' id='word_1_120' title='bbox 1288 1460 1328 1510; x_wconf 90' lang='grc' dir='ltr'><strong>ιιι</strong></span> 
     </span>
     <span class='ocr_line' id='line_1_14' title="bbox 217 1515 1326 1620; baseline 0.004 -20"><span class='ocrx_word' id='word_1_121' title='bbox 217 1541 373 1620; x_wconf 86' lang='lat' dir='ltr'><strong>aposteris</strong></span> <span class='ocrx_word' id='word_1_122' title='bbox 386 1541 517 1620; x_wconf 89' lang='lat' dir='ltr'><strong>superari</strong></span> <span class='ocrx_word' id='word_1_123' title='bbox 527 1549 655 1618; x_wconf 88' lang='lat' dir='ltr'><strong>nequeat</strong></span> <span class='ocrx_word' id='word_1_124' title='bbox 664 1538 779 1599; x_wconf 89' lang='lat' dir='ltr'><strong>illorum</strong></span> <span class='ocrx_word' id='word_1_125' title='bbox 790 1539 981 1608; x_wconf 68' lang='lat' dir='ltr'><strong>excellenter</strong></span> <span class='ocrx_word' id='word_1_126' title='bbox 993 1515 1127 1619; x_wconf 85' lang='lat' dir='ltr'><strong>privatim</strong></span> <span class='ocrx_word' id='word_1_127' title='bbox 1136 1550 1233 1600; x_wconf 84' lang='lat' dir='ltr'><strong>eutem</strong></span> <span class='ocrx_word' id='word_1_128' title='bbox 1248 1537 1326 1604; x_wconf 77' lang='lat' dir='ltr'><strong>adeo</strong></span> 
     </span>
     <span class='ocr_line' id='line_1_15' title="bbox 216 1615 1325 1712; baseline 0 -18"><span class='ocrx_word' id='word_1_129' title='bbox 216 1635 342 1694; x_wconf 84' lang='lat' dir='ltr'><strong>modesti</strong></span> <span class='ocrx_word' id='word_1_130' title='bbox 360 1634 477 1694; x_wconf 87' lang='lat' dir='ltr'><strong>fuerunt</strong></span> <span class='ocrx_word' id='word_1_131' title='bbox 500 1641 642 1712; x_wconf 86' lang='lat' dir='ltr'><strong>tantaque</strong></span> <span class='ocrx_word' id='word_1_132' title='bbox 662 1652 734 1700; x_wconf 86' lang='lat' dir='ltr'><strong>cura</strong></span> <span class='ocrx_word' id='word_1_133' title='bbox 751 1615 917 1692; x_wconf 87' lang='lat' dir='ltr'><strong>institutum</strong></span> <span class='ocrx_word' id='word_1_134' title='bbox 936 1632 1104 1711; x_wconf 67' lang='lat' dir='ltr'><strong>reipublice</strong></span> <span class='ocrx_word' id='word_1_135' title='bbox 1123 1634 1325 1710; x_wconf 87' lang='lat' dir='ltr'><strong>observarunt,</strong></span> 
     </span>
     <span class='ocr_line' id='line_1_16' title="bbox 216 1713 1326 1807; baseline 0 -20"><span class='ocrx_word' id='word_1_136' title='bbox 216 1737 250 1787; x_wconf 90' lang='lat' dir='ltr'><strong>ut</strong></span> <span class='ocrx_word' id='word_1_137' title='bbox 263 1729 286 1787; x_wconf 90' lang='lat' dir='ltr'><strong>si</strong></span> <span class='ocrx_word' id='word_1_138' title='bbox 300 1729 363 1807; x_wconf 88' lang='lat' dir='ltr'><strong>quis</strong></span> <span class='ocrx_word' id='word_1_139' title='bbox 375 1728 451 1787; x_wconf 82' lang='lat' dir='ltr'><strong>forte</strong></span> <span class='ocrx_word' id='word_1_140' title='bbox 464 1735 593 1786; x_wconf 86' lang='lat' dir='ltr'><strong>vestrum</strong></span> <span class='ocrx_word' id='word_1_141' title='bbox 608 1725 745 1784; x_wconf 85' lang='lat' dir='ltr'><strong>Aristidis</strong></span> <span class='ocrx_word' id='word_1_142' title='bbox 759 1734 789 1784; x_wconf 89' lang='lat' dir='ltr'><strong>et</strong></span> <span class='ocrx_word' id='word_1_143' title='bbox 804 1724 948 1786; x_wconf 79' lang='lat' dir='ltr'><strong>Miltiadis</strong></span> <span class='ocrx_word' id='word_1_144' title='bbox 962 1735 993 1784; x_wconf 91' lang='lat' dir='ltr'><strong>et</strong></span> <span class='ocrx_word' id='word_1_145' title='bbox 1003 1713 1080 1804; x_wconf 77' lang='lat' dir='ltr'><strong>illius</strong></span> <span class='ocrx_word' id='word_1_146' title='bbox 1094 1721 1189 1785; x_wconf 82' lang='lat' dir='ltr'><strong>aetatis</strong></span> <span class='ocrx_word' id='word_1_147' title='bbox 1203 1725 1326 1786; x_wconf 90' lang='lat' dir='ltr'><strong>illustri-</strong></span> 
     </span>
     <span class='ocr_line' id='line_1_17' title="bbox 218 1816 1324 1898; baseline -0.001 -19"><span class='ocrx_word' id='word_1_148' title='bbox 218 1841 268 1879; x_wconf 89' lang='lat' dir='ltr'><strong>um</strong></span> <span class='ocrx_word' id='word_1_149' title='bbox 281 1818 431 1878; x_wconf 90' lang='lat' dir='ltr'><strong>hominum</strong></span> <span class='ocrx_word' id='word_1_150' title='bbox 445 1818 524 1879; x_wconf 82' lang='lat' dir='ltr'><strong>aedes</strong></span> <span class='ocrx_word' id='word_1_151' title='bbox 538 1819 619 1877; x_wconf 84' lang='lat' dir='ltr'><strong>novit</strong></span> <span class='ocrx_word' id='word_1_152' title='bbox 631 1837 698 1897; x_wconf 87' lang='lat' dir='ltr'><strong>quae</strong></span> <span class='ocrx_word' id='word_1_153' title='bbox 720 1819 788 1888; x_wconf 87' lang='lat' dir='ltr'><strong>sint,</strong></span> <span class='ocrx_word' id='word_1_154' title='bbox 802 1817 889 1877; x_wconf 82' lang='lat' dir='ltr'><strong>ricini</strong></span> <span class='ocrx_word' id='word_1_155' title='bbox 904 1817 1018 1877; x_wconf 88' lang='lat' dir='ltr'><strong>aedibus</strong></span> <span class='ocrx_word' id='word_1_156' title='bbox 1040 1816 1131 1878; x_wconf 91' lang='lat' dir='ltr'><strong>nihilo</strong></span> <span class='ocrx_word' id='word_1_157' title='bbox 1143 1837 1211 1879; x_wconf 88' lang='lat' dir='ltr'><strong>esse</strong></span> <span class='ocrx_word' id='word_1_158' title='bbox 1225 1819 1324 1898; x_wconf 90' lang='lat' dir='ltr'><strong>splen-</strong></span> 
     </span>
     <span class='ocr_line' id='line_1_18' title="bbox 217 1902 1331 1991; baseline 0.001 -20"><span class='ocrx_word' id='word_1_159' title='bbox 217 1912 346 1972; x_wconf 86' lang='lat' dir='ltr'><strong>didiores</strong></span> <span class='ocrx_word' id='word_1_160' title='bbox 360 1902 475 1973; x_wconf 83' lang='lat' dir='ltr'><strong>videat:</strong></span> <span class='ocrx_word' id='word_1_161' title='bbox 497 1931 593 1991; x_wconf 89' lang='lat' dir='ltr'><strong>neque</strong></span> <span class='ocrx_word' id='word_1_162' title='bbox 607 1913 686 1970; x_wconf 91' lang='lat' dir='ltr'><strong>enirn</strong></span> <span class='ocrx_word' id='word_1_163' title='bbox 700 1911 746 1970; x_wconf 89' lang='lat' dir='ltr'><strong>rei·</strong></span> <span class='ocrx_word' id='word_1_164' title='bbox 754 1909 903 1970; x_wconf 83' lang='lat' dir='ltr'><strong>familiaris</strong></span> <span class='ocrx_word' id='word_1_165' title='bbox 913 1910 1126 1990; x_wconf 77' lang='lat' dir='ltr'><strong>amplificandae</strong></span> <span class='ocrx_word' id='word_1_166' title='bbox 1138 1911 1233 1991; x_wconf 87' lang='lat' dir='ltr'><strong>gratia</strong></span> <span class='ocrx_word' id='word_1_167' title='bbox 1246 1931 1331 1972; x_wconf 47' lang='lat' dir='ltr'><strong>rem-¹</strong></span> 
     </span>
     <span class='ocr_line' id='line_1_19' title="bbox 216 2003 1323 2086; baseline 0.001 -22"><span class='ocrx_word' id='word_1_168' title='bbox 216 2006 365 2084; x_wconf 89' lang='lat' dir='ltr'><strong>publicam</strong></span> <span class='ocrx_word' id='word_1_169' title='bbox 379 2007 531 2084; x_wconf 77' lang='lat' dir='ltr'><strong>gerebant,</strong></span> <span class='ocrx_word' id='word_1_170' title='bbox 540 2004 591 2064; x_wconf 89' lang='lat' dir='ltr'><strong>sed</strong></span> <span class='ocrx_word' id='word_1_171' title='bbox 601 2004 727 2086; x_wconf 91' lang='lat' dir='ltr'><strong>quisque</strong></span> <span class='ocrx_word' id='word_1_172' title='bbox 742 2003 1062 2086; x_wconf 85' lang='lat' dir='ltr'><strong>sibiremcommunem</strong></span> <span class='ocrx_word' id='word_1_173' title='bbox 1076 2005 1242 2084; x_wconf 87' lang='lat' dir='ltr'><strong>augendam</strong></span> <span class='ocrx_word' id='word_1_174' title='bbox 1256 2025 1323 2065; x_wconf 93' lang='lat' dir='ltr'><strong>esse</strong></span> 
     </span>
     <span class='ocr_line' id='line_1_20' title="bbox 216 2095 1323 2176; baseline 0.003 -22"><span class='ocrx_word' id='word_1_175' title='bbox 216 2099 348 2176; x_wconf 86' lang='lat' dir='ltr'><strong>putabat.</strong></span> <span class='ocrx_word' id='word_1_176' title='bbox 381 2097 426 2155; x_wconf 83' lang='lat' dir='ltr'><strong>&#39;Er</strong></span> <span class='ocrx_word' id='word_1_177' title='bbox 441 2117 477 2156; x_wconf 90' lang='lat' dir='ltr'><strong>eo</strong></span> <span class='ocrx_word' id='word_1_178' title='bbox 491 2107 591 2156; x_wconf 88' lang='lat' dir='ltr'><strong>autern</strong></span> <span class='ocrx_word' id='word_1_179' title='bbox 599 2096 680 2175; x_wconf 93' lang='lat' dir='ltr'><strong>quod</strong></span> <span class='ocrx_word' id='word_1_180' title='bbox 688 2115 734 2154; x_wconf 91' lang='lat' dir='ltr'><strong>res</strong></span> <span class='ocrx_word' id='word_1_181' title='bbox 744 2095 916 2155; x_wconf 83' lang='lat' dir='ltr'><strong>Groecorum</strong></span> <span class='ocrx_word' id='word_1_182' title='bbox 925 2095 1060 2166; x_wconf 89' lang='lat' dir='ltr'><strong>fideliter,</strong></span> <span class='ocrx_word' id='word_1_183' title='bbox 1072 2096 1241 2175; x_wconf 82' lang='lat' dir='ltr'><strong>religionem</strong></span> <span class='ocrx_word' id='word_1_184' title='bbox 1250 2098 1323 2158; x_wconf 91' lang='lat' dir='ltr'><strong>deo-</strong></span> 
     </span>
     <span class='ocr_line' id='line_1_21' title="bbox 216 2188 1332 2269; baseline 0.002 -19"><span class='ocrx_word' id='word_1_185' title='bbox 216 2211 282 2250; x_wconf 87' lang='lat' dir='ltr'><strong>rnm</strong></span> <span class='ocrx_word' id='word_1_186' title='bbox 295 2190 500 2250; x_wconf 82' lang='lat' dir='ltr'><strong>immortalium</strong></span> <span class='ocrx_word' id='word_1_187' title='bbox 515 2191 571 2269; x_wconf 90' lang='lat' dir='ltr'><strong>pie,</strong></span> <span class='ocrx_word' id='word_1_188' title='bbox 584 2189 758 2250; x_wconf 89' lang='lat' dir='ltr'><strong>commercia</strong></span> <span class='ocrx_word' id='word_1_189' title='bbox 771 2189 847 2248; x_wconf 90' lang='lat' dir='ltr'><strong>inter</strong></span> <span class='ocrx_word' id='word_1_190' title='bbox 857 2189 938 2269; x_wconf 89' lang='lat' dir='ltr'><strong>ipsos</strong></span> <span class='ocrx_word' id='word_1_191' title='bbox 949 2188 1129 2266; x_wconf 83' lang='lat' dir='ltr'><strong>aequabiliter</strong></span> <span class='ocrx_word' id='word_1_192' title='bbox 1138 2190 1332 2252; x_wconf 77' lang='lat' dir='ltr'><strong>administra·&#39;</strong></span> 
     </span>
     <span class='ocr_line' id='line_1_22' title="bbox 218 2279 1332 2363; baseline 0.002 -21"><span class='ocrx_word' id='word_1_193' title='bbox 218 2292 293 2356; x_wconf 89' lang='lat' dir='ltr'><strong>rent,</strong></span> <span class='ocrx_word' id='word_1_194' title='bbox 308 2301 368 2340; x_wconf 91' lang='lat' dir='ltr'><strong>non</strong></span> <span class='ocrx_word' id='word_1_195' title='bbox 383 2282 489 2358; x_wconf 85' lang='lat' dir='ltr'><strong>injuria</strong></span> <span class='ocrx_word' id='word_1_196' title='bbox 506 2279 643 2360; x_wconf 85' lang='lat' dir='ltr'><strong>magnam</strong></span> <span class='ocrx_word' id='word_1_197' title='bbox 659 2281 714 2342; x_wconf 88' lang='lat' dir='ltr'><strong>sibi</strong></span> <span class='ocrx_word' id='word_1_198' title='bbox 726 2281 897 2341; x_wconf 81' lang='lat' dir='ltr'><strong>&#39;felicitatem</strong></span> <span class='ocrx_word' id='word_1_199' title='bbox 912 2290 1095 2360; x_wconf 87' lang='lat' dir='ltr'><strong>pepererunt.</strong></span> <span class='ocrx_word' id='word_1_200' title='bbox 1137 2282 1220 2342; x_wconf 86' lang='lat' dir='ltr'><strong>Tunc</strong></span> <span class='ocrx_word' id='word_1_201' title='bbox 1233 2283 1332 2363; x_wconf 86' lang='lat' dir='ltr'><strong>igitur·</strong></span> 
     </span>
     <span class='ocr_line' id='line_1_23' title="bbox 216 2372 1333 2452; baseline 0.004 -18"><span class='ocrx_word' id='word_1_202' title='bbox 216 2374 255 2434; x_wconf 89' lang='lat' dir='ltr'><strong>ad</strong></span> <span class='ocrx_word' id='word_1_203' title='bbox 268 2375 348 2434; x_wconf 86' lang='lat' dir='ltr'><strong>hunc</strong></span> <span class='ocrx_word' id='word_1_204' title='bbox 359 2375 491 2447; x_wconf 89' lang='lat' dir='ltr'><strong>modum,</strong></span> <span class='ocrx_word' id='word_1_205' title='bbox 506 2374 576 2433; x_wconf 83' lang='lat' dir='ltr'><strong>drrm</strong></span> <span class='ocrx_word' id='word_1_206' title='bbox 586 2373 628 2432; x_wconf 94' lang='lat' dir='ltr'><strong>illi</strong></span> <span class='ocrx_word' id='word_1_207' title='bbox 643 2393 716 2452; x_wconf 88' lang='lat' dir='ltr'><strong>quos</strong></span> <span class='ocrx_word' id='word_1_208' title='bbox 731 2372 791 2434; x_wconf 86' lang='lat' dir='ltr'><strong>dixi</strong></span> <span class='ocrx_word' id='word_1_209' title='bbox 805 2393 928 2434; x_wconf 72' lang='lat' dir='ltr'><strong>summae</strong></span> <span class='ocrx_word' id='word_1_210' title='bbox 942 2373 1274 2452; x_wconf 81' lang='lat' dir='ltr'><strong>reipublicaepraeerant,</strong></span> <span class='ocrx_word' id='word_1_211' title='bbox 1288 2397 1333 2438; x_wconf 86' lang='lat' dir='ltr'><strong>ae·-</strong></span> 
     </span>
     <span class='ocr_line' id='line_1_24' title="bbox 216 2463 1323 2547; baseline 0.005 -22"><span class='ocrx_word' id='word_1_212' title='bbox 216 2487 261 2526; x_wconf 92' lang='lat' dir='ltr'><strong>res</strong></span> <span class='ocrx_word' id='word_1_213' title='bbox 278 2467 463 2526; x_wconf 88' lang='lat' dir='ltr'><strong>habuerunt:</strong></span> <span class='ocrx_word' id='word_1_214' title='bbox 492 2486 582 2539; x_wconf 89' lang='lat' dir='ltr'><strong>nunc,</strong></span> <span class='ocrx_word' id='word_1_215' title='bbox 595 2465 666 2523; x_wconf 93' lang='lat' dir='ltr'><strong>dum</strong></span> <span class='ocrx_word' id='word_1_216' title='bbox 680 2466 752 2524; x_wconf 92' lang='lat' dir='ltr'><strong>boni</strong></span> <span class='ocrx_word' id='word_1_217' title='bbox 765 2465 812 2522; x_wconf 89' lang='lat' dir='ltr'><strong>isti</strong></span> <span class='ocrx_word' id='word_1_218' title='bbox 823 2473 969 2543; x_wconf 80' lang='lat' dir='ltr'><strong>praesunt,</strong></span> <span class='ocrx_word' id='word_1_219' title='bbox 979 2463 1148 2547; x_wconf 78' lang='lat' dir='ltr'><strong>quisrerunr</strong></span> <span class='ocrx_word' id='word_1_220' title='bbox 1159 2479 1323 2530; x_wconf 84' lang='lat' dir='ltr'><strong>vestrarum</strong></span> 
     </span>
     <span class='ocr_line' id='line_1_25' title="bbox 218 2555 1322 2662; baseline 0.001 -41"><span class='ocrx_word' id='word_1_221' title='bbox 218 2570 313 2621; x_wconf 88' lang='lat' dir='ltr'><strong>status</strong></span> <span class='ocrx_word' id='word_1_222' title='bbox 327 2558 393 2618; x_wconf 71' lang='lat' dir='ltr'><strong>est?</strong></span> <span class='ocrx_word' id='word_1_223' title='bbox 415 2578 453 2618; x_wconf 91' lang='lat' dir='ltr'><strong>an</strong></span> <span class='ocrx_word' id='word_1_224' title='bbox 472 2557 572 2618; x_wconf 89' lang='lat' dir='ltr'><strong>similis</strong></span> <span class='ocrx_word' id='word_1_225' title='bbox 587 2567 632 2616; x_wconf 90' lang='lat' dir='ltr'><strong>est</strong></span> <span class='ocrx_word' id='word_1_226' title='bbox 651 2566 703 2615; x_wconf 89' lang='lat' dir='ltr'><strong>aut</strong></span> <span class='ocrx_word' id='word_1_227' title='bbox 724 2575 815 2662; x_wconf 86' lang='lat' dir='ltr'><strong>prope</strong></span> <span class='ocrx_word' id='word_1_228' title='bbox 835 2555 973 2634; x_wconf 72' lang='lat' dir='ltr'><strong>attingit?</strong></span> <span class='ocrx_word' id='word_1_229' title='bbox 1006 2556 1053 2614; x_wconf 72' lang='lat' dir='ltr'><strong>Ac</strong></span> <span class='ocrx_word' id='word_1_230' title='bbox 1073 2566 1180 2618; x_wconf 86' lang='lat' dir='ltr'><strong>caetera</strong></span> <span class='ocrx_word' id='word_1_231' title='bbox 1202 2561 1322 2639; x_wconf 88' lang='lat' dir='ltr'><strong>quidem</strong></span> 
     </span>
     <span class='ocr_line' id='line_1_26' title="bbox 217 2641 1323 2730; baseline -0.001 -15"><span class='ocrx_word' id='word_1_232' title='bbox 217 2665 315 2727; x_wconf 71' lang='lat' dir='ltr'><strong>mccc,</strong></span> <span class='ocrx_word' id='word_1_233' title='bbox 327 2672 394 2712; x_wconf 90' lang='lat' dir='ltr'><strong>cum</strong></span> <span class='ocrx_word' id='word_1_234' title='bbox 410 2641 502 2711; x_wconf 86' lang='lat' dir='ltr'><strong>inulta</strong></span> <span class='ocrx_word' id='word_1_235' title='bbox 515 2650 644 2730; x_wconf 85' lang='lat' dir='ltr'><strong>proferre</strong></span> <span class='ocrx_word' id='word_1_236' title='bbox 657 2649 782 2729; x_wconf 88' lang='lat' dir='ltr'><strong>possim:</strong></span> <span class='ocrx_word' id='word_1_237' title='bbox 804 2650 857 2708; x_wconf 87' lang='lat' dir='ltr'><strong>sed</strong></span> <span class='ocrx_word' id='word_1_238' title='bbox 870 2668 1037 2729; x_wconf 89' lang='lat' dir='ltr'><strong>quanquam</strong></span> <span class='ocrx_word' id='word_1_239' title='bbox 1050 2650 1081 2708; x_wconf 91' lang='lat' dir='ltr'><strong>in</strong></span> <span class='ocrx_word' id='word_1_240' title='bbox 1094 2659 1207 2710; x_wconf 87' lang='lat' dir='ltr'><strong>tantam</strong></span> <span class='ocrx_word' id='word_1_241' title='bbox 1218 2653 1323 2716; x_wconf 88' lang='lat' dir='ltr'><strong>incidi-</strong></span> 
     </span>
     <span class='ocr_line' id='line_1_27' title="bbox 218 2741 1329 2828; baseline 0.001 -21"><span class='ocrx_word' id='word_1_242' title='bbox 218 2767 283 2807; x_wconf 87' lang='lat' dir='ltr'><strong>mus</strong></span> <span class='ocrx_word' id='word_1_243' title='bbox 299 2745 487 2805; x_wconf 87' lang='lat' dir='ltr'><strong>solitudinem</strong></span> <span class='ocrx_word' id='word_1_244' title='bbox 502 2752 593 2826; x_wconf 87' lang='lat' dir='ltr'><strong>quant</strong></span> <span class='ocrx_word' id='word_1_245' title='bbox 594 2761 641 2801; x_wconf 89' lang='lat' dir='ltr'><strong>arn</strong></span> <span class='ocrx_word' id='word_1_246' title='bbox 654 2742 760 2802; x_wconf 83' lang='lat' dir='ltr'><strong>videtis</strong></span> <span class='ocrx_word' id='word_1_247' title='bbox 775 2761 889 2819; x_wconf 84' lang='lat' dir='ltr'><strong>omnes,</strong></span> <span class='ocrx_word' id='word_1_248' title='bbox 904 2761 970 2800; x_wconf 88' lang='lat' dir='ltr'><strong>cum</strong></span> <span class='ocrx_word' id='word_1_249' title='bbox 984 2751 1014 2800; x_wconf 89' lang='lat' dir='ltr'><strong>et</strong></span> <span class='ocrx_word' id='word_1_250' title='bbox 1032 2741 1253 2805; x_wconf 79' lang='lat' dir='ltr'><strong>Lacedoemonii</strong></span> <span class='ocrx_word' id='word_1_251' title='bbox 1273 2768 1324 2828; x_wconf 88' lang='lat' dir='ltr'><strong>pe</strong></span> <span class='ocrx_word' id='word_1_252' title='bbox 1312 2765 1329 2796; x_wconf 71' lang='grc'><strong>·’</strong></span> 
     </span>
     <span class='ocr_line' id='line_1_28' title="bbox 217 2825 1323 2928; baseline 0 -29"><span class='ocrx_word' id='word_1_253' title='bbox 217 2839 325 2909; x_wconf 88' lang='lat' dir='ltr'><strong>rierint,</strong></span> <span class='ocrx_word' id='word_1_254' title='bbox 335 2846 366 2895; x_wconf 91' lang='lat' dir='ltr'><strong>et</strong></span> <span class='ocrx_word' id='word_1_255' title='bbox 379 2837 510 2896; x_wconf 87' lang='lat' dir='ltr'><strong>Thebani</strong></span> <span class='ocrx_word' id='word_1_256' title='bbox 520 2825 657 2928; x_wconf 82' lang='lat' dir='ltr'><strong>occupati</strong></span> <span class='ocrx_word' id='word_1_257' title='bbox 667 2833 734 2907; x_wconf 90' lang='lat' dir='ltr'><strong>sint,</strong></span> <span class='ocrx_word' id='word_1_258' title='bbox 749 2843 780 2894; x_wconf 89' lang='lat' dir='ltr'><strong>et</strong></span> <span class='ocrx_word' id='word_1_259' title='bbox 793 2844 965 2894; x_wconf 71' lang='lat' dir='ltr'><strong>caeterorum</strong></span> <span class='ocrx_word' id='word_1_260' title='bbox 982 2836 1068 2894; x_wconf 87' lang='lat' dir='ltr'><strong>nemo</strong></span> <span class='ocrx_word' id='word_1_261' title='bbox 1077 2844 1173 2896; x_wconf 88' lang='lat' dir='ltr'><strong>tantas</strong></span> <span class='ocrx_word' id='word_1_262' title='bbox 1183 2838 1258 2898; x_wconf 82' lang='lat' dir='ltr'><strong>vires</strong></span> <span class='ocrx_word' id='word_1_263' title='bbox 1267 2840 1323 2900; x_wconf 89' lang='lat' dir='ltr'><strong>ha-</strong></span> 
     </span>
     <span class='ocr_line' id='line_1_29' title="bbox 217 2915 1323 3016; baseline 0 -24"><span class='ocrx_word' id='word_1_264' title='bbox 217 2935 286 2992; x_wconf 87' lang='lat' dir='ltr'><strong>beat</strong></span> <span class='ocrx_word' id='word_1_265' title='bbox 300 2940 335 2988; x_wconf 91' lang='lat' dir='ltr'><strong>ut</strong></span> <span class='ocrx_word' id='word_1_266' title='bbox 347 2930 500 2988; x_wconf 88' lang='lat' dir='ltr'><strong>vobiscum</strong></span> <span class='ocrx_word' id='word_1_267' title='bbox 519 2928 556 2995; x_wconf 87' lang='lat' dir='ltr'><strong>de</strong></span> <span class='ocrx_word' id='word_1_268' title='bbox 576 2915 741 3016; x_wconf 88' lang='lat' dir='ltr'><strong>principatu</strong></span> <span class='ocrx_word' id='word_1_269' title='bbox 755 2927 933 2987; x_wconf 86' lang='lat' dir='ltr'><strong>contendere</strong></span> <span class='ocrx_word' id='word_1_270' title='bbox 947 2927 1032 3000; x_wconf 88' lang='lat' dir='ltr'><strong>ausit,</strong></span> <span class='ocrx_word' id='word_1_271' title='bbox 1048 2947 1174 3008; x_wconf 86' lang='lat' dir='ltr'><strong>cumque</strong></span> <span class='ocrx_word' id='word_1_272' title='bbox 1187 2930 1282 2991; x_wconf 89' lang='lat' dir='ltr'><strong>nobis</strong></span> <span class='ocrx_word' id='word_1_273' title='bbox 1287 2933 1323 2992; x_wconf 90' lang='lat' dir='ltr'><strong>li·</strong></span> 
     </span>
    </p>

    <p class='ocr_par' dir='ltr' id='par_1_3' title="bbox 139 3018 1345 4490">
     <span class='ocr_line' id='line_1_30' title="bbox 139 3018 1328 3103; baseline 0.002 -20"><span class='ocrx_word' id='word_1_274' title='bbox 139 3042 143 3050; x_wconf 62' lang='lat'><em>*</em></span> <span class='ocrx_word' id='word_1_275' title='bbox 193 3023 194 3026; x_wconf 65' lang='grc'>’</span> <span class='ocrx_word' id='word_1_276' title='bbox 218 3034 299 3083; x_wconf 91' lang='lat' dir='ltr'><strong>ceret</strong></span> <span class='ocrx_word' id='word_1_277' title='bbox 312 3033 342 3081; x_wconf 91' lang='lat' dir='ltr'><strong>et</strong></span> <span class='ocrx_word' id='word_1_278' title='bbox 355 3023 468 3103; x_wconf 85' lang='lat' dir='ltr'><strong>privata</strong></span> <span class='ocrx_word' id='word_1_279' title='bbox 482 3031 582 3080; x_wconf 89' lang='lat' dir='ltr'><strong>nostra</strong></span> <span class='ocrx_word' id='word_1_280' title='bbox 591 3019 653 3080; x_wconf 90' lang='lat' dir='ltr'><strong>sine</strong></span> <span class='ocrx_word' id='word_1_281' title='bbox 665 3019 795 3098; x_wconf 85' lang='lat' dir='ltr'><strong>periculo</strong></span> <span class='ocrx_word' id='word_1_282' title='bbox 809 3029 908 3079; x_wconf 88' lang='lat' dir='ltr'><strong>tenere</strong></span> <span class='ocrx_word' id='word_1_283' title='bbox 923 3030 953 3079; x_wconf 88' lang='lat' dir='ltr'><strong>et</strong></span> <span class='ocrx_word' id='word_1_284' title='bbox 963 3018 1141 3098; x_wconf 86' lang='lat' dir='ltr'><strong>reliquorum</strong></span> <span class='ocrx_word' id='word_1_285' title='bbox 1155 3029 1328 3084; x_wconf 82' lang='lat' dir='ltr'><strong>controver-¹</strong></span> 
     </span>
     <span class='ocr_line' id='line_1_31' title="bbox 217 3111 1330 3197; baseline 0.004 -23"><span class='ocrx_word' id='word_1_286' title='bbox 217 3117 275 3174; x_wconf 89' lang='lat' dir='ltr'><strong>sias</strong></span> <span class='ocrx_word' id='word_1_287' title='bbox 306 3115 482 3193; x_wconf 87' lang='lat' dir='ltr'><strong>disceptare,</strong></span> <span class='ocrx_word' id='word_1_288' title='bbox 502 3123 601 3172; x_wconf 91' lang='lat' dir='ltr'><strong>tamen</strong></span> <span class='ocrx_word' id='word_1_289' title='bbox 620 3113 727 3172; x_wconf 88' lang='lat' dir='ltr'><strong>nostris</strong></span> <span class='ocrx_word' id='word_1_290' title='bbox 747 3111 823 3190; x_wconf 87' lang='lat' dir='ltr'><strong>agris</strong></span> <span class='ocrx_word' id='word_1_291' title='bbox 845 3111 961 3190; x_wconf 90' lang='lat' dir='ltr'><strong>spoliati</strong></span> <span class='ocrx_word' id='word_1_292' title='bbox 982 3131 1094 3183; x_wconf 86' lang='lat' dir='ltr'><strong>sumus,</strong></span> <span class='ocrx_word' id='word_1_293' title='bbox 1113 3122 1143 3172; x_wconf 87' lang='lat' dir='ltr'><strong>et</strong></span> <span class='ocrx_word' id='word_1_294' title='bbox 1164 3114 1330 3197; x_wconf 87' lang='lat' dir='ltr'><strong>plusquam·</strong></span> 
     </span>
     <span class='ocr_line' id='line_1_32' title="bbox 216 3204 1323 3287; baseline 0.004 -20"><span class='ocrx_word' id='word_1_295' title='bbox 216 3209 296 3267; x_wconf 90' lang='lat' dir='ltr'><strong>mille</strong></span> <span class='ocrx_word' id='word_1_296' title='bbox 307 3218 337 3268; x_wconf 91' lang='lat' dir='ltr'><strong>et</strong></span> <span class='ocrx_word' id='word_1_297' title='bbox 350 3209 511 3287; x_wconf 85' lang='lat' dir='ltr'><strong>quingenta</strong></span> <span class='ocrx_word' id='word_1_298' title='bbox 524 3205 636 3264; x_wconf 85' lang='lat' dir='ltr'><strong>talenta</strong></span> <span class='ocrx_word' id='word_1_299' title='bbox 648 3204 814 3264; x_wconf 83' lang='lat' dir='ltr'><strong>nullo&#39;cum</strong></span> <span class='ocrx_word' id='word_1_300' title='bbox 827 3205 924 3263; x_wconf 83' lang='lat' dir='ltr'><strong>fructu</strong></span> <span class='ocrx_word' id='word_1_301' title='bbox 937 3205 1154 3283; x_wconf 89' lang='lat' dir='ltr'><strong>insumpsimus,</strong></span> <span class='ocrx_word' id='word_1_302' title='bbox 1165 3217 1197 3266; x_wconf 89' lang='lat' dir='ltr'><strong>et</strong></span> <span class='ocrx_word' id='word_1_303' title='bbox 1208 3228 1284 3286; x_wconf 90' lang='lat' dir='ltr'><strong>quos</strong></span> <span class='ocrx_word' id='word_1_304' title='bbox 1293 3213 1323 3270; x_wconf 91' lang='lat' dir='ltr'><strong>in</strong></span> 
     </span>
     <span class='ocr_line' id='line_1_33' title="bbox 216 3295 1329 3378; baseline 0.004 -18"><span class='ocrx_word' id='word_1_305' title='bbox 216 3301 295 3360; x_wconf 89' lang='lat' dir='ltr'><strong>bello</strong></span> <span class='ocrx_word' id='word_1_306' title='bbox 309 3300 404 3360; x_wconf 88' lang='lat' dir='ltr'><strong>socios</strong></span> <span class='ocrx_word' id='word_1_307' title='bbox 418 3299 594 3378; x_wconf 87' lang='lat' dir='ltr'><strong>paravimus,</strong></span> <span class='ocrx_word' id='word_1_308' title='bbox 608 3297 662 3356; x_wconf 90' lang='lat' dir='ltr'><strong>hos</strong></span> <span class='ocrx_word' id='word_1_309' title='bbox 677 3297 758 3376; x_wconf 86' lang='lat' dir='ltr'><strong>pacis</strong></span> <span class='ocrx_word' id='word_1_310' title='bbox 772 3306 903 3376; x_wconf 88' lang='lat' dir='ltr'><strong>tempore</strong></span> <span class='ocrx_word' id='word_1_311' title='bbox 917 3295 966 3356; x_wconf 84' lang='lat' dir='ltr'><strong>isti</strong></span> <span class='ocrx_word' id='word_1_312' title='bbox 977 3297 1137 3356; x_wconf 86' lang='lat' dir='ltr'><strong>amiserunt</strong></span> <span class='ocrx_word' id='word_1_313' title='bbox 1150 3309 1329 3374; x_wconf 73' lang='lat' dir='ltr'><strong>creterraet·</strong></span> 
     </span>
     <span class='ocr_line' id='line_1_34' title="bbox 215 3389 1323 3472; baseline 0.005 -22"><span class='ocrx_word' id='word_1_314' title='bbox 215 3393 328 3452; x_wconf 87' lang='lat' dir='ltr'><strong>hostem</strong></span> <span class='ocrx_word' id='word_1_315' title='bbox 343 3402 446 3451; x_wconf 89' lang='lat' dir='ltr'><strong>contra</strong></span> <span class='ocrx_word' id='word_1_316' title='bbox 456 3393 650 3470; x_wconf 89' lang='lat' dir='ltr'><strong>nosmetipsos</strong></span> <span class='ocrx_word' id='word_1_317' title='bbox 661 3399 775 3448; x_wconf 89' lang='lat' dir='ltr'><strong>tantum</strong></span> <span class='ocrx_word' id='word_1_318' title='bbox 785 3389 984 3472; x_wconf 83' lang='lat' dir='ltr'><strong>instruximus.</strong></span> <span class='ocrx_word' id='word_1_319' title='bbox 1025 3389 1145 3468; x_wconf 90' lang='lat' dir='ltr'><strong>Alioqui</strong></span> <span class='ocrx_word' id='word_1_320' title='bbox 1154 3393 1323 3472; x_wconf 83' lang='lat' dir='ltr'><strong>progredia-</strong></span> 
     </span>
     <span class='ocr_line' id='line_1_35' title="bbox 216 3482 1324 3562; baseline 0.005 -19"><span class='ocrx_word' id='word_1_321' title='bbox 216 3485 385 3562; x_wconf 89' lang='lat' dir='ltr'><strong>turaliquis</strong></span> <span class='ocrx_word' id='word_1_322' title='bbox 400 3484 514 3542; x_wconf 88' lang='lat' dir='ltr'><strong>etmihi</strong></span> <span class='ocrx_word' id='word_1_323' title='bbox 528 3482 710 3556; x_wconf 90' lang='lat' dir='ltr'><strong>dicat,unde</strong></span> <span class='ocrx_word' id='word_1_324' title='bbox 730 3483 785 3542; x_wconf 90' lang='lat' dir='ltr'><strong>nisi</strong></span> <span class='ocrx_word' id='word_1_325' title='bbox 808 3501 859 3562; x_wconf 90' lang='lat' dir='ltr'><strong>per</strong></span> <span class='ocrx_word' id='word_1_326' title='bbox 880 3483 1128 3562; x_wconf 81' lang='lat' dir='ltr'><strong>nosmetipsosita</strong></span> <span class='ocrx_word' id='word_1_327' title='bbox 1147 3485 1206 3544; x_wconf 91' lang='lat' dir='ltr'><strong>sint</strong></span> <span class='ocrx_word' id='word_1_328' title='bbox 1226 3498 1324 3549; x_wconf 84' lang='lat' dir='ltr'><strong>auctas</strong></span> 
     </span>
     <span class='ocr_line' id='line_1_36' title="bbox 217 3575 1330 3658; baseline 0.004 -21"><span class='ocrx_word' id='word_1_329' title='bbox 217 3587 287 3658; x_wconf 88' lang='lat' dir='ltr'><strong>opes</strong></span> <span class='ocrx_word' id='word_1_330' title='bbox 304 3576 448 3656; x_wconf 72' lang='lat' dir='ltr'><strong>Philippii</strong></span> <span class='ocrx_word' id='word_1_331' title='bbox 465 3577 525 3636; x_wconf 87' lang='lat' dir='ltr'><strong>Sed</strong></span> <span class='ocrx_word' id='word_1_332' title='bbox 538 3577 612 3635; x_wconf 89' lang='lat' dir='ltr'><strong>heus</strong></span> <span class='ocrx_word' id='word_1_333' title='bbox 628 3585 669 3648; x_wconf 91' lang='lat' dir='ltr'><strong>tu,</strong></span> <span class='ocrx_word' id='word_1_334' title='bbox 682 3575 709 3634; x_wconf 83' lang='lat' dir='ltr'><strong>‘si</strong></span> <span class='ocrx_word' id='word_1_335' title='bbox 719 3575 893 3635; x_wconf 87' lang='lat' dir='ltr'><strong>vitiosahaec</strong></span> <span class='ocrx_word' id='word_1_336' title='bbox 902 3584 983 3646; x_wconf 90' lang='lat' dir='ltr'><strong>sunt,</strong></span> <span class='ocrx_word' id='word_1_337' title='bbox 996 3585 1027 3634; x_wconf 91' lang='lat' dir='ltr'><strong>at</strong></span> <span class='ocrx_word' id='word_1_338' title='bbox 1037 3577 1214 3636; x_wconf 82' lang='lat' dir='ltr'><strong>urbanarum</strong></span> <span class='ocrx_word' id='word_1_339' title='bbox 1222 3600 1330 3641; x_wconf 87' lang='lat' dir='ltr'><strong>rerum·</strong></span> 
     </span>
     <span class='ocr_line' id='line_1_37' title="bbox 217 3668 1322 3748; baseline 0.005 -18"><span class='ocrx_word' id='word_1_340' title='bbox 217 3680 312 3730; x_wconf 88' lang='lat' dir='ltr'><strong>status</strong></span> <span class='ocrx_word' id='word_1_341' title='bbox 326 3679 372 3730; x_wconf 92' lang='lat' dir='ltr'><strong>est</strong></span> <span class='ocrx_word' id='word_1_342' title='bbox 385 3670 495 3728; x_wconf 89' lang='lat' dir='ltr'><strong>melior.</strong></span> <span class='ocrx_word' id='word_1_343' title='bbox 532 3669 651 3746; x_wconf 85' lang='lat' dir='ltr'><strong>¹Ecquid</strong></span> <span class='ocrx_word' id='word_1_344' title='bbox 664 3669 785 3729; x_wconf 89' lang='lat' dir='ltr'><strong>tandem</strong></span> <span class='ocrx_word' id='word_1_345' title='bbox 800 3669 858 3728; x_wconf 88' lang='lat' dir='ltr'><strong>dici</strong></span> <span class='ocrx_word' id='word_1_346' title='bbox 873 3668 979 3748; x_wconf 79' lang='lat' dir='ltr'><strong>quenti</strong></span> <span class='ocrx_word' id='word_1_347' title='bbox 1000 3688 1038 3728; x_wconf 89' lang='lat' dir='ltr'><strong>an</strong></span> <span class='ocrx_word' id='word_1_348' title='bbox 1052 3669 1151 3748; x_wconf 81' lang='lat' dir='ltr'><strong>pinnae</strong></span> <span class='ocrx_word' id='word_1_349' title='bbox 1164 3675 1322 3735; x_wconf 75' lang='lat' dir='ltr'><strong>‘murorum</strong></span> 
     </span>
     <span class='ocr_line' id='line_1_38' title="bbox 216 3757 1322 3844; baseline 0.004 -22"><span class='ocrx_word' id='word_1_350' title='bbox 216 3784 288 3842; x_wconf 85' lang='lat' dir='ltr'><strong>quas</strong></span> <span class='ocrx_word' id='word_1_351' title='bbox 312 3763 494 3834; x_wconf 87' lang='lat' dir='ltr'><strong>dealbamus,</strong></span> <span class='ocrx_word' id='word_1_352' title='bbox 514 3763 569 3821; x_wconf 81' lang='lat' dir='ltr'><strong>viae</strong></span> <span class='ocrx_word' id='word_1_353' title='bbox 597 3781 669 3841; x_wconf 90' lang='lat' dir='ltr'><strong>quas</strong></span> <span class='ocrx_word' id='word_1_354' title='bbox 685 3762 854 3838; x_wconf 80' lang='lat' dir='ltr'><strong>reficimus,</strong></span> <span class='ocrx_word' id='word_1_355' title='bbox 878 3757 908 3820; x_wconf 88' lang='lat' dir='ltr'><strong>et</strong></span> <span class='ocrx_word' id='word_1_356' title='bbox 932 3763 1080 3822; x_wconf 79' lang='lat' dir='ltr'><strong>fontenet</strong></span> <span class='ocrx_word' id='word_1_357' title='bbox 1107 3765 1216 3844; x_wconf 76' lang='lat' dir='ltr'><strong>nugae?</strong></span> <span class='ocrx_word' id='word_1_358' title='bbox 1258 3767 1322 3829; x_wconf 88' lang='lat' dir='ltr'><strong>Eos</strong></span> 
     </span>
     <span class='ocr_line' id='line_1_39' title="bbox 218 3841 1342 3934; baseline 0.006 -20"><span class='ocrx_word' id='word_1_359' title='bbox 218 3841 320 3934; x_wconf 78' lang='lat' dir='ltr'><strong>quassu</strong></span> <span class='ocrx_word' id='word_1_360' title='bbox 334 3855 488 3915; x_wconf 86' lang='lat' dir='ltr'><strong>intuemini</strong></span> <span class='ocrx_word' id='word_1_361' title='bbox 502 3873 627 3933; x_wconf 89' lang='lat' dir='ltr'><strong>quorum</strong></span> <span class='ocrx_word' id='word_1_362' title='bbox 639 3855 704 3914; x_wconf 83' lang='lat' dir='ltr'><strong>haec</strong></span> <span class='ocrx_word' id='word_1_363' title='bbox 719 3865 785 3914; x_wconf 86' lang='lat' dir='ltr'><strong>acta</strong></span> <span class='ocrx_word' id='word_1_364' title='bbox 797 3865 866 3914; x_wconf 89' lang='lat' dir='ltr'><strong>sunt</strong></span> <span class='ocrx_word' id='word_1_365' title='bbox 878 3855 908 3914; x_wconf 90' lang='lat' dir='ltr'><strong>in</strong></span> <span class='ocrx_word' id='word_1_366' title='bbox 922 3855 1080 3934; x_wconf 85' lang='lat' dir='ltr'><strong>republica,</strong></span> <span class='ocrx_word' id='word_1_367' title='bbox 1102 3874 1225 3934; x_wconf 88' lang='lat' dir='ltr'><strong>quorum</strong></span> <span class='ocrx_word' id='word_1_368' title='bbox 1241 3861 1290 3919; x_wconf 91' lang='lat' dir='ltr'><strong>alii</strong></span> <span class='ocrx_word' id='word_1_369' title='bbox 1304 3873 1342 3922; x_wconf 85' lang='lat' dir='ltr'><strong>e&#39;</strong></span> 
     </span>
     <span class='ocr_line' id='line_1_40' title="bbox 215 3946 1322 4029; baseline 0.009 -24"><span class='ocrx_word' id='word_1_370' title='bbox 215 3949 358 4009; x_wconf 85' lang='lat' dir='ltr'><strong>mendicis</strong></span> <span class='ocrx_word' id='word_1_371' title='bbox 375 3948 445 4026; x_wconf 81' lang='lat' dir='ltr'><strong>facti</strong></span> <span class='ocrx_word' id='word_1_372' title='bbox 462 3957 532 4006; x_wconf 89' lang='lat' dir='ltr'><strong>sunt</strong></span> <span class='ocrx_word' id='word_1_373' title='bbox 545 3947 663 4020; x_wconf 82' lang='lat' dir='ltr'><strong>divites,</strong></span> <span class='ocrx_word' id='word_1_374' title='bbox 679 3946 727 4005; x_wconf 86' lang='lat' dir='ltr'><strong>alii</strong></span> <span class='ocrx_word' id='word_1_375' title='bbox 741 3965 779 4006; x_wconf 82' lang='lat' dir='ltr'><strong>ex</strong></span> <span class='ocrx_word' id='word_1_376' title='bbox 793 3946 925 4006; x_wconf 86' lang='lat' dir='ltr'><strong>obscuris</strong></span> <span class='ocrx_word' id='word_1_377' title='bbox 938 3947 1023 4019; x_wconf 79' lang='lat' dir='ltr'><strong>clari,</strong></span> <span class='ocrx_word' id='word_1_378' title='bbox 1044 3948 1178 4006; x_wconf 89' lang='lat' dir='ltr'><strong>nonnulli</strong></span> <span class='ocrx_word' id='word_1_379' title='bbox 1191 3951 1322 4029; x_wconf 80' lang='lat' dir='ltr'><strong>privatas</strong></span> 
     </span>
     <span class='ocr_line' id='line_1_41' title="bbox 216 4037 1345 4119; baseline 0.005 -21"><span class='ocrx_word' id='word_1_380' title='bbox 216 4037 793 4119; x_wconf 82' lang='lat' dir='ltr'><strong>cedespublicisoedificiissplendidiores</strong></span> <span class='ocrx_word' id='word_1_381' title='bbox 802 4039 1065 4098; x_wconf 78' lang='lat' dir='ltr'><strong>exstruleruntzet</strong></span> <span class='ocrx_word' id='word_1_382' title='bbox 1074 4049 1183 4118; x_wconf 89' lang='lat' dir='ltr'><strong>quanto</strong></span> <span class='ocrx_word' id='word_1_383' title='bbox 1193 4062 1241 4101; x_wconf 87' lang='lat' dir='ltr'><strong>res</strong></span> <span class='ocrx_word' id='word_1_384' title='bbox 1251 4044 1323 4104; x_wconf 82' lang='lat' dir='ltr'><strong>civi·</strong></span> <span class='ocrx_word' id='word_1_385' title='bbox 1341 4085 1345 4092; x_wconf 89' lang='lat'>·</span> 
     </span>
     <span class='ocr_line' id='line_1_42' title="bbox 215 4131 1322 4215; baseline -0.001 -22"><span class='ocrx_word' id='word_1_386' title='bbox 215 4132 285 4196; x_wconf 86' lang='lat' dir='ltr'><strong>tatis</strong></span> <span class='ocrx_word' id='word_1_387' title='bbox 306 4132 487 4210; x_wconf 89' lang='lat' dir='ltr'><strong>angustiores</strong></span> <span class='ocrx_word' id='word_1_388' title='bbox 508 4132 595 4192; x_wconf 84' lang='lat' dir='ltr'><strong>saetae</strong></span> <span class='ocrx_word' id='word_1_389' title='bbox 610 4141 690 4206; x_wconf 90' lang='lat' dir='ltr'><strong>sunt,</strong></span> <span class='ocrx_word' id='word_1_390' title='bbox 705 4139 786 4190; x_wconf 90' lang='lat' dir='ltr'><strong>tanto</strong></span> <span class='ocrx_word' id='word_1_391' title='bbox 800 4131 922 4190; x_wconf 88' lang='lat' dir='ltr'><strong>istorum</strong></span> <span class='ocrx_word' id='word_1_392' title='bbox 936 4131 1101 4210; x_wconf 87' lang='lat' dir='ltr'><strong>ampliores.</strong></span> <span class='ocrx_word' id='word_1_393' title='bbox 1143 4134 1219 4199; x_wconf 84' lang='lat' dir='ltr'><strong>Quoe</strong></span> <span class='ocrx_word' id='word_1_394' title='bbox 1229 4135 1322 4215; x_wconf 86' lang='lat' dir='ltr'><strong>igitur</strong></span> 
     </span>
     <span class='ocr_line' id='line_1_43' title="bbox 214 4222 1321 4304; baseline 0.002 -17"><span class='ocrx_word' id='word_1_395' title='bbox 214 4233 368 4287; x_wconf 85' lang='lat' dir='ltr'><strong>causaest</strong></span> <span class='ocrx_word' id='word_1_396' title='bbox 384 4223 486 4282; x_wconf 85' lang='lat' dir='ltr'><strong>horum</strong></span> <span class='ocrx_word' id='word_1_397' title='bbox 507 4223 647 4298; x_wconf 87' lang='lat' dir='ltr'><strong>omniurn,</strong></span> <span class='ocrx_word' id='word_1_398' title='bbox 669 4233 699 4283; x_wconf 89' lang='lat' dir='ltr'><strong>et</strong></span> <span class='ocrx_word' id='word_1_399' title='bbox 717 4243 769 4283; x_wconf 90' lang='lat' dir='ltr'><strong>cur</strong></span> <span class='ocrx_word' id='word_1_400' title='bbox 787 4223 906 4282; x_wconf 87' lang='lat' dir='ltr'><strong>tandem</strong></span> <span class='ocrx_word' id='word_1_401' title='bbox 927 4243 963 4282; x_wconf 88' lang='lat' dir='ltr'><strong>e</strong></span> <span class='ocrx_word' id='word_1_402' title='bbox 973 4222 1071 4282; x_wconf 85' lang='lat' dir='ltr'><strong>omnia</strong></span> <span class='ocrx_word' id='word_1_403' title='bbox 1096 4229 1321 4304; x_wconf 85' lang='lat' dir='ltr'><strong>tum-praeclare</strong></span> 
     </span>
     <span class='ocr_line' id='line_1_44' title="bbox 214 4315 1319 4400; baseline -0.001 -21"><span class='ocrx_word' id='word_1_404' title='bbox 214 4317 383 4378; x_wconf 89' lang='lat' dir='ltr'><strong>habuerunt</strong></span> <span class='ocrx_word' id='word_1_405' title='bbox 396 4325 426 4374; x_wconf 92' lang='lat' dir='ltr'><strong>et</strong></span> <span class='ocrx_word' id='word_1_406' title='bbox 440 4335 525 4378; x_wconf 76' lang='lat' dir='ltr'><strong>,nunc</strong></span> <span class='ocrx_word' id='word_1_407' title='bbox 538 4315 620 4376; x_wconf 91' lang='lat' dir='ltr'><strong>haud</strong></span> <span class='ocrx_word' id='word_1_408' title='bbox 640 4315 740 4376; x_wconf 71' lang='lat' dir='ltr'><strong>recte?</strong></span> <span class='ocrx_word' id='word_1_409' title='bbox 761 4315 891 4386; x_wconf 83' lang='lat' dir='ltr'><strong>Primum</strong></span> <span class='ocrx_word' id='word_1_410' title='bbox 904 4315 984 4394; x_wconf 91' lang='lat' dir='ltr'><strong>quod</strong></span> <span class='ocrx_word' id='word_1_411' title='bbox 1001 4315 1182 4394; x_wconf 86' lang='lat' dir='ltr'><strong>et--populus,</strong></span> <span class='ocrx_word' id='word_1_412' title='bbox 1197 4337 1267 4378; x_wconf 87' lang='lat' dir='ltr'><strong>curn</strong></span> <span class='ocrx_word' id='word_1_413' title='bbox 1276 4320 1319 4400; x_wconf 90' lang='lat' dir='ltr'><strong>ip·</strong></span> 
     </span>
     <span class='ocr_line' id='line_1_45' title="bbox 215 4407 1329 4490; baseline 0.001 -20"><span class='ocrx_word' id='word_1_414' title='bbox 215 4429 248 4471; x_wconf 88' lang='lat' dir='ltr'><strong>se</strong></span> <span class='ocrx_word' id='word_1_415' title='bbox 257 4409 382 4470; x_wconf 87' lang='lat' dir='ltr'><strong>militare</strong></span> <span class='ocrx_word' id='word_1_416' title='bbox 395 4407 524 4481; x_wconf 88' lang='lat' dir='ltr'><strong>auderet,</strong></span> <span class='ocrx_word' id='word_1_417' title='bbox 538 4407 674 4468; x_wconf 87' lang='lat' dir='ltr'><strong>dominus</strong></span> <span class='ocrx_word' id='word_1_418' title='bbox 689 4419 752 4470; x_wconf 87' lang='lat' dir='ltr'><strong>erat</strong></span> <span class='ocrx_word' id='word_1_419' title='bbox 767 4409 992 4488; x_wconf 81' lang='lat' dir='ltr'><strong>magistratuum</strong></span> <span class='ocrx_word' id='word_1_420' title='bbox 1001 4425 1166 4486; x_wconf 29' lang='lat' dir='ltr'><strong>&#39;omnesque</strong></span> <span class='ocrx_word' id='word_1_421' title='bbox 1180 4409 1329 4490; x_wconf 73' lang='lat' dir='ltr'><strong>reipubl-³</strong></span> 
     </span>
    </p>
   </div>
   <div class='ocr_carea' id='block_1_3' title="bbox 0 0 1464 4950">
    <p class='ocr_par' dir='ltr' id='par_1_4' title="bbox 0 0 1464 4950">
     <span class='ocr_line' id='line_1_46' title="bbox 0 0 1464 4950; baseline 0 0"><span class='ocrx_word' id='word_1_422' title='bbox 0 0 1464 4950; x_wconf 95' lang='lat' dir='ltr'><strong> </strong></span> 
     </span>
    </p>
   </div>
  </div>
 </body>
</html>
