2946 4954
414 243 483 306 ,ιιι
506 205 1061 340 metamaucensem(
1223 252 1283 312 ιιι
1319 199 1323 210 ’

11 426 40 483 ,·
136 457 143 470 ,
175 413 284 463 -autem
302 400 413 460 nullius
435 402 530 480 c‘ulpoe
554 401 610 470 sibi
633 401 766 462 conscius
780 412 852 476 erat,
866 403 902 473 is,
915 405 942 464 si
955 406 1105 484 tacuisset,
1119 406 1281 472 facinorum

131 511 135 518 ·
176 506 214 558 ‚et
224 494 369 554 scelerum
383 496 481 554 socius
493 494 584 553 fuisse
597 493 754 553 rideretur.
795 495 859 572 Ego
879 496 967 575 igitur
980 498 1005 558 is
1020 501 1056 588 ab
1069 499 1217 578 initio'fui,
1231 492 1280 583 qul

6 647 8 660 ,
96 625 101 628 -
183 591 255 649 istos
267 589 442 659 accusarim,
451 589 572 667 istorum
588 607 656 646 vero
670 607 715 646 me
730 606 826 646 nemo.

175 726 179 735 .
227 684 274 740 13.
296 682 341 740 Ac
356 661 536 742 senatusilla
549 679 688 758 quidem
677 699 738 758 Jam
751 679 930 752 decreverat,
907 685 1083 745 tconcione
1098 697 1194 749 autern
1209 663 1281 750 con·

182 783 297 845 vocata,
311 787 349 832 et
355 769 512 854 Philippo
499 791 562 850 Jam
574 772 651 831 ιιιιιιΙ
651 771 750 851 Pylas
765 791 922 852 progresso
942 775 1084 852 (primum
1092 780 1168 840 enim
1183 783 1213 842 id
1228 785 1283 847 fuit

183 867 312 926 omniurn
326 863 482 936 scelerum,
496 863 576 942 quod
596 862 801 946 Philippum''
784 884 818 924 us
837 865 961 944 negotiis
984 865 1185 948 praefecerant,
1199 875 1280 948 item,

182 959 386 1039 cumprimum
407 960 487 1018 robis
509 959 628 1036 negotia
644 959 854 1036 ,cognoscenda
867 959 976 1031 ess'ent,
990 952 1279 1056 deinde'consultan-

184 1051 264 1122 dum,
278 1062 355 1130 post,
368 1051 449 1129 quod
470 1051 565 1110 risum
590 1060 679 1122 esset,
701 1050 859 1130 agendum,
874 1051 953 1129 quod
967 1052 1133 1128 effecerant,
1143 1057 1181 1118 'ut
1195 1062 1280 1143 simul

180 1163 235 1204 vos
249 1154 280 1203 et
293 1144 440 1215 audiretis,
454 1152 485 1203 et
502 1142 553 1202 ille
572 1142 699 1215 adesset,
711 1152 803 1220 utque
825 1162 879 1202 nec
894 1145 964 1222 quid
979 1145 1045 1206 lieri*
1053 1147 1209 1228 oporteret,
1222 1155 1281 1214 dici

180 1236 268 1296 facile
282 1239 395 1314 posset)
408 1236 481 1294 illud
495 1235 585 1306 etiam
594 1234 635 1294 ad
649 1230 909 1312 reliqua-accessit,
923 1247 956 1296 ιιι
968 1229 999 1298 id
1011 1240 1128 1319 quidem
1143 1242 1278 1309 senatus·

180 1329 349 1389 consultum
367 1324 481 1406 'populo
503 1345 590 1386 nemo
613 1325 727 1404 legerit,
742 1324 837 1405 neque
859 1327 984 1402 audierit
1004 1333 1138 1411 papulus,
1153 1338 1206 1398 sed
1222 1340 1280 1400 iste
1300 1349 1302 1356 ‘

180 1423 345 1491 surrexerit,
359 1432 390 1479 et
402 1439 439 1478 ea
451 1419 627 1499 predicant,
640 1417 716 1496 quae
730 1409 818 1478 medo
831 1420 914 1479 vobis
934 1425 1066 1501 exposui,
1081 1427 1172 1487 multa
1184 1441 1215 1490 et
1233 1433 1279 1492 in-

180 1516 281 1594 gentia
293 1517 381 1584 bona,
391 1533 465 1592 quaa
482 1532 513 1572 se
528 1513 698 1591 impetrasse
719 1531 737 1572 a
759 1511 895 1592 Philippo
913 1523 1001 1592 atque
1020 1517 1121 1578 afferre
1136 1523 1279 1600 jactabat,

179 1617 299 1686 propter
317 1626 384 1684 quae
405 1605 585 1683 proscriptus
610 1613 688 1664 esset
709 1623 727 1663 a
748 1603 903 1663 Thebanis.
954 1605 1081 1668 Proinde
1108 1632 1161 1672 vos
1188 1619 1279 1677 territi

176 1699 301 1776 primurn
313 1696 613 1776 praesentiaPhilippi,
625 1707 656 1756 et
669 1696 732 1756 istis
746 1697 906 1773 irascentes
909 1698 980 1776 ,qui
995 1711 1053 1759 non
1069 1714 1136 1764 ante
1147 1705 1276 1797 indicas-

178 1800 257 1860 sent,
272 1790 421 1867 aliquanto
436 1787 562 1848 mitiores
581 1789 702 1869 fiebatis,
718 1766 798 1866 quod
811 1789 908 1848 omnia
922 1807 974 1850 vos
988 1806 1196 1858 consecuturos
1210 1821 1277 1878 quae

177 1881 303 1952 velletis,
317 1879 556 1959 sperabatis,nec
565 1898 668 1938 vocem
681 1880 781 1965 audire
792 1900 896 1948 meam,
909 1892 960 1940 aut
973 1885 1146 1963 cujusquam
1157 1891 1276 1954 alterius

176 1972 334 2033 volebatis.
358 1969 432 2029 Post
445 1970 510 2029 haec
523 1971 720 2029 recitabantur
733 1961 830 2030 missa
844 1971 1006 2052 aPhilippo
1021 1977 1122 2051 lite'rae,
1133 1989 1276 2060 quasiste

177 2065 345 2142 scripserat,
359 2071 555 2124 commoratus
567 2071 636 2140 post
649 2080 714 2132 nos,
734 2061 923 2138 q'uae'palam'
938 2073 970 2123 et
990 2079 1088 2144 aperte
1110 2074 1182 2133 nihil
1195 2087 1277 2141 ciant

175 2156 258 2216 atiud
271 2175 369 2234 quarn
373 2154 507 2234 defensio
529 2153 681 2224 scelerum,
696 2171 765 2230 quse
778 2152 824 2212 isti
844 2165 1058 2232 perpetrarant.
1079 2162 1157 2223 Nam
1172 2180 1202 2226 et
1216 2172 1275 2234 hoo

173 2250 260 2321 inest,
274 2269 305 2308 se
320 2227 499 2327 prohibuisse
513 2246 600 2304 illos'
591 2265 621 2304 ιιι
635 2245 743 2304 urbes
735 2254 836 2316 ituros,
850 2256 879 2304 et
892 2248 1095 2325 jusjurandum
1110 2270 1274 2338 exacturos,

175 2351 217 2414 et,
175 2353 265 2402 eut
278 2341 446 2419 adjumento
461 2338 514 2398 sibi
527 2348 626 2398 essent
646 2337 676 2395 in
697 2337 919 2402 reconciliandis
934 2340 1092 2402 Alensibus
1105 2357 1136 2406 et
1149 2349 1274 2414 Pharsa-

174 2434 228 2503 llis,
244 2452 295 2493 eos
306 2431 476 2504 detinuisse,
486 2430 612 2508 denique
626 2428 723 2488 omnia
732 2429 853 2488 istorum
866 2435 988 2508 peccata
1000 2432 1030 2492 in
1042 2455 1074 2494 se
1086 2442 1231 2526 transfert,
1244 2458 1275 2508 et

172 2527 227 2588 sibi
246 2524 404 2585 adscribit:
419 2523 614 2582 Phocensium
630 2537 710 2593 vero,
717 2526 772 2580 aut
789 2521 1026 2601 Thespiensium,
1032 2541 1083 2589 aut
1092 2545 1192 2594 eorum
1204 2531 1271 2615 quae

173 2619 230 2680 iste
241 2620 326 2678 robis
339 2617 502 2686 nunciaret,
520 2615 602 2674 nulla
611 2614 658 2675 rel
672 2615 791 2677 minima
804 2615 838 2674 fit
852 2618 970 2676 mentio.
1009 2620 1121 2700 Neque
1127 2626 1182 2687 hoc
1198 2630 1272 2692 soroe

172 2710 311 2772 fortuna
304 2721 346 2770 ιιιι
356 2711 466 2770 factum
475 2717 531 2779 est,
537 2709 589 2768 sed
600 2727 723 2786 quarum
732 2728 827 2776 rerum
837 2711 918 2768 vobis
930 2731 1024 2790 posnae
1034 2720 1184 2779 sumendae
1194 2735 1279 2785 erant

172 2804 350 2880 abistis,an
342 2801 428 2860 'nihil
437 2801 570 2860 fecerant
583 2811 634 2860 aut
648 2801 883 2861 administrarant
893 2823 993 2863 eorum
1003 2826 1069 2884 quaa
1080 2824 1271 2876 senatuscon-

174 2895 251 2955 sulto
267 2894 434 2974 jusseratis,
449 2911 547 2952 earum
562 2893 612 2952 ille
626 2881 742 2997 culpam
766 2894 796 2950 in
818 2914 861 2952 se·
873 2898 1020 2970 transfert,
1034 2921 1123 2982 seque
1137 2905 1167 2963 in
1182 2927 1273 2969 causa
1355 2931 1364 2954 ·

169 2988 265 3050 fuisse
278 2989 414 3058 affirmat,
427 3006 513 3064 quern
527 3005 579 3046 ros
604 2986 707 3064 punire
728 2986 839 3046 scilicet
857 3001 916 3046 non
930 2994 1073 3066 possetis:
1095 3016 1161 3073 quae
1175 3011 1272 3061 autem
1345 3063 1347 3067 ,

171 3082 221 3142 ille
235 3080 337 3140 fraude
351 3081 492 3149 obtinere,
507 3089 537 3137 et
559 3078 711 3156 praeripere
725 3077 834 3144 civitati
850 3080 952 3152 voluit,
964 3101 1002 3140 ea
1014 3084 1068 3144 iste
1081 3091 1273 3167 renunciavit,

171 3183 207 3232 ut
219 3191 316 3249 neque
330 3165 482 3239 accusare,
496 3189 592 3246 neque
607 3179 713 3248 postea
726 3170 807 3247 queri
817 3170 973 3248 quicquam
993 3174 1029 3234 de
1055 3175 1188 3259 Philippo
1202 3204 1270 3262 pos-

171 3266 253 3333 setis,
265 3283 334 3322 cum
347 3283 384 3322 ea
405 3282 463 3324 nec
482 3262 512 3320 in
534 3261 624 3320 literis
638 3262 725 3332 illius,
741 3282 795 3322 nec
810 3264 987 3325 orationibus
997 3287 1124 3348 usquam
1139 3278 1270 3338 corrunc-

170 3368 282 3416 rentur.
293 3356 358 3434 Age
373 3355 462 3414 recita
473 3355 553 3432 ipsas
567 3355 664 3414 literas
667 3375 759 3433 ,quas
776 3366 807 3414 ut
820 3356 875 3414 iste
887 3358 1011 3437 scripsit,
1024 3362 1066 3420 sic
1077 3364 1224 3440 illemisit,
1240 3383 1271 3431 et

167 3449 364 3522 considerate,
378 3466 416 3506 an
429 3465 464 3506 eo
477 3446 528 3506 illa
540 3447 629 3506 modo
643 3467 676 3507 se
689 3447 827 3519 habeant,
842 3467 901 3526 quo
915 3469 971 3530 ego
985 3457 1116 3534 exposui.
1131 3459 1246 3522 Recita.

542 3698 546 3706 ·
634 3667 806 3727 LITERAE.

166 3821 299 3893 Auditis,
312 3821 519 3894 Athenienses,
537 3821 645 3896 literas,
655 3843 742 3903 quam
758 3828 906 3902 praeclaroe
920 3829 978 3890 sint
991 3840 1022 3890 et
1034 3830 1178 3889 humanas.
1200 3857 1205 3872 ·
1221 3834 1268 3895 De

166 3914 319 3975 Thebanis
336 3925 433 3973 autern
458 3923 489 3974 et
512 3916 723 3988 Phocensibus,
740 3921 876 3994 aureliis,
890 3921 927 3980 de
941 3921 1108 3999 quibus'ill'e
1123 3925 1201 4003 apud
1215 3947 1268 3990 ros

164 4005 361 4075 renunciavit,
376 4023 414 4064 ne
423 4006 570 4066 tantillum
584 4009 712 4087 quidem.

210 4101 259 4156 14
283 4097 349 4155 ln
332 4117 366 4157 us
379 4097 468 4176 igitur
481 4099 551 4159 nihil
567 4120 685 4179 prorsus
703 4103 780 4179 requi
799 4112 830 4162 et
847 4103 918 4162 boni
931 4103 1105 4180 continetur,
1115 4107 1206 4192 idque
1216 4131 1268 4173 vos

160 4191 219 4269 ipsi
233 4188 333 4248 statim
347 4189 541 4269 perspicietis.
556 4192 633 4250 Nam
649 4203 679 4252 et
688 4193 825 4266 tilenses,
839 4212 964 4271 quorum
978 4201 1230 4263 reconciliandi
1201 4224 1268 4282 gra-

160 4284 207 4344 tia
221 4302 254 4342 se
268 4283 341 4342 istos
352 4281 513 4344 detinuisse
526 4284 609 4358 dicit,
623 4306 688 4345 eam
703 4285 939 4358 conciliationem
952 4294 1064 4388 experti
1078 4307 1156 4369 sunt,
1170 4308 1203 4356 ut
1217 4315 1269 4354 ex·
1274 4323 1278 4338 »
1338 4351 1343 4367 ,

161 4387 262 4436 torres
284 4375 344 4436 sint
366 4375 448 4451 facti,
462 4387 492 4438 et
507 4379 576 4440 urbs
597 4397 696 4440 eorum
713 4379 752 4439 sit
770 4398 889 4452 eversar
912 4381 1043 4465 captivos
1058 4401 1167 4462 autem,
1180 4389 1205 4449 ιι
1219 4389 1269 4469 qui
