<?xml version="1.0" encoding="UTF-8"?>
<!DOCTYPE html PUBLIC "-//W3C//DTD XHTML 1.0 Transitional//EN"
    "http://www.w3.org/TR/xhtml1/DTD/xhtml1-transitional.dtd">
<html xmlns="http://www.w3.org/1999/xhtml" xml:lang="en" lang="en">
 <head>
  <title>
</title>
<meta http-equiv="Content-Type" content="text/html;charset=utf-8" />
  <meta name='ocr-system' content='tesseract 3.04.00' />
  <meta name='ocr-capabilities' content='ocr_page ocr_carea ocr_par ocr_line ocrx_word'/>
</head>
<body>
  <div class='ocr_page' id='page_1' title='image "./demosthenisetsc08ulpigoog/demosthenisetsc08ulpigoog_0080.png"; bbox 0 0 2920 4950; ppageno 0'>
   <div class='ocr_carea' id='block_1_1' title="bbox 399 275 1213 372">
    <p class='ocr_par' dir='ltr' id='par_1_1' title="bbox 399 275 1213 372">
     <span class='ocr_line' id='line_1_1' title="bbox 399 275 1213 372; baseline 0.004 -3"><span class='ocrx_word' id='word_1_1' title='bbox 399 287 565 370; x_wconf 78' lang='lat' dir='ltr'><strong>&#39;orrrro</strong></span> <span class='ocrx_word' id='word_1_2' title='bbox 587 309 644 370; x_wconf 85' lang='lat' dir='ltr'>nn</span> <span class='ocrx_word' id='word_1_3' title='bbox 666 275 900 372; x_wconf 69' lang='lat' dir='ltr'>sinousso.</span> <span class='ocrx_word' id='word_1_4' title='bbox 1171 311 1213 372; x_wconf 80' lang='lat' dir='ltr'>rs</span> 
     </span>
    </p>
   </div>
   <div class='ocr_carea' id='block_1_2' title="bbox 30 463 1292 1476">
    <p class='ocr_par' dir='ltr' id='par_1_2' title="bbox 30 463 1292 1476">
     <span class='ocr_line' id='line_1_2' title="bbox 35 463 1213 548; baseline 0.004 -25"><span class='ocrx_word' id='word_1_5' title='bbox 35 486 36 490; x_wconf 44' lang='lat'>¹</span> <span class='ocrx_word' id='word_1_6' title='bbox 138 471 291 524; x_wconf 73' lang='lat' dir='ltr'>sumturum</span> <span class='ocrx_word' id='word_1_7' title='bbox 304 463 384 526; x_wconf 84' lang='lat' dir='ltr'>dicit.</span> <span class='ocrx_word' id='word_1_8' title='bbox 423 465 471 526; x_wconf 86' lang='lat' dir='ltr'>An</span> <span class='ocrx_word' id='word_1_9' title='bbox 485 486 544 526; x_wconf 87' lang='lat' dir='ltr'>non</span> <span class='ocrx_word' id='word_1_10' title='bbox 556 465 799 528; x_wconf 65' lang='lat' dir='ltr'>manifestumne</span> <span class='ocrx_word' id='word_1_11' title='bbox 811 468 907 548; x_wconf 83' lang='lat' dir='ltr'>ipsum</span> <span class='ocrx_word' id='word_1_12' title='bbox 920 485 1028 546; x_wconf 67' lang='lat' dir='ltr'>magns</span> <span class='ocrx_word' id='word_1_13' title='bbox 1040 465 1130 527; x_wconf 82' lang='lat' dir='ltr'>inros</span> <span class='ocrx_word' id='word_1_14' title='bbox 1141 485 1213 528; x_wconf 84' lang='lat' dir='ltr'>eon·</span> 
     </span>
     <span class='ocr_line' id='line_1_3' title="bbox 138 549 372 618; baseline 0.017 -6"><span class='ocrx_word' id='word_1_15' title='bbox 138 549 201 614; x_wconf 83' lang='lat' dir='ltr'>fsrre</span> <span class='ocrx_word' id='word_1_16' title='bbox 212 555 372 618; x_wconf 79' lang='lat' dir='ltr'>beneflciei</span> 
     </span>
     <span class='ocr_line' id='line_1_4' title="bbox 172 649 1214 732; baseline 0.01 -25"><span class='ocrx_word' id='word_1_17' title='bbox 172 651 214 708; x_wconf 93' lang='lat' dir='ltr'>ll.</span> <span class='ocrx_word' id='word_1_18' title='bbox 253 649 317 710; x_wconf 85' lang='lat' dir='ltr'>Nec</span> <span class='ocrx_word' id='word_1_19' title='bbox 326 649 439 710; x_wconf 65' lang='lat' dir='ltr'>‘desunt</span> <span class='ocrx_word' id='word_1_20' title='bbox 450 659 547 714; x_wconf 75' lang='lat' dir='ltr'>tamen</span> <span class='ocrx_word' id='word_1_21' title='bbox 560 651 610 732; x_wconf 86' lang='lat' dir='ltr'>qui</span> <span class='ocrx_word' id='word_1_22' title='bbox 619 651 697 712; x_wconf 79' lang='lat' dir='ltr'>hene</span> <span class='ocrx_word' id='word_1_23' title='bbox 707 650 985 732; x_wconf 76' lang='lat' dir='ltr'>epistolsmegregie</span> <span class='ocrx_word' id='word_1_24' title='bbox 995 651 1134 732; x_wconf 67' lang='lat' dir='ltr'>scriptam</span> <span class='ocrx_word' id='word_1_25' title='bbox 1146 672 1214 717; x_wconf 81' lang='lat' dir='ltr'>esse</span> 
     </span>
     <span class='ocr_line' id='line_1_5' title="bbox 32 741 1213 827; baseline 0.002 -23"><span class='ocrx_word' id='word_1_26' title='bbox 32 749 34 804; x_wconf 78' lang='lat' dir='ltr'>i</span> <span class='ocrx_word' id='word_1_27' title='bbox 135 750 270 802; x_wconf 75' lang='lat' dir='ltr'><strong>asserant:</strong></span> <span class='ocrx_word' id='word_1_28' title='bbox 290 741 340 821; x_wconf 90' lang='lat' dir='ltr'>qui</span> <span class='ocrx_word' id='word_1_29' title='bbox 360 741 480 821; x_wconf 84' lang='lat' dir='ltr'>quidem</span> <span class='ocrx_word' id='word_1_30' title='bbox 499 744 608 825; x_wconf 81' lang='lat' dir='ltr'>majore</span> <span class='ocrx_word' id='word_1_31' title='bbox 626 753 734 818; x_wconf 70' lang='lat' dir='ltr'>vestrm</span> <span class='ocrx_word' id='word_1_32' title='bbox 754 761 844 823; x_wconf 82' lang='lat' dir='ltr'>qnam</span> <span class='ocrx_word' id='word_1_33' title='bbox 858 741 1019 824; x_wconf 77' lang='lat' dir='ltr'>Philippus,</span> <span class='ocrx_word' id='word_1_34' title='bbox 1038 744 1107 806; x_wconf 89' lang='lat' dir='ltr'>odio</span> <span class='ocrx_word' id='word_1_35' title='bbox 1130 746 1213 827; x_wconf 85' lang='lat' dir='ltr'>digni</span> 
     </span>
     <span class='ocr_line' id='line_1_6' title="bbox 31 835 1212 920; baseline 0.008 -30"><span class='ocrx_word' id='word_1_36' title='bbox 31 877 33 912; x_wconf 50' lang='lat'>3</span> <span class='ocrx_word' id='word_1_37' title='bbox 134 841 201 892; x_wconf 88' lang='lat' dir='ltr'>sunt.</span> <span class='ocrx_word' id='word_1_38' title='bbox 241 835 271 894; x_wconf 84' lang='lat' dir='ltr'>is</span> <span class='ocrx_word' id='word_1_39' title='bbox 284 835 371 908; x_wconf 88' lang='lat' dir='ltr'>enim,</span> <span class='ocrx_word' id='word_1_40' title='bbox 386 835 457 895; x_wconf 86' lang='lat' dir='ltr'>dum</span> <span class='ocrx_word' id='word_1_41' title='bbox 467 837 550 896; x_wconf 87' lang='lat' dir='ltr'>vobis</span> <span class='ocrx_word' id='word_1_42' title='bbox 561 837 591 896; x_wconf 90' lang='lat' dir='ltr'>in</span> <span class='ocrx_word' id='word_1_43' title='bbox 603 839 691 896; x_wconf 88' lang='lat' dir='ltr'>rebus</span> <span class='ocrx_word' id='word_1_44' title='bbox 706 835 841 898; x_wconf 83' lang='lat' dir='ltr'>omnibus</span> <span class='ocrx_word' id='word_1_45' title='bbox 850 835 1032 909; x_wconf 78' lang='lat' dir='ltr'><strong>adversatur,</strong></span> <span class='ocrx_word' id='word_1_46' title='bbox 1041 836 1212 920; x_wconf 78' lang='lat' dir='ltr'>sibimetipsi</span> 
     </span>
     <span class='ocr_line' id='line_1_7' title="bbox 31 925 1211 1009; baseline 0.008 -25"><span class='ocrx_word' id='word_1_47' title='bbox 31 929 32 932; x_wconf 74' lang='grc'>’</span> <span class='ocrx_word' id='word_1_48' title='bbox 134 925 242 1004; x_wconf 82' lang='lat' dir='ltr'><strong>gloriam</strong></span> <span class='ocrx_word' id='word_1_49' title='bbox 255 937 285 987; x_wconf 89' lang='lat' dir='ltr'>et</span> <span class='ocrx_word' id='word_1_50' title='bbox 296 947 420 1008; x_wconf 74' lang='lat' dir='ltr'>magnas</span> <span class='ocrx_word' id='word_1_51' title='bbox 431 947 501 1008; x_wconf 87' lang='lat' dir='ltr'>opes</span> <span class='ocrx_word' id='word_1_52' title='bbox 514 929 653 1009; x_wconf 78' lang='lat' dir='ltr'>acquirit:</span> <span class='ocrx_word' id='word_1_53' title='bbox 674 937 706 989; x_wconf 81' lang='lat' dir='ltr'>st</span> <span class='ocrx_word' id='word_1_54' title='bbox 718 929 902 1008; x_wconf 78' lang='lat' dir='ltr'>quicumque,</span> <span class='ocrx_word' id='word_1_55' title='bbox 916 926 1108 988; x_wconf 86' lang='lat' dir='ltr'>Athenienses</span> <span class='ocrx_word' id='word_1_56' title='bbox 1119 949 1211 1009; x_wconf 87' lang='lat' dir='ltr'>quum</span> 
     </span>
     <span class='ocr_line' id='line_1_8' title="bbox 31 1017 1212 1102; baseline 0.009 -27"><span class='ocrx_word' id='word_1_57' title='bbox 31 1035 33 1102; x_wconf 61' lang='lat' dir='ltr'>J</span> <span class='ocrx_word' id='word_1_58' title='bbox 133 1017 428 1092; x_wconf 82' lang='lat' dir='ltr'>sint,benevolentism</span> <span class='ocrx_word' id='word_1_59' title='bbox 441 1040 512 1100; x_wconf 84' lang='lat' dir='ltr'>erge</span> <span class='ocrx_word' id='word_1_60' title='bbox 523 1019 699 1102; x_wconf 84' lang='lat' dir='ltr'>Philippum,</span> <span class='ocrx_word' id='word_1_61' title='bbox 722 1041 782 1081; x_wconf 91' lang='lat' dir='ltr'>non</span> <span class='ocrx_word' id='word_1_62' title='bbox 801 1039 872 1100; x_wconf 80' lang='lat' dir='ltr'>erge</span> <span class='ocrx_word' id='word_1_63' title='bbox 891 1021 1017 1100; x_wconf 77' lang='lat' dir='ltr'>petriam</span> <span class='ocrx_word' id='word_1_64' title='bbox 1034 1019 1212 1101; x_wconf 81' lang='lat' dir='ltr'>significent,</span> 
     </span>
     <span class='ocr_line' id='line_1_9' title="bbox 133 1113 1209 1195; baseline 0.008 -25"><span class='ocrx_word' id='word_1_65' title='bbox 133 1129 175 1170; x_wconf 81' lang='lat' dir='ltr'>eos</span> <span class='ocrx_word' id='word_1_66' title='bbox 183 1115 319 1176; x_wconf 87' lang='lat' dir='ltr'>convenit</span> <span class='ocrx_word' id='word_1_67' title='bbox 329 1135 349 1176; x_wconf 80' lang='lat' dir='ltr'>e</span> <span class='ocrx_word' id='word_1_68' title='bbox 361 1116 444 1181; x_wconf 80' lang='lat' dir='ltr'>robis</span> <span class='ocrx_word' id='word_1_69' title='bbox 458 1115 550 1176; x_wconf 81' lang='lat' dir='ltr'>mulos</span> <span class='ocrx_word' id='word_1_70' title='bbox 570 1114 648 1176; x_wconf 82' lang='lat' dir='ltr'>male</span> <span class='ocrx_word' id='word_1_71' title='bbox 668 1113 762 1195; x_wconf 88' lang='lat' dir='ltr'>perdi,</span> <span class='ocrx_word' id='word_1_72' title='bbox 783 1113 809 1174; x_wconf 88' lang='lat' dir='ltr'>si</span> <span class='ocrx_word' id='word_1_73' title='bbox 828 1113 918 1174; x_wconf 88' lang='lat' dir='ltr'>modo</span> <span class='ocrx_word' id='word_1_74' title='bbox 935 1131 989 1174; x_wconf 82' lang='lat' dir='ltr'>vos</span> <span class='ocrx_word' id='word_1_75' title='bbox 1003 1115 1159 1174; x_wconf 70' lang='lat' dir='ltr'>&#39;cerebrum</span> <span class='ocrx_word' id='word_1_76' title='bbox 1179 1118 1209 1178; x_wconf 91' lang='lat' dir='ltr'>in</span> 
     </span>
     <span class='ocr_line' id='line_1_10' title="bbox 30 1201 1292 1286; baseline 0.006 -23"><span class='ocrx_word' id='word_1_77' title='bbox 30 1203 32 1238; x_wconf 56' lang='lat' dir='ltr'>i</span> <span class='ocrx_word' id='word_1_78' title='bbox 131 1207 308 1284; x_wconf 77' lang='lat' dir='ltr'>temporibus,</span> <span class='ocrx_word' id='word_1_79' title='bbox 321 1227 380 1268; x_wconf 91' lang='lat' dir='ltr'>non</span> <span class='ocrx_word' id='word_1_80' title='bbox 390 1207 570 1280; x_wconf 79' lang='lat' dir='ltr'>incalcibus,</span> <span class='ocrx_word' id='word_1_81' title='bbox 580 1207 785 1268; x_wconf 81' lang='lat' dir='ltr'>conculcatum</span> <span class='ocrx_word' id='word_1_82' title='bbox 795 1205 906 1286; x_wconf 81' lang='lat' dir='ltr'>geritis.</span> <span class='ocrx_word' id='word_1_83' title='bbox 946 1205 1102 1284; x_wconf 86' lang='lat' dir='ltr'>Reliquum</span> <span class='ocrx_word' id='word_1_84' title='bbox 1112 1207 1210 1272; x_wconf 79' lang='lat' dir='ltr'>adhuc</span> <span class='ocrx_word' id='word_1_85' title='bbox 1289 1201 1292 1206; x_wconf 64' lang='grc'>’</span> 
     </span>
     <span class='ocr_line' id='line_1_11' title="bbox 131 1296 1209 1380; baseline 0.005 -24"><span class='ocrx_word' id='word_1_86' title='bbox 131 1296 191 1356; x_wconf 83' lang='lat' dir='ltr'>mihi</span> <span class='ocrx_word' id='word_1_87' title='bbox 203 1308 247 1358; x_wconf 83' lang='lat' dir='ltr'>est</span> <span class='ocrx_word' id='word_1_88' title='bbox 259 1309 294 1359; x_wconf 89' lang='lat' dir='ltr'>ut</span> <span class='ocrx_word' id='word_1_89' title='bbox 314 1299 399 1360; x_wconf 79' lang='lat' dir='ltr'>etad</span> <span class='ocrx_word' id='word_1_90' title='bbox 419 1297 591 1380; x_wconf 80' lang='lat' dir='ltr'>proecleraru</span> <span class='ocrx_word' id='word_1_91' title='bbox 612 1299 699 1360; x_wconf 79' lang='lat' dir='ltr'>istam</span> <span class='ocrx_word' id='word_1_92' title='bbox 716 1297 878 1378; x_wconf 73' lang='lat' dir='ltr'>epistulam,</span> <span class='ocrx_word' id='word_1_93' title='bbox 893 1307 925 1358; x_wconf 86' lang='lat' dir='ltr'>et</span> <span class='ocrx_word' id='word_1_94' title='bbox 937 1296 1017 1357; x_wconf 84' lang='lat' dir='ltr'>dicta</span> <span class='ocrx_word' id='word_1_95' title='bbox 1034 1296 1209 1376; x_wconf 78' lang='lat' dir='ltr'>legatorum,</span> 
     </span>
     <span class='ocr_line' id='line_1_12' title="bbox 129 1389 1167 1476; baseline 0.004 -26"><span class='ocrx_word' id='word_1_96' title='bbox 129 1407 288 1471; x_wconf 81' lang='lat' dir='ltr'>responsum</span> <span class='ocrx_word' id='word_1_97' title='bbox 301 1391 428 1455; x_wconf 78' lang='lat' dir='ltr'>scribent</span> <span class='ocrx_word' id='word_1_98' title='bbox 436 1390 515 1476; x_wconf 89' lang='lat' dir='ltr'>quod</span> <span class='ocrx_word' id='word_1_99' title='bbox 528 1400 559 1452; x_wconf 88' lang='lat' dir='ltr'>et</span> <span class='ocrx_word' id='word_1_100' title='bbox 571 1409 687 1472; x_wconf 81' lang='lat' dir='ltr'>oequum</span> <span class='ocrx_word' id='word_1_101' title='bbox 701 1409 767 1452; x_wconf 85' lang='lat' dir='ltr'>esse</span> <span class='ocrx_word' id='word_1_102' title='bbox 780 1400 811 1450; x_wconf 87' lang='lat' dir='ltr'>et</span> <span class='ocrx_word' id='word_1_103' title='bbox 817 1389 899 1462; x_wconf 82' lang='lat' dir='ltr'>vobis</span> <span class='ocrx_word' id='word_1_104' title='bbox 912 1389 984 1459; x_wconf 83' lang='lat' dir='ltr'>utile</span> <span class='ocrx_word' id='word_1_105' title='bbox 996 1389 1167 1456; x_wconf 84' lang='lat' dir='ltr'>existimem.</span> 
     </span>
    </p>
   </div>
   <div class='ocr_carea' id='block_1_3' title="bbox 0 0 1464 4950">
    <p class='ocr_par' dir='ltr' id='par_1_3' title="bbox 0 0 1464 4950">
     <span class='ocr_line' id='line_1_13' title="bbox 0 0 1464 4950; baseline 0 10"><span class='ocrx_word' id='word_1_106' title='bbox 0 0 1464 4950; x_wconf 95' lang='lat' dir='ltr'> </span> 
     </span>
    </p>
   </div>
  </div>
 </body>
</html>
