<?xml version="1.0" encoding="UTF-8"?>
<!DOCTYPE html PUBLIC "-//W3C//DTD XHTML 1.0 Transitional//EN"
    "http://www.w3.org/TR/xhtml1/DTD/xhtml1-transitional.dtd">
<html xmlns="http://www.w3.org/1999/xhtml" xml:lang="en" lang="en">
 <head>
  <title>
</title>
<meta http-equiv="Content-Type" content="text/html;charset=utf-8" />
  <meta name='ocr-system' content='tesseract 3.04.00' />
  <meta name='ocr-capabilities' content='ocr_page ocr_carea ocr_par ocr_line ocrx_word'/>
</head>
<body>
  <div class='ocr_page' id='page_1' title='image "./demosthenisetsc08ulpigoog/demosthenisetsc08ulpigoog_0215.png"; bbox 0 0 2946 4954; ppageno 0'>
   <div class='ocr_carea' id='block_1_1' title="bbox 184 213 904 328">
    <p class='ocr_par' dir='ltr' id='par_1_1' title="bbox 184 213 904 328">
     <span class='ocr_line' id='line_1_1' title="bbox 184 213 904 328; baseline 0 -2"><span class='ocrx_word' id='word_1_1' title='bbox 184 213 188 226; x_wconf 55' lang='lat'><em>¹</em></span> <span class='ocrx_word' id='word_1_2' title='bbox 227 271 285 328; x_wconf 75' lang='lat'>204</span> <span class='ocrx_word' id='word_1_3' title='bbox 641 267 698 327; x_wconf 84' lang='lat' dir='ltr'>DE</span> <span class='ocrx_word' id='word_1_4' title='bbox 720 263 904 328; x_wconf 80' lang='lat' dir='ltr'><strong>CORONA.</strong></span> 
     </span>
    </p>
   </div>
   <div class='ocr_carea' id='block_1_2' title="bbox 557 516 980 578">
    <p class='ocr_par' dir='ltr' id='par_1_2' title="bbox 557 516 980 578">
     <span class='ocr_line' id='line_1_2' title="bbox 557 516 980 578; baseline 0.009 -7"><span class='ocrx_word' id='word_1_5' title='bbox 557 517 770 578; x_wconf 67' lang='lat' dir='ltr'>,saissonis</span> <span class='ocrx_word' id='word_1_6' title='bbox 791 516 980 577; x_wconf 76' lang='lat' dir='ltr'>Plllldl-’PL</span> 
     </span>
    </p>
   </div>
   <div class='ocr_carea' id='block_1_3' title="bbox 224 637 1322 1294">
    <p class='ocr_par' dir='ltr' id='par_1_3' title="bbox 224 637 1322 1294">
     <span class='ocr_line' id='line_1_3' title="bbox 229 637 1321 764; baseline -0.005 -46"><span class='ocrx_word' id='word_1_7' title='bbox 229 641 297 726; x_wconf 77' lang='lat' dir='ltr'>Hire</span> <span class='ocrx_word' id='word_1_8' title='bbox 311 637 423 764; x_wconf 80' lang='lat' dir='ltr'>redegit</span> <span class='ocrx_word' id='word_1_9' title='bbox 446 645 612 740; x_wconf 84' lang='lat' dir='ltr'>Philippum</span> <span class='ocrx_word' id='word_1_10' title='bbox 631 681 698 725; x_wconf 83' lang='lat' dir='ltr'>mea</span> <span class='ocrx_word' id='word_1_11' title='bbox 721 658 792 741; x_wconf 91' lang='lat' dir='ltr'>reip.</span> <span class='ocrx_word' id='word_1_12' title='bbox 808 652 942 742; x_wconf 73' lang='lat' dir='ltr'>gerendae</span> <span class='ocrx_word' id='word_1_13' title='bbox 967 657 1049 730; x_wconf 85' lang='lat' dir='ltr'>ratio,</span> <span class='ocrx_word' id='word_1_14' title='bbox 1065 644 1223 714; x_wconf 78' lang='lat' dir='ltr'>AEschir&#39;re:</span> <span class='ocrx_word' id='word_1_15' title='bbox 1243 646 1321 713; x_wconf 86' lang='lat' dir='ltr'>banc</span> 
     </span>
     <span class='ocr_line' id='line_1_4' title="bbox 227 731 1321 836; baseline -0.005 -28"><span class='ocrx_word' id='word_1_16' title='bbox 227 731 308 808; x_wconf 78' lang='lat' dir='ltr'>ilium</span> <span class='ocrx_word' id='word_1_17' title='bbox 322 753 422 810; x_wconf 80' lang='lat' dir='ltr'>vocem</span> <span class='ocrx_word' id='word_1_18' title='bbox 436 753 547 814; x_wconf 90' lang='lat' dir='ltr'>mittere</span> <span class='ocrx_word' id='word_1_19' title='bbox 562 755 655 836; x_wconf 88' lang='lat' dir='ltr'>coegi,</span> <span class='ocrx_word' id='word_1_20' title='bbox 669 755 717 833; x_wconf 94' lang='lat' dir='ltr'>qui</span> <span class='ocrx_word' id='word_1_21' title='bbox 732 765 819 814; x_wconf 87' lang='lat' dir='ltr'>antea</span> <span class='ocrx_word' id='word_1_22' title='bbox 832 753 931 814; x_wconf 81' lang='lat' dir='ltr'>multa</span> <span class='ocrx_word' id='word_1_23' title='bbox 943 761 1030 829; x_wconf 88' lang='lat' dir='ltr'>atque</span> <span class='ocrx_word' id='word_1_24' title='bbox 1052 746 1183 808; x_wconf 82' lang='lat' dir='ltr'>incolent</span> <span class='ocrx_word' id='word_1_25' title='bbox 1165 757 1205 806; x_wconf 84' lang='lat' dir='ltr'>tra</span> <span class='ocrx_word' id='word_1_26' title='bbox 1227 745 1269 805; x_wconf 92' lang='lat' dir='ltr'>in</span> <span class='ocrx_word' id='word_1_27' title='bbox 1279 747 1321 805; x_wconf 92' lang='lat' dir='ltr'>ci-</span> 
     </span>
     <span class='ocr_line' id='line_1_5' title="bbox 227 833 1320 925; baseline -0.006 -22"><span class='ocrx_word' id='word_1_28' title='bbox 227 845 348 904; x_wconf 87' lang='lat' dir='ltr'>vitatem</span> <span class='ocrx_word' id='word_1_29' title='bbox 362 856 489 906; x_wconf 87' lang='lat' dir='ltr'>nostram</span> <span class='ocrx_word' id='word_1_30' title='bbox 503 835 592 910; x_wconf 87' lang='lat' dir='ltr'>verba</span> <span class='ocrx_word' id='word_1_31' title='bbox 605 858 793 908; x_wconf 84' lang='lat' dir='ltr'><strong>contorserat.</strong></span> <span class='ocrx_word' id='word_1_32' title='bbox 836 833 894 906; x_wconf 84' lang='lat' dir='ltr'>Pro</span> <span class='ocrx_word' id='word_1_33' title='bbox 906 845 1010 925; x_wconf 90' lang='lat' dir='ltr'>quibus</span> <span class='ocrx_word' id='word_1_34' title='bbox 1025 862 1082 922; x_wconf 87' lang='lat' dir='ltr'>ego</span> <span class='ocrx_word' id='word_1_35' title='bbox 1097 840 1199 900; x_wconf 87' lang='lat' dir='ltr'>merito</span> <span class='ocrx_word' id='word_1_36' title='bbox 1219 841 1256 899; x_wconf 88' lang='lat' dir='ltr'>ab</span> <span class='ocrx_word' id='word_1_37' title='bbox 1273 834 1320 896; x_wconf 86' lang='lat' dir='ltr'>bis</span> 
     </span>
     <span class='ocr_line' id='line_1_6' title="bbox 227 935 1321 1023; baseline -0.005 -27"><span class='ocrx_word' id='word_1_38' title='bbox 227 935 336 996; x_wconf 73' lang='lat' dir='ltr'>corona</span> <span class='ocrx_word' id='word_1_39' title='bbox 356 957 421 997; x_wconf 90' lang='lat' dir='ltr'>sum</span> <span class='ocrx_word' id='word_1_40' title='bbox 446 937 583 1012; x_wconf 87' lang='lat' dir='ltr'>donatus,</span> <span class='ocrx_word' id='word_1_41' title='bbox 600 960 693 1023; x_wconf 90' lang='lat' dir='ltr'>neque</span> <span class='ocrx_word' id='word_1_42' title='bbox 714 950 745 999; x_wconf 89' lang='lat' dir='ltr'>tu</span> <span class='ocrx_word' id='word_1_43' title='bbox 770 961 837 1004; x_wconf 88' lang='lat' dir='ltr'>cum</span> <span class='ocrx_word' id='word_1_44' title='bbox 863 939 982 1000; x_wconf 81' lang='lat' dir='ltr'>adesses</span> <span class='ocrx_word' id='word_1_45' title='bbox 1003 935 1213 1006; x_wconf 77' lang='lat' dir='ltr'>contradixisti,</span> <span class='ocrx_word' id='word_1_46' title='bbox 1226 929 1321 1009; x_wconf 83' lang='lat' dir='ltr'>etqui</span> 
     </span>
     <span class='ocr_line' id='line_1_7' title="bbox 227 1020 1322 1115; baseline -0.009 -23"><span class='ocrx_word' id='word_1_47' title='bbox 227 1044 274 1092; x_wconf 82' lang='lat' dir='ltr'>ute</span> <span class='ocrx_word' id='word_1_48' title='bbox 286 1033 435 1094; x_wconf 88' lang='lat' dir='ltr'>accusavit</span> <span class='ocrx_word' id='word_1_49' title='bbox 449 1021 585 1093; x_wconf 84' lang='lat' dir='ltr'>Diondas</span> <span class='ocrx_word' id='word_1_50' title='bbox 600 1033 730 1115; x_wconf 77' lang='lat' dir='ltr'>quintam</span> <span class='ocrx_word' id='word_1_51' title='bbox 744 1020 948 1112; x_wconf 69' lang='lat' dir='ltr'>suffragiorum</span> <span class='ocrx_word' id='word_1_52' title='bbox 969 1038 1080 1110; x_wconf 88' lang='lat' dir='ltr'>partem</span> <span class='ocrx_word' id='word_1_53' title='bbox 1103 1048 1163 1088; x_wconf 91' lang='lat' dir='ltr'>non</span> <span class='ocrx_word' id='word_1_54' title='bbox 1185 1023 1322 1085; x_wconf 87' lang='lat' dir='ltr'>obtinuit</span> 
     </span>
     <span class='ocr_line' id='line_1_8' title="bbox 228 1107 1322 1205; baseline -0.005 -25"><span class='ocrx_word' id='word_1_55' title='bbox 228 1107 278 1180; x_wconf 86' lang='lat' dir='ltr'>Ac</span> <span class='ocrx_word' id='word_1_56' title='bbox 291 1110 361 1181; x_wconf 89' lang='lat' dir='ltr'>mibi</span> <span class='ocrx_word' id='word_1_57' title='bbox 379 1123 467 1183; x_wconf 89' lang='lat' dir='ltr'>recita</span> <span class='ocrx_word' id='word_1_58' title='bbox 478 1123 527 1184; x_wconf 92' lang='lat' dir='ltr'>illa</span> <span class='ocrx_word' id='word_1_59' title='bbox 541 1117 669 1197; x_wconf 78' lang='lat' dir='ltr'>decreta,¹</span> <span class='ocrx_word' id='word_1_60' title='bbox 681 1145 745 1205; x_wconf 88' lang='lat' dir='ltr'>quas</span> <span class='ocrx_word' id='word_1_61' title='bbox 759 1135 829 1186; x_wconf 90' lang='lat' dir='ltr'>tunc</span> <span class='ocrx_word' id='word_1_62' title='bbox 839 1121 1106 1204; x_wconf 85' lang='lat' dir='ltr'>judicioabsoluta,</span> <span class='ocrx_word' id='word_1_63' title='bbox 1120 1115 1224 1179; x_wconf 87' lang='lat' dir='ltr'>abhoc</span> <span class='ocrx_word' id='word_1_64' title='bbox 1239 1137 1275 1178; x_wconf 91' lang='lat' dir='ltr'>ne</span> <span class='ocrx_word' id='word_1_65' title='bbox 1289 1115 1322 1174; x_wconf 88' lang='lat' dir='ltr'>iu</span> 
     </span>
     <span class='ocr_line' id='line_1_9' title="bbox 224 1209 611 1294; baseline 0.011 -24"><span class='ocrx_word' id='word_1_66' title='bbox 224 1211 273 1291; x_wconf 88' lang='lat' dir='ltr'>jus</span> <span class='ocrx_word' id='word_1_67' title='bbox 286 1209 402 1294; x_wconf 90' lang='lat' dir='ltr'>quidem</span> <span class='ocrx_word' id='word_1_68' title='bbox 416 1225 522 1282; x_wconf 76' lang='lat' dir='ltr'>vocata</span> <span class='ocrx_word' id='word_1_69' title='bbox 533 1225 611 1276; x_wconf 88' lang='lat' dir='ltr'>sunt.</span> 
     </span>
    </p>
   </div>
   <div class='ocr_carea' id='block_1_4' title="bbox 677 1363 882 1442">
    <p class='ocr_par' dir='ltr' id='par_1_4' title="bbox 677 1363 882 1442">
     <span class='ocr_line' id='line_1_10' title="bbox 677 1363 882 1442; baseline -0.005 -2"><span class='ocrx_word' id='word_1_70' title='bbox 677 1363 882 1442; x_wconf 75' lang='lat' dir='ltr'>nnonn&#39;n&#39;n.</span> 
     </span>
    </p>
   </div>
   <div class='ocr_carea' id='block_1_5' title="bbox 226 1517 1327 1880">
    <p class='ocr_par' dir='ltr' id='par_1_5' title="bbox 226 1517 1327 1880">
     <span class='ocr_line' id='line_1_11' title="bbox 226 1517 1324 1603; baseline -0.001 -27"><span class='ocrx_word' id='word_1_71' title='bbox 226 1549 228 1556; x_wconf 41' lang='grc' dir='ltr'>ι</span> <span class='ocrx_word' id='word_1_72' title='bbox 269 1520 319 1580; x_wconf 84' lang='lat'>65.</span> <span class='ocrx_word' id='word_1_73' title='bbox 341 1520 416 1580; x_wconf 85' lang='lat' dir='ltr'>Haec</span> <span class='ocrx_word' id='word_1_74' title='bbox 427 1520 555 1595; x_wconf 88' lang='lat' dir='ltr'>decreta,</span> <span class='ocrx_word' id='word_1_75' title='bbox 569 1525 773 1595; x_wconf 86' lang='lat' dir='ltr'>Athenienses,</span> <span class='ocrx_word' id='word_1_76' title='bbox 787 1525 904 1584; x_wconf 87' lang='lat' dir='ltr'>easdem</span> <span class='ocrx_word' id='word_1_77' title='bbox 919 1524 1046 1603; x_wconf 81' lang='lat' dir='ltr'>syllabas</span> <span class='ocrx_word' id='word_1_78' title='bbox 1060 1521 1218 1597; x_wconf 85' lang='lat' dir='ltr'>eademque</span> <span class='ocrx_word' id='word_1_79' title='bbox 1232 1517 1324 1576; x_wconf 87' lang='lat' dir='ltr'>verba</span> 
     </span>
     <span class='ocr_line' id='line_1_12' title="bbox 228 1605 1323 1696; baseline -0.005 -25"><span class='ocrx_word' id='word_1_80' title='bbox 228 1613 389 1684; x_wconf 86' lang='lat' dir='ltr'>continent,</span> <span class='ocrx_word' id='word_1_81' title='bbox 403 1615 470 1692; x_wconf 85' lang='lat' dir='ltr'>qua&#39;e</span> <span class='ocrx_word' id='word_1_82' title='bbox 483 1624 551 1674; x_wconf 86' lang='lat' dir='ltr'>ante</span> <span class='ocrx_word' id='word_1_83' title='bbox 566 1617 759 1689; x_wconf 75' lang='lat' dir='ltr'>Aristonicus,</span> <span class='ocrx_word' id='word_1_84' title='bbox 774 1631 850 1676; x_wconf 88' lang='lat' dir='ltr'>nuuc</span> <span class='ocrx_word' id='word_1_85' title='bbox 870 1617 1031 1696; x_wconf 79' lang='lat' dir='ltr'>Ctesiphon</span> <span class='ocrx_word' id='word_1_86' title='bbox 1053 1605 1109 1675; x_wconf 85' lang='lat' dir='ltr'>iste</span> <span class='ocrx_word' id='word_1_87' title='bbox 1122 1613 1254 1692; x_wconf 85' lang='lat' dir='ltr'>scripsit;</span> <span class='ocrx_word' id='word_1_88' title='bbox 1277 1619 1323 1668; x_wconf 87' lang='lat' dir='ltr'>at-</span> 
     </span>
     <span class='ocr_line' id='line_1_13' title="bbox 228 1706 1324 1790; baseline -0.005 -24"><span class='ocrx_word' id='word_1_89' title='bbox 228 1725 286 1786; x_wconf 79' lang='lat' dir='ltr'>que</span> <span class='ocrx_word' id='word_1_90' title='bbox 304 1706 368 1769; x_wconf 75' lang='lat' dir='ltr'>hae</span> <span class='ocrx_word' id='word_1_91' title='bbox 380 1707 533 1768; x_wconf 84' lang='lat' dir='ltr'>AEschines</span> <span class='ocrx_word' id='word_1_92' title='bbox 547 1729 600 1769; x_wconf 89' lang='lat' dir='ltr'>uec</span> <span class='ocrx_word' id='word_1_93' title='bbox 618 1710 680 1788; x_wconf 88' lang='lat' dir='ltr'>ipse</span> <span class='ocrx_word' id='word_1_94' title='bbox 689 1710 800 1790; x_wconf 89' lang='lat' dir='ltr'>judicio</span> <span class='ocrx_word' id='word_1_95' title='bbox 814 1719 987 1788; x_wconf 90' lang='lat' dir='ltr'>persecutus</span> <span class='ocrx_word' id='word_1_96' title='bbox 1001 1717 1056 1782; x_wconf 89' lang='lat' dir='ltr'>est,</span> <span class='ocrx_word' id='word_1_97' title='bbox 1070 1726 1164 1785; x_wconf 90' lang='lat' dir='ltr'>neque</span> <span class='ocrx_word' id='word_1_98' title='bbox 1179 1721 1324 1764; x_wconf 70' lang='lat' dir='ltr'>ascusam</span> 
     </span>
     <span class='ocr_line' id='line_1_14' title="bbox 228 1797 1327 1880; baseline -0.002 -25"><span class='ocrx_word' id='word_1_99' title='bbox 228 1798 256 1878; x_wconf 86' lang='lat' dir='ltr'>ti</span> <span class='ocrx_word' id='word_1_100' title='bbox 271 1797 451 1879; x_wconf 79' lang='lat' dir='ltr'>subscripsit.</span> <span class='ocrx_word' id='word_1_101' title='bbox 494 1801 586 1880; x_wconf 85' lang='lat' dir='ltr'>Atqui</span> <span class='ocrx_word' id='word_1_102' title='bbox 613 1810 684 1862; x_wconf 93' lang='lat' dir='ltr'>tunc</span> <span class='ocrx_word' id='word_1_103' title='bbox 711 1803 909 1864; x_wconf 91' lang='lat' dir='ltr'>Demomelem</span> <span class='ocrx_word' id='word_1_104' title='bbox 933 1801 983 1880; x_wconf 88' lang='lat' dir='ltr'>qui</span> <span class='ocrx_word' id='word_1_105' title='bbox 1007 1801 1072 1860; x_wconf 82' lang='lat' dir='ltr'>baec</span> <span class='ocrx_word' id='word_1_106' title='bbox 1097 1798 1273 1860; x_wconf 88' lang='lat' dir='ltr'>decernebat</span> <span class='ocrx_word' id='word_1_107' title='bbox 1294 1804 1327 1854; x_wconf 90' lang='lat' dir='ltr'>et</span> 
     </span>
    </p>
   </div>
   <div class='ocr_carea' id='block_1_6' title="bbox 230 1887 1456 1979">
    <p class='ocr_par' dir='ltr' id='par_1_6' title="bbox 230 1887 1456 1979">
     <span class='ocr_line' id='line_1_15' title="bbox 230 1887 1456 1979; baseline -0.007 -27"><span class='ocrx_word' id='word_1_108' title='bbox 230 1887 422 1971; x_wconf 77' lang='lat' dir='ltr'>Hyperidem,</span> <span class='ocrx_word' id='word_1_109' title='bbox 437 1891 591 1970; x_wconf 90' lang='lat' dir='ltr'>siquidem</span> <span class='ocrx_word' id='word_1_110' title='bbox 605 1896 680 1954; x_wconf 84' lang='lat' dir='ltr'>reris</span> <span class='ocrx_word' id='word_1_111' title='bbox 704 1915 749 1954; x_wconf 89' lang='lat' dir='ltr'>me</span> <span class='ocrx_word' id='word_1_112' title='bbox 769 1895 934 1956; x_wconf 85' lang='lat' dir='ltr'>criminibus</span> <span class='ocrx_word' id='word_1_113' title='bbox 958 1913 1036 1954; x_wconf 89' lang='lat' dir='ltr'>nunc</span> <span class='ocrx_word' id='word_1_114' title='bbox 1055 1890 1187 1962; x_wconf 85' lang='lat' dir='ltr'>arcessit,</span> <span class='ocrx_word' id='word_1_115' title='bbox 1208 1887 1324 1967; x_wconf 83' lang='lat' dir='ltr'>sequius</span> <span class='ocrx_word' id='word_1_116' title='bbox 1369 1970 1373 1979; x_wconf 30' lang='grc'>1</span> <span class='ocrx_word' id='word_1_117' title='bbox 1455 1923 1456 1930; x_wconf 28' lang='grc' dir='ltr'>ι</span> 
     </span>
    </p>
   </div>
   <div class='ocr_carea' id='block_1_7' title="bbox 117 1979 1325 2063">
    <p class='ocr_par' dir='ltr' id='par_1_7' title="bbox 117 1979 1325 2063">
     <span class='ocr_line' id='line_1_16' title="bbox 117 1979 1325 2063; baseline 0.002 -27"><span class='ocrx_word' id='word_1_118' title='bbox 117 2029 119 2036; x_wconf 81' lang='grc'>,</span> <span class='ocrx_word' id='word_1_119' title='bbox 229 1980 384 2059; x_wconf 82' lang='lat' dir='ltr'>fuitquam</span> <span class='ocrx_word' id='word_1_120' title='bbox 397 1983 512 2044; x_wconf 82' lang='lat' dir='ltr'>huncce</span> <span class='ocrx_word' id='word_1_121' title='bbox 526 2007 675 2049; x_wconf 86' lang='lat' dir='ltr'>accusare.</span> <span class='ocrx_word' id='word_1_122' title='bbox 718 1987 798 2054; x_wconf 85' lang='lat' dir='ltr'>Quid</span> <span class='ocrx_word' id='word_1_123' title='bbox 819 1987 879 2046; x_wconf 83' lang='lat' dir='ltr'>ita?</span> <span class='ocrx_word' id='word_1_124' title='bbox 912 1983 988 2056; x_wconf 88' lang='lat' dir='ltr'>Quia</span> <span class='ocrx_word' id='word_1_125' title='bbox 1005 1982 1189 2063; x_wconf 84' lang='lat' dir='ltr'>Ctesiphonti</span> <span class='ocrx_word' id='word_1_126' title='bbox 1201 1979 1325 2059; x_wconf 90' lang='lat' dir='ltr'>quidem</span> 
     </span>
    </p>
   </div>
   <div class='ocr_carea' id='block_1_8' title="bbox 228 2063 1329 4466">
    <p class='ocr_par' dir='ltr' id='par_1_8' title="bbox 228 2063 1329 2613">
     <span class='ocr_line' id='line_1_17' title="bbox 228 2063 1327 2160; baseline 0.003 -31"><span class='ocrx_word' id='word_1_127' title='bbox 228 2063 297 2132; x_wconf 80' lang='lat' dir='ltr'>licei</span> <span class='ocrx_word' id='word_1_128' title='bbox 322 2075 352 2133; x_wconf 92' lang='lat' dir='ltr'>in</span> <span class='ocrx_word' id='word_1_129' title='bbox 377 2075 444 2136; x_wconf 88' lang='lat' dir='ltr'>illos</span> <span class='ocrx_word' id='word_1_130' title='bbox 467 2096 601 2158; x_wconf 83' lang='lat' dir='ltr'>regerere</span> <span class='ocrx_word' id='word_1_131' title='bbox 624 2091 688 2140; x_wconf 90' lang='lat' dir='ltr'>tum·</span> <span class='ocrx_word' id='word_1_132' title='bbox 706 2081 882 2160; x_wconf 81' lang='lat' dir='ltr'>judiciorum</span> <span class='ocrx_word' id='word_1_133' title='bbox 904 2079 1098 2158; x_wconf 84' lang='lat' dir='ltr'>cognitiones,</span> <span class='ocrx_word' id='word_1_134' title='bbox 1116 2087 1178 2134; x_wconf 91' lang='lat' dir='ltr'>tum</span> <span class='ocrx_word' id='word_1_135' title='bbox 1201 2083 1232 2132; x_wconf 91' lang='lat' dir='ltr'>et</span> <span class='ocrx_word' id='word_1_136' title='bbox 1247 2073 1327 2132; x_wconf 90' lang='lat' dir='ltr'>illud</span> 
     </span>
     <span class='ocr_line' id='line_1_18' title="bbox 229 2165 1329 2252; baseline 0 -28"><span class='ocrx_word' id='word_1_137' title='bbox 229 2165 309 2242; x_wconf 77' lang='lat' dir='ltr'>quud</span> <span class='ocrx_word' id='word_1_138' title='bbox 321 2187 416 2248; x_wconf 85' lang='lat' dir='ltr'>neque</span> <span class='ocrx_word' id='word_1_139' title='bbox 430 2171 486 2230; x_wconf 90' lang='lat' dir='ltr'>iste</span> <span class='ocrx_word' id='word_1_140' title='bbox 500 2174 563 2249; x_wconf 92' lang='lat' dir='ltr'>ipse</span> <span class='ocrx_word' id='word_1_141' title='bbox 577 2193 627 2230; x_wconf 88' lang='lat' dir='ltr'>eos</span> <span class='ocrx_word' id='word_1_142' title='bbox 643 2173 791 2234; x_wconf 86' lang='lat' dir='ltr'>accusavit</span> <span class='ocrx_word' id='word_1_143' title='bbox 804 2173 855 2252; x_wconf 88' lang='lat' dir='ltr'>qui</span> <span class='ocrx_word' id='word_1_144' title='bbox 869 2173 981 2242; x_wconf 85' lang='lat' dir='ltr'>eadem,</span> <span class='ocrx_word' id='word_1_145' title='bbox 995 2191 1062 2250; x_wconf 88' lang='lat' dir='ltr'>quae</span> <span class='ocrx_word' id='word_1_146' title='bbox 1083 2169 1132 2228; x_wconf 87' lang='lat' dir='ltr'>hic</span> <span class='ocrx_word' id='word_1_147' title='bbox 1153 2185 1232 2226; x_wconf 86' lang='lat' dir='ltr'>nunc</span> <span class='ocrx_word' id='word_1_148' title='bbox 1253 2165 1329 2224; x_wconf 85' lang='lat' dir='ltr'>scri-</span> 
     </span>
     <span class='ocr_line' id='line_1_19' title="bbox 229 2259 1328 2342; baseline -0.003 -24"><span class='ocrx_word' id='word_1_149' title='bbox 229 2259 297 2342; x_wconf 85' lang='lat' dir='ltr'>psit,</span> <span class='ocrx_word' id='word_1_150' title='bbox 311 2259 514 2334; x_wconf 81' lang='lat' dir='ltr'>decreverunt,</span> <span class='ocrx_word' id='word_1_151' title='bbox 528 2264 653 2340; x_wconf 85' lang='lat' dir='ltr'>denique</span> <span class='ocrx_word' id='word_1_152' title='bbox 667 2266 747 2341; x_wconf 90' lang='lat' dir='ltr'>quod</span> <span class='ocrx_word' id='word_1_153' title='bbox 758 2286 817 2322; x_wconf 82' lang='lat' dir='ltr'>non</span> <span class='ocrx_word' id='word_1_154' title='bbox 831 2264 955 2342; x_wconf 86' lang='lat' dir='ltr'>amplius</span> <span class='ocrx_word' id='word_1_155' title='bbox 975 2263 1072 2324; x_wconf 83' lang='lat' dir='ltr'>sinaut</span> <span class='ocrx_word' id='word_1_156' title='bbox 1090 2262 1173 2338; x_wconf 88' lang='lat' dir='ltr'>leges</span> <span class='ocrx_word' id='word_1_157' title='bbox 1187 2259 1328 2318; x_wconf 83' lang='lat' dir='ltr'>derebus</span> 
     </span>
     <span class='ocr_line' id='line_1_20' title="bbox 229 2348 1328 2432; baseline 0.005 -26"><span class='ocrx_word' id='word_1_158' title='bbox 229 2348 270 2408; x_wconf 84' lang='lat' dir='ltr'>ita</span> <span class='ocrx_word' id='word_1_159' title='bbox 282 2353 434 2412; x_wconf 73' lang='lat' dir='ltr'>transactis</span> <span class='ocrx_word' id='word_1_160' title='bbox 448 2373 612 2432; x_wconf 77' lang='lat' dir='ltr'>quenquam</span> <span class='ocrx_word' id='word_1_161' title='bbox 625 2355 655 2412; x_wconf 90' lang='lat' dir='ltr'>in</span> <span class='ocrx_word' id='word_1_162' title='bbox 664 2354 808 2430; x_wconf 79' lang='lat' dir='ltr'>,iudicium</span> <span class='ocrx_word' id='word_1_163' title='bbox 818 2373 935 2422; x_wconf 82' lang='lat' dir='ltr'>vocare,</span> <span class='ocrx_word' id='word_1_164' title='bbox 949 2365 981 2410; x_wconf 87' lang='lat' dir='ltr'>et</span> <span class='ocrx_word' id='word_1_165' title='bbox 993 2351 1138 2430; x_wconf 86' lang='lat' dir='ltr'>permulta</span> <span class='ocrx_word' id='word_1_166' title='bbox 1156 2351 1232 2410; x_wconf 84' lang='lat' dir='ltr'>alia:</span> <span class='ocrx_word' id='word_1_167' title='bbox 1253 2359 1328 2411; x_wconf 83' lang='lat' dir='ltr'>tunc</span> 
     </span>
     <span class='ocr_line' id='line_1_21' title="bbox 228 2437 1327 2524; baseline -0.002 -22"><span class='ocrx_word' id='word_1_168' title='bbox 228 2451 325 2503; x_wconf 84' lang='lat' dir='ltr'>autern</span> <span class='ocrx_word' id='word_1_169' title='bbox 338 2463 432 2521; x_wconf 84' lang='lat' dir='ltr'>perse</span> <span class='ocrx_word' id='word_1_170' title='bbox 452 2463 498 2506; x_wconf 86' lang='lat' dir='ltr'>res</span> <span class='ocrx_word' id='word_1_171' title='bbox 519 2447 549 2502; x_wconf 89' lang='lat' dir='ltr'>in</span> <span class='ocrx_word' id='word_1_172' title='bbox 566 2445 810 2524; x_wconf 20' lang='lat' dir='ltr'>,disceptationem</span> <span class='ocrx_word' id='word_1_173' title='bbox 823 2443 960 2516; x_wconf 86' lang='lat' dir='ltr'>venisset,</span> <span class='ocrx_word' id='word_1_174' title='bbox 973 2443 1140 2522; x_wconf 86' lang='lat' dir='ltr'>priusquam</span> <span class='ocrx_word' id='word_1_175' title='bbox 1163 2437 1327 2521; x_wconf 74' lang='lat' dir='ltr'>aliquidaut</span> 
     </span>
     <span class='ocr_line' id='line_1_22' title="bbox 230 2529 603 2613; baseline 0.005 -23"><span class='ocrx_word' id='word_1_176' title='bbox 230 2532 276 2593; x_wconf 86' lang='lat' dir='ltr'>his</span> <span class='ocrx_word' id='word_1_177' title='bbox 292 2529 346 2590; x_wconf 83' lang='lat' dir='ltr'>iste</span> <span class='ocrx_word' id='word_1_178' title='bbox 360 2543 603 2613; x_wconf 78' lang='lat' dir='ltr'>praeoccupasset.</span> 
     </span>
    </p>

    <p class='ocr_par' dir='ltr' id='par_1_9' title="bbox 230 2623 1326 3722">
     <span class='ocr_line' id='line_1_23' title="bbox 269 2623 1326 2704; baseline 0.003 -23"><span class='ocrx_word' id='word_1_179' title='bbox 269 2624 320 2682; x_wconf 89' lang='lat'>66.</span> <span class='ocrx_word' id='word_1_180' title='bbox 342 2625 450 2684; x_wconf 88' lang='lat' dir='ltr'>Verum</span> <span class='ocrx_word' id='word_1_181' title='bbox 464 2645 523 2685; x_wconf 88' lang='lat' dir='ltr'>non</span> <span class='ocrx_word' id='word_1_182' title='bbox 543 2625 650 2684; x_wconf 90' lang='lat' dir='ltr'>licebat</span> <span class='ocrx_word' id='word_1_183' title='bbox 672 2626 784 2704; x_wconf 88' lang='lat' dir='ltr'>opinor,</span> <span class='ocrx_word' id='word_1_184' title='bbox 798 2635 859 2684; x_wconf 90' lang='lat' dir='ltr'>tum</span> <span class='ocrx_word' id='word_1_185' title='bbox 874 2624 954 2703; x_wconf 91' lang='lat' dir='ltr'>quod</span> <span class='ocrx_word' id='word_1_186' title='bbox 972 2644 1049 2684; x_wconf 88' lang='lat' dir='ltr'>nune</span> <span class='ocrx_word' id='word_1_187' title='bbox 1071 2623 1150 2696; x_wconf 84' lang='lat' dir='ltr'>facit,</span> <span class='ocrx_word' id='word_1_188' title='bbox 1165 2625 1201 2687; x_wconf 87' lang='lat' dir='ltr'>ab</span> <span class='ocrx_word' id='word_1_189' title='bbox 1216 2624 1326 2684; x_wconf 86' lang='lat' dir='ltr'>ultimis</span> 
     </span>
     <span class='ocr_line' id='line_1_24' title="bbox 231 2713 1325 2794; baseline -0.002 -18"><span class='ocrx_word' id='word_1_190' title='bbox 231 2713 410 2794; x_wconf 80' lang='lat' dir='ltr'>temporibus</span> <span class='ocrx_word' id='word_1_191' title='bbox 438 2728 468 2777; x_wconf 86' lang='lat' dir='ltr'>et</span> <span class='ocrx_word' id='word_1_192' title='bbox 495 2738 531 2776; x_wconf 84' lang='lat' dir='ltr'>err</span> <span class='ocrx_word' id='word_1_193' title='bbox 558 2717 657 2776; x_wconf 88' lang='lat' dir='ltr'>multis</span> <span class='ocrx_word' id='word_1_194' title='bbox 682 2717 806 2776; x_wconf 87' lang='lat' dir='ltr'>decretis</span> <span class='ocrx_word' id='word_1_195' title='bbox 832 2735 869 2776; x_wconf 88' lang='lat' dir='ltr'>ea</span> <span class='ocrx_word' id='word_1_196' title='bbox 893 2727 1106 2794; x_wconf 87' lang='lat' dir='ltr'>excerpentem,</span> <span class='ocrx_word' id='word_1_197' title='bbox 1133 2735 1200 2793; x_wconf 84' lang='lat' dir='ltr'>quse</span> <span class='ocrx_word' id='word_1_198' title='bbox 1230 2735 1325 2794; x_wconf 89' lang='lat' dir='ltr'>neque</span> 
     </span>
     <span class='ocr_line' id='line_1_25' title="bbox 230 2801 1324 2889; baseline 0.004 -23"><span class='ocrx_word' id='word_1_199' title='bbox 230 2809 383 2888; x_wconf 82' lang='lat' dir='ltr'>quisquam</span> <span class='ocrx_word' id='word_1_200' title='bbox 410 2819 497 2868; x_wconf 88' lang='lat' dir='ltr'>antea</span> <span class='ocrx_word' id='word_1_201' title='bbox 528 2801 648 2869; x_wconf 81' lang='lat' dir='ltr'>noverat</span> <span class='ocrx_word' id='word_1_202' title='bbox 680 2829 774 2889; x_wconf 89' lang='lat' dir='ltr'>neque</span> <span class='ocrx_word' id='word_1_203' title='bbox 801 2810 889 2870; x_wconf 90' lang='lat' dir='ltr'>bodie</span> <span class='ocrx_word' id='word_1_204' title='bbox 922 2809 1068 2888; x_wconf 86' lang='lat' dir='ltr'>prolatum</span> <span class='ocrx_word' id='word_1_205' title='bbox 1098 2807 1132 2867; x_wconf 89' lang='lat' dir='ltr'>iri</span> <span class='ocrx_word' id='word_1_206' title='bbox 1160 2808 1324 2886; x_wconf 84' lang='lat' dir='ltr'>suspicatus</span> 
     </span>
     <span class='ocr_line' id='line_1_26' title="bbox 230 2900 1325 2984; baseline -0.002 -22"><span class='ocrx_word' id='word_1_207' title='bbox 230 2913 318 2974; x_wconf 85' lang='lat' dir='ltr'>asset,</span> <span class='ocrx_word' id='word_1_208' title='bbox 340 2903 519 2975; x_wconf 86' lang='lat' dir='ltr'>calumniari,</span> <span class='ocrx_word' id='word_1_209' title='bbox 541 2916 570 2964; x_wconf 92' lang='lat' dir='ltr'>et</span> <span class='ocrx_word' id='word_1_210' title='bbox 590 2904 757 2983; x_wconf 89' lang='lat' dir='ltr'>perturbato</span> <span class='ocrx_word' id='word_1_211' title='bbox 770 2913 932 2984; x_wconf 89' lang='lat' dir='ltr'>temporum</span> <span class='ocrx_word' id='word_1_212' title='bbox 956 2903 1067 2975; x_wconf 86' lang='lat' dir='ltr'>ordine,</span> <span class='ocrx_word' id='word_1_213' title='bbox 1076 2900 1217 2980; x_wconf 82' lang='lat' dir='ltr'>falsisque</span> <span class='ocrx_word' id='word_1_214' title='bbox 1232 2921 1325 2962; x_wconf 87' lang='lat' dir='ltr'>rerum</span> 
     </span>
     <span class='ocr_line' id='line_1_27' title="bbox 231 2993 1324 3075; baseline -0.002 -22"><span class='ocrx_word' id='word_1_215' title='bbox 231 2996 328 3056; x_wconf 85' lang='lat' dir='ltr'>causis</span> <span class='ocrx_word' id='word_1_216' title='bbox 351 3017 403 3075; x_wconf 88' lang='lat' dir='ltr'>pro</span> <span class='ocrx_word' id='word_1_217' title='bbox 427 2996 501 3056; x_wconf 87' lang='lat' dir='ltr'>veris</span> <span class='ocrx_word' id='word_1_218' title='bbox 526 2995 690 3075; x_wconf 82' lang='lat' dir='ltr'>assignatis,</span> <span class='ocrx_word' id='word_1_219' title='bbox 715 2995 825 3074; x_wconf 90' lang='lat' dir='ltr'>aliquid</span> <span class='ocrx_word' id='word_1_220' title='bbox 851 2995 941 3054; x_wconf 87' lang='lat' dir='ltr'>rideri</span> <span class='ocrx_word' id='word_1_221' title='bbox 970 2995 1075 3054; x_wconf 88' lang='lat' dir='ltr'>dicere.</span> <span class='ocrx_word' id='word_1_222' title='bbox 1117 2993 1186 3052; x_wconf 91' lang='lat' dir='ltr'>Non</span> <span class='ocrx_word' id='word_1_223' title='bbox 1204 3005 1269 3054; x_wconf 90' lang='lat' dir='ltr'>tum</span> <span class='ocrx_word' id='word_1_224' title='bbox 1289 3012 1324 3052; x_wconf 85' lang='lat' dir='ltr'>ea</span> 
     </span>
     <span class='ocr_line' id='line_1_28' title="bbox 230 3085 1323 3168; baseline -0.001 -23"><span class='ocrx_word' id='word_1_225' title='bbox 230 3088 367 3159; x_wconf 84' lang='lat' dir='ltr'>licebant,</span> <span class='ocrx_word' id='word_1_226' title='bbox 382 3091 433 3150; x_wconf 91' lang='lat' dir='ltr'>sed</span> <span class='ocrx_word' id='word_1_227' title='bbox 459 3110 556 3151; x_wconf 89' lang='lat' dir='ltr'>coram</span> <span class='ocrx_word' id='word_1_228' title='bbox 576 3089 642 3168; x_wconf 86' lang='lat' dir='ltr'>ipsa</span> <span class='ocrx_word' id='word_1_229' title='bbox 663 3089 794 3162; x_wconf 80' lang='lat' dir='ltr'>veritate,</span> <span class='ocrx_word' id='word_1_230' title='bbox 815 3108 905 3168; x_wconf 87' lang='lat' dir='ltr'>prope</span> <span class='ocrx_word' id='word_1_231' title='bbox 922 3099 1037 3160; x_wconf 85' lang='lat' dir='ltr'>eventa,</span> <span class='ocrx_word' id='word_1_232' title='bbox 1057 3085 1141 3146; x_wconf 77' lang='lat' dir='ltr'>uobis</span> <span class='ocrx_word' id='word_1_233' title='bbox 1158 3086 1256 3146; x_wconf 89' lang='lat' dir='ltr'>adhuc</span> <span class='ocrx_word' id='word_1_234' title='bbox 1277 3105 1323 3146; x_wconf 90' lang='lat' dir='ltr'>re·</span> 
     </span>
     <span class='ocr_line' id='line_1_29' title="bbox 231 3179 1324 3257; baseline -0.004 -17"><span class='ocrx_word' id='word_1_235' title='bbox 231 3182 309 3240; x_wconf 81' lang='lat' dir='ltr'>renti</span> <span class='ocrx_word' id='word_1_236' title='bbox 329 3183 467 3242; x_wconf 87' lang='lat' dir='ltr'>memoria</span> <span class='ocrx_word' id='word_1_237' title='bbox 488 3182 703 3242; x_wconf 87' lang='lat' dir='ltr'>continentibus</span> <span class='ocrx_word' id='word_1_238' title='bbox 727 3191 757 3241; x_wconf 92' lang='lat' dir='ltr'>et</span> <span class='ocrx_word' id='word_1_239' title='bbox 777 3189 892 3242; x_wconf 85' lang='lat' dir='ltr'>tanturn</span> <span class='ocrx_word' id='word_1_240' title='bbox 915 3199 975 3238; x_wconf 88' lang='lat' dir='ltr'>non</span> <span class='ocrx_word' id='word_1_241' title='bbox 991 3200 1090 3240; x_wconf 85' lang='lat' dir='ltr'>cerum</span> <span class='ocrx_word' id='word_1_242' title='bbox 1118 3179 1235 3257; x_wconf 84' lang='lat' dir='ltr'>singula</span> <span class='ocrx_word' id='word_1_243' title='bbox 1254 3199 1324 3238; x_wconf 91' lang='lat' dir='ltr'>con-</span> 
     </span>
     <span class='ocr_line' id='line_1_30' title="bbox 231 3264 1323 3347; baseline -0.002 -17"><span class='ocrx_word' id='word_1_244' title='bbox 231 3275 431 3347; x_wconf 85' lang='lat' dir='ltr'>trectantibus,</span> <span class='ocrx_word' id='word_1_245' title='bbox 456 3275 549 3334; x_wconf 86' lang='lat' dir='ltr'>omnis</span> <span class='ocrx_word' id='word_1_246' title='bbox 576 3264 717 3336; x_wconf 83' lang='lat' dir='ltr'>habeatur</span> <span class='ocrx_word' id='word_1_247' title='bbox 743 3289 864 3334; x_wconf 71' lang='lat' dir='ltr'>necesse</span> <span class='ocrx_word' id='word_1_248' title='bbox 892 3272 947 3331; x_wconf 88' lang='lat' dir='ltr'>fuit</span> <span class='ocrx_word' id='word_1_249' title='bbox 973 3272 1076 3332; x_wconf 89' lang='lat' dir='ltr'>oratio.</span> <span class='ocrx_word' id='word_1_250' title='bbox 1117 3273 1323 3344; x_wconf 84' lang='lat' dir='ltr'>Quamobrem,</span> 
     </span>
     <span class='ocr_line' id='line_1_31' title="bbox 231 3363 1323 3446; baseline 0.002 -26"><span class='ocrx_word' id='word_1_251' title='bbox 231 3363 327 3424; x_wconf 85' lang='lat' dir='ltr'>vitatis</span> <span class='ocrx_word' id='word_1_252' title='bbox 350 3378 421 3434; x_wconf 71' lang='lat' dir='ltr'>‚tune</span> <span class='ocrx_word' id='word_1_253' title='bbox 440 3383 507 3428; x_wconf 89' lang='lat' dir='ltr'>cum</span> <span class='ocrx_word' id='word_1_254' title='bbox 526 3387 572 3429; x_wconf 88' lang='lat' dir='ltr'>ras</span> <span class='ocrx_word' id='word_1_255' title='bbox 585 3367 655 3446; x_wconf 89' lang='lat' dir='ltr'>ipsae</span> <span class='ocrx_word' id='word_1_256' title='bbox 670 3375 836 3446; x_wconf 80' lang='lat' dir='ltr'>gererentur</span> <span class='ocrx_word' id='word_1_257' title='bbox 850 3365 1082 3444; x_wconf 86' lang='lat' dir='ltr'>probationibus,</span> <span class='ocrx_word' id='word_1_258' title='bbox 1095 3385 1174 3424; x_wconf 90' lang='lat' dir='ltr'>nunc</span> <span class='ocrx_word' id='word_1_259' title='bbox 1198 3364 1323 3440; x_wconf 89' lang='lat' dir='ltr'>denique</span> 
     </span>
     <span class='ocr_line' id='line_1_32' title="bbox 231 3457 1323 3535; baseline -0.004 -19"><span class='ocrx_word' id='word_1_260' title='bbox 231 3457 322 3526; x_wconf 71' lang='lat' dir='ltr'>veuit,</span> <span class='ocrx_word' id='word_1_261' title='bbox 338 3467 483 3518; x_wconf 81' lang='lat' dir='ltr'>oratorum</span> <span class='ocrx_word' id='word_1_262' title='bbox 496 3470 643 3520; x_wconf 84' lang='lat' dir='ltr'>certamen</span> <span class='ocrx_word' id='word_1_263' title='bbox 656 3460 822 3520; x_wconf 81' lang='lat' dir='ltr'>existimans</span> <span class='ocrx_word' id='word_1_264' title='bbox 838 3477 901 3530; x_wconf 86' lang='lat' dir='ltr'>vos,</span> <span class='ocrx_word' id='word_1_265' title='bbox 917 3466 952 3518; x_wconf 88' lang='lat' dir='ltr'>ut</span> <span class='ocrx_word' id='word_1_266' title='bbox 972 3457 1043 3516; x_wconf 91' lang='lat' dir='ltr'>mibi</span> <span class='ocrx_word' id='word_1_267' title='bbox 1067 3457 1185 3535; x_wconf 84' lang='lat' dir='ltr'>quidem</span> <span class='ocrx_word' id='word_1_268' title='bbox 1200 3457 1323 3528; x_wconf 85' lang='lat' dir='ltr'>videtur,</span> 
     </span>
     <span class='ocr_line' id='line_1_33' title="bbox 231 3547 1323 3630; baseline -0.005 -18"><span class='ocrx_word' id='word_1_269' title='bbox 231 3570 291 3612; x_wconf 82' lang='lat' dir='ltr'>non</span> <span class='ocrx_word' id='word_1_270' title='bbox 300 3567 396 3607; x_wconf 88' lang='lat' dir='ltr'>rerum</span> <span class='ocrx_word' id='word_1_271' title='bbox 409 3550 525 3628; x_wconf 90' lang='lat' dir='ltr'>publice</span> <span class='ocrx_word' id='word_1_272' title='bbox 535 3561 681 3630; x_wconf 86' lang='lat' dir='ltr'>gestarum</span> <span class='ocrx_word' id='word_1_273' title='bbox 692 3551 920 3629; x_wconf 81' lang='lat' dir='ltr'>disquisitionem</span> <span class='ocrx_word' id='word_1_274' title='bbox 927 3548 1135 3630; x_wconf 80' lang='lat' dir='ltr'>proposituras,</span> <span class='ocrx_word' id='word_1_275' title='bbox 1146 3557 1177 3608; x_wconf 87' lang='lat' dir='ltr'>et</span> <span class='ocrx_word' id='word_1_276' title='bbox 1181 3547 1323 3628; x_wconf 84' lang='lat' dir='ltr'>judicium</span> 
     </span>
     <span class='ocr_line' id='line_1_34' title="bbox 233 3641 975 3722; baseline -0.001 -19"><span class='ocrx_word' id='word_1_277' title='bbox 233 3643 270 3704; x_wconf 82' lang='lat' dir='ltr'>de</span> <span class='ocrx_word' id='word_1_278' title='bbox 280 3641 386 3713; x_wconf 82' lang='lat' dir='ltr'>verbis,</span> <span class='ocrx_word' id='word_1_279' title='bbox 396 3659 455 3702; x_wconf 87' lang='lat' dir='ltr'>nen</span> <span class='ocrx_word' id='word_1_280' title='bbox 466 3642 503 3702; x_wconf 91' lang='lat' dir='ltr'>de</span> <span class='ocrx_word' id='word_1_281' title='bbox 517 3643 640 3702; x_wconf 87' lang='lat' dir='ltr'>utilitate</span> <span class='ocrx_word' id='word_1_282' title='bbox 654 3644 820 3722; x_wconf 83' lang='lat' dir='ltr'>reipublicae</span> <span class='ocrx_word' id='word_1_283' title='bbox 833 3643 975 3703; x_wconf 86' lang='lat' dir='ltr'>futurum.</span> 
     </span>
    </p>

    <p class='ocr_par' dir='ltr' id='par_1_10' title="bbox 228 3733 1323 4466">
     <span class='ocr_line' id='line_1_35' title="bbox 273 3733 1322 3814; baseline -0.002 -20"><span class='ocrx_word' id='word_1_284' title='bbox 273 3737 322 3794; x_wconf 89' lang='grc'>67.</span> <span class='ocrx_word' id='word_1_285' title='bbox 357 3733 475 3798; x_wconf 89' lang='lat' dir='ltr'>Deinde</span> <span class='ocrx_word' id='word_1_286' title='bbox 495 3735 703 3796; x_wconf 80' lang='lat' dir='ltr'>sententiosum</span> <span class='ocrx_word' id='word_1_287' title='bbox 731 3736 802 3814; x_wconf 82' lang='lat' dir='ltr'>egit,</span> <span class='ocrx_word' id='word_1_288' title='bbox 829 3736 927 3814; x_wconf 86' lang='lat' dir='ltr'>aitque</span> <span class='ocrx_word' id='word_1_289' title='bbox 954 3743 1172 3813; x_wconf 67' lang='lat' dir='ltr'>oporteretne</span> <span class='ocrx_word' id='word_1_290' title='bbox 1195 3755 1257 3794; x_wconf 87' lang='lat' dir='ltr'>earn</span> <span class='ocrx_word' id='word_1_291' title='bbox 1281 3733 1322 3792; x_wconf 87' lang='lat' dir='ltr'>de</span> 
     </span>
     <span class='ocr_line' id='line_1_36' title="bbox 228 3825 1321 3908; baseline -0.004 -20"><span class='ocrx_word' id='word_1_292' title='bbox 228 3828 316 3888; x_wconf 82' lang='lat' dir='ltr'>nabis</span> <span class='ocrx_word' id='word_1_293' title='bbox 353 3825 518 3906; x_wconf 70' lang='lat' dir='ltr'>opinionem</span> <span class='ocrx_word' id='word_1_294' title='bbox 554 3841 642 3905; x_wconf 83' lang='lat' dir='ltr'>quam</span> <span class='ocrx_word' id='word_1_295' title='bbox 676 3828 735 3886; x_wconf 89' lang='lat' dir='ltr'>buc</span> <span class='ocrx_word' id='word_1_296' title='bbox 763 3829 852 3888; x_wconf 85' lang='lat' dir='ltr'>domo</span> <span class='ocrx_word' id='word_1_297' title='bbox 885 3827 1030 3890; x_wconf 90' lang='lat' dir='ltr'>detulistis</span> <span class='ocrx_word' id='word_1_298' title='bbox 1064 3827 1235 3908; x_wconf 81' lang='lat' dir='ltr'>negligere:</span> <span class='ocrx_word' id='word_1_299' title='bbox 1267 3827 1321 3886; x_wconf 88' lang='lat' dir='ltr'>sed</span> 
     </span>
     <span class='ocr_line' id='line_1_37' title="bbox 233 3919 1323 3999; baseline -0.002 -19"><span class='ocrx_word' id='word_1_300' title='bbox 233 3920 476 3998; x_wconf 78' lang='lat' dir='ltr'>quemadmodum</span> <span class='ocrx_word' id='word_1_301' title='bbox 505 3933 573 3982; x_wconf 80' lang='lat' dir='ltr'>cunt</span> <span class='ocrx_word' id='word_1_302' title='bbox 601 3919 726 3980; x_wconf 82' lang='lat' dir='ltr'>rationes</span> <span class='ocrx_word' id='word_1_303' title='bbox 754 3921 939 3999; x_wconf 68' lang='lat' dir='ltr'>cumulique</span> <span class='ocrx_word' id='word_1_304' title='bbox 967 3920 1139 3992; x_wconf 81' lang='lat' dir='ltr'>subducitis,</span> <span class='ocrx_word' id='word_1_305' title='bbox 1160 3921 1255 3999; x_wconf 88' lang='lat' dir='ltr'>aliqua</span> <span class='ocrx_word' id='word_1_306' title='bbox 1274 3938 1323 3978; x_wconf 79' lang='lat' dir='ltr'>es&#39;-</span> 
     </span>
     <span class='ocr_line' id='line_1_38' title="bbox 235 4011 1320 4095; baseline -0.001 -23"><span class='ocrx_word' id='word_1_307' title='bbox 235 4033 268 4072; x_wconf 88' lang='lat' dir='ltr'>se</span> <span class='ocrx_word' id='word_1_308' title='bbox 292 4015 372 4090; x_wconf 85' lang='lat' dir='ltr'>apud</span> <span class='ocrx_word' id='word_1_309' title='bbox 389 4035 455 4077; x_wconf 82' lang='lat' dir='ltr'>earn</span> <span class='ocrx_word' id='word_1_310' title='bbox 474 4015 584 4095; x_wconf 88' lang='lat' dir='ltr'>reliqua</span> <span class='ocrx_word' id='word_1_311' title='bbox 605 4012 817 4085; x_wconf 69' lang='lat' dir='ltr'>existimantes,</span> <span class='ocrx_word' id='word_1_312' title='bbox 836 4013 860 4073; x_wconf 91' lang='lat' dir='ltr'>si</span> <span class='ocrx_word' id='word_1_313' title='bbox 874 4014 978 4074; x_wconf 79' lang='lat' dir='ltr'>calculi</span> <span class='ocrx_word' id='word_1_314' title='bbox 1000 4013 1171 4091; x_wconf 79' lang='lat' dir='ltr'>quadrarint</span> <span class='ocrx_word' id='word_1_315' title='bbox 1194 4011 1320 4087; x_wconf 81' lang='lat' dir='ltr'>nihilque</span> 
     </span>
     <span class='ocr_line' id='line_1_39' title="bbox 235 4103 1322 4185; baseline -0.002 -19"><span class='ocrx_word' id='word_1_316' title='bbox 235 4103 274 4166; x_wconf 82' lang='lat' dir='ltr'>sit</span> <span class='ocrx_word' id='word_1_317' title='bbox 288 4104 404 4184; x_wconf 75' lang='lat' dir='ltr'>reliqui,</span> <span class='ocrx_word' id='word_1_318' title='bbox 420 4107 597 4178; x_wconf 65' lang='lat' dir='ltr'>,conceditis</span> <span class='ocrx_word' id='word_1_319' title='bbox 618 4106 658 4170; x_wconf 85' lang='lat' dir='ltr'>ita</span> <span class='ocrx_word' id='word_1_320' title='bbox 677 4116 709 4164; x_wconf 89' lang='lat' dir='ltr'>et</span> <span class='ocrx_word' id='word_1_321' title='bbox 728 4126 809 4168; x_wconf 85' lang='lat' dir='ltr'>nunc</span> <span class='ocrx_word' id='word_1_322' title='bbox 836 4125 888 4166; x_wconf 86' lang='lat' dir='ltr'>vos</span> <span class='ocrx_word' id='word_1_323' title='bbox 916 4107 950 4169; x_wconf 90' lang='lat' dir='ltr'>iis</span> <span class='ocrx_word' id='word_1_324' title='bbox 976 4123 1041 4185; x_wconf 82' lang='lat' dir='ltr'>quse</span> <span class='ocrx_word' id='word_1_325' title='bbox 1072 4105 1202 4168; x_wconf 85' lang='lat' dir='ltr'>oratione</span> <span class='ocrx_word' id='word_1_326' title='bbox 1231 4105 1322 4184; x_wconf 83' lang='lat' dir='ltr'>plana</span> 
     </span>
     <span class='ocr_line' id='line_1_40' title="bbox 233 4197 1321 4278; baseline 0.002 -22"><span class='ocrx_word' id='word_1_327' title='bbox 233 4197 304 4256; x_wconf 89' lang='lat' dir='ltr'>fient</span> <span class='ocrx_word' id='word_1_328' title='bbox 333 4199 467 4256; x_wconf 89' lang='lat' dir='ltr'>convenit</span> <span class='ocrx_word' id='word_1_329' title='bbox 494 4198 637 4257; x_wconf 86' lang='lat' dir='ltr'>assentiri.</span> <span class='ocrx_word' id='word_1_330' title='bbox 686 4197 792 4256; x_wconf 92' lang='lat' dir='ltr'>Videte</span> <span class='ocrx_word' id='word_1_331' title='bbox 814 4199 910 4276; x_wconf 84' lang='lat' dir='ltr'>igitur,</span> <span class='ocrx_word' id='word_1_332' title='bbox 935 4218 1021 4278; x_wconf 87' lang='lat' dir='ltr'>quam</span> <span class='ocrx_word' id='word_1_333' title='bbox 1044 4200 1195 4258; x_wconf 90' lang='lat' dir='ltr'>ruinosum</span> <span class='ocrx_word' id='word_1_334' title='bbox 1222 4198 1321 4275; x_wconf 79' lang='lat' dir='ltr'>unqua</span> 
     </span>
     <span class='ocr_line' id='line_1_41' title="bbox 236 4285 1323 4372; baseline 0.001 -23"><span class='ocrx_word' id='word_1_335' title='bbox 236 4300 341 4348; x_wconf 88' lang='lat' dir='ltr'>natura</span> <span class='ocrx_word' id='word_1_336' title='bbox 358 4285 397 4343; x_wconf 90' lang='lat' dir='ltr'>sit</span> <span class='ocrx_word' id='word_1_337' title='bbox 416 4289 552 4364; x_wconf 92' lang='lat' dir='ltr'>quicquid</span> <span class='ocrx_word' id='word_1_338' title='bbox 573 4311 630 4351; x_wconf 91' lang='lat' dir='ltr'>nen</span> <span class='ocrx_word' id='word_1_339' title='bbox 649 4292 729 4371; x_wconf 88' lang='lat' dir='ltr'>juste</span> <span class='ocrx_word' id='word_1_340' title='bbox 753 4301 850 4351; x_wconf 89' lang='lat' dir='ltr'>actum</span> <span class='ocrx_word' id='word_1_341' title='bbox 875 4303 929 4351; x_wconf 92' lang='lat' dir='ltr'>est.</span> <span class='ocrx_word' id='word_1_342' title='bbox 970 4292 1048 4355; x_wconf 88' lang='lat' dir='ltr'>Nam</span> <span class='ocrx_word' id='word_1_343' title='bbox 1072 4293 1166 4352; x_wconf 89' lang='lat' dir='ltr'>isthoc</span> <span class='ocrx_word' id='word_1_344' title='bbox 1189 4295 1248 4372; x_wconf 92' lang='lat' dir='ltr'>ipso</span> <span class='ocrx_word' id='word_1_345' title='bbox 1271 4309 1323 4350; x_wconf 86' lang='lat' dir='ltr'>sa-</span> 
     </span>
     <span class='ocr_line' id='line_1_42' title="bbox 236 4379 1323 4466; baseline 0.004 -28"><span class='ocrx_word' id='word_1_346' title='bbox 236 4380 327 4458; x_wconf 87' lang='lat' dir='ltr'>pienti</span> <span class='ocrx_word' id='word_1_347' title='bbox 354 4379 486 4455; x_wconf 88' lang='lat' dir='ltr'>exemplo</span> <span class='ocrx_word' id='word_1_348' title='bbox 513 4383 665 4442; x_wconf 88' lang='lat' dir='ltr'>confitetur</span> <span class='ocrx_word' id='word_1_349' title='bbox 691 4403 768 4444; x_wconf 90' lang='lat' dir='ltr'>nunc</span> <span class='ocrx_word' id='word_1_350' title='bbox 797 4404 848 4446; x_wconf 85' lang='lat' dir='ltr'>ves</span> <span class='ocrx_word' id='word_1_351' title='bbox 875 4385 982 4446; x_wconf 89' lang='lat' dir='ltr'>habere</span> <span class='ocrx_word' id='word_1_352' title='bbox 1005 4405 1184 4466; x_wconf 85' lang='lat' dir='ltr'>persuasum,</span> <span class='ocrx_word' id='word_1_353' title='bbox 1205 4404 1248 4445; x_wconf 89' lang='lat' dir='ltr'>me</span> <span class='ocrx_word' id='word_1_354' title='bbox 1266 4403 1323 4462; x_wconf 90' lang='lat' dir='ltr'>pro</span> 
     </span>
    </p>
   </div>
   <div class='ocr_carea' id='block_1_9' title="bbox 0 0 1478 4954">
    <p class='ocr_par' dir='ltr' id='par_1_11' title="bbox 0 0 1478 4954">
     <span class='ocr_line' id='line_1_43' title="bbox 0 0 1478 4954; baseline 0 0"><span class='ocrx_word' id='word_1_355' title='bbox 0 0 1478 4954; x_wconf 95' lang='lat' dir='ltr'> </span> 
     </span>
    </p>
   </div>
  </div>
 </body>
</html>
