2932 4952
213 311 271 370 326
585 313 758 373 CONTRA
780 313 949 372 MlDlAM.

212 467 323 546 opinor,
337 467 475 546 estquod
494 469 591 528 studia
612 479 642 528 et
664 469 850 548 cupiditatem
874 470 1002 529 omnium
1026 467 1145 538 excitat,
1169 476 1203 525 ut
1223 465 1309 526 nullis

211 560 375 638 sumptibus
394 579 513 638 parcere
532 560 632 632 velint,
646 561 724 639 quod
738 562 767 618 in
781 562 914 640 populari
928 560 1078 640 republica
1091 560 1153 639 pari
1167 579 1309 638 aequoque

207 657 274 728 jure
287 672 353 712 cum
368 652 481 724 ceteris,
496 671 597 712 omnes
617 655 705 713 licere
729 655 784 713 sibi
804 656 897 713 vivere
921 654 1103 714 arbitrantur.
1148 653 1223 710 Mihi
1241 671 1309 712 vero

205 745 287 815 qm,
302 745 509 817 Athenienses,
522 765 573 823 per
586 746 672 804 istum
687 746 857 824 contingere
873 767 933 806 non
952 756 1117 825 potuerunt.
1160 744 1220 804 Sed
1235 763 1309 823 prae·

200 846 419 916 -teraoceptam
437 837 656 908 contumeliam,
670 840 790 917 insuper
803 840 924 900 victoria
938 858 1056 917 quoqne
1065 859 1132 897 sum
1145 836 1307 897 fraudatus.
1338 901 1344 914 ¹

209 930 300 1010 Atqui
315 930 397 996 vobis
411 930 545 994 omnibus
564 930 636 989 illud
650 951 706 1009 ego
720 931 870 1013 perspicue
882 932 1104 1002 demonstrabo,
1118 929 1237 990 licuisse
1250 927 1308 986 Mi·

208 1024 266 1082 dia
279 1022 351 1082 nihil
364 1023 493 1101 improbe
507 1021 647 1092 molienti,
660 1043 757 1102 neque
771 1024 979 1086 contumeliam
992 1023 1120 1094 facienti,
1133 1041 1229 1100 neque
1244 1040 1308 1078 vcr-

206 1115 330 1187 botenti,
345 1124 376 1174 et
388 1115 522 1174 exhibere
533 1114 602 1174 mihi
617 1115 791 1190 mclestiam,
807 1126 837 1176 et
848 1117 968 1176 laudem
982 1119 1005 1176 a
1013 1115 1095 1175 vobis
1109 1106 1256 1174 concessu
1268 1113 1309 1171 lc-

207 1229 276 1287 gum
291 1207 419 1286 adipisci
432 1207 590 1285 etquidem
604 1207 646 1266 sic
658 1218 691 1266 ut
704 1228 760 1286 ego
771 1227 850 1266 nuno
861 1229 896 1267 ne
906 1208 1019 1268 hiscere
1029 1207 1148 1286 quidem
1157 1199 1306 1265 auderem.

143 1360 145 1365 ,
247 1303 298 1360 20:
321 1299 478 1360 Decuisset
502 1299 588 1371 enirn,
604 1301 812 1375 Athenienses,
827 1320 893 1361 cum
915 1320 972 1380 ego
995 1300 1112 1380 publice
1135 1297 1307 1358 Pandioniae

115 1455 121 1463 ,
206 1395 298 1454 tribus
312 1393 480 1453 aedilitatem
491 1394 620 1473 suscepi,
635 1404 695 1453 turn
714 1394 811 1473 ipsum
835 1394 951 1454 ceddam
974 1387 1232 1456 Erechtheiaesuae
1254 1391 1307 1450 tri·
1348 1449 1349 1452 ,

199 1488 305 1546 ἰιιιιιε
319 1487 466 1566 profiteri;
488 1506 600 1567 suaque
614 1506 645 1546 rc
658 1487 803 1558 familiari,
817 1487 954 1567 exemplo
977 1507 1053 1560 meo,
1068 1485 1251 1558 insumenda,
1264 1483 1307 1544 sic

206 1577 333 1638 demum.
348 1578 460 1658 eripere
479 1578 549 1637 mihi
564 1578 731 1638 victoriam:
753 1579 794 1639 sic
809 1599 876 1639 vero
890 1579 1031 1638 insultare
1046 1591 1076 1638 et
1090 1573 1253 1650 verberare,-
1268 1597 1307 1636 ne
1405 1594 1408 1596 ·

205 1680 268 1730 tum
282 1671 410 1750 quidem.
452 1671 539 1731 Nunc
553 1671 583 1730 id
599 1671 715 1751 quidem
734 1691 793 1731 non
806 1673 887 1743 fecit,
901 1692 960 1750 quo
976 1671 1086 1751 populo
1098 1671 1240 1730 honorem
1254 1670 1307 1729 ha·

204 1765 273 1824 bere
288 1763 443 1844 potuisset,
459 1783 553 1842 neque
568 1764 659 1834 ullum
670 1765 728 1823 tale
742 1785 803 1823 suae
818 1763 1021 1842 generositatis
1037 1763 1184 1842 specimen
1197 1762 1306 1822 edidit:

204 1857 257 1916 sed
272 1878 328 1928 me,
342 1857 493 1934 qui—siue
506 1856 582 1934 quis,
594 1855 802 1930 Athenienses,
812 1857 956 1916 insaniam
970 1876 1033 1916 eam
1048 1855 1213 1916 existimare
1226 1855 1307 1924 vult:

204 1959 255 2010 est
265 1950 344 2009 enim
356 1950 481 2009 fortasse
496 1949 628 2021 insaniae,
643 1950 694 2008 niti
716 1969 805 2029 snpra
827 1950 919 2009 vires:
942 1950 1003 2010 sire
1015 1948 1306 2009 liberalitatem-ul-

204 2051 249 2101 tro
263 2043 431 2104 aedilitatem
444 2041 529 2111 subii,
546 2041 621 2102 adeo
634 2043 730 2122 palam
745 2054 775 2102 et
788 2043 898 2104 nefarie
911 2043 1057 2102 insultans
1071 2051 1236 2100 assectatus
1251 2051 1306 2112 est,

203 2145 237 2194 ut
249 2151 347 2213 neque
362 2154 381 2192 a
393 2134 491 2206 choro,
507 2153 603 2212 neque
618 2154 636 2193 a
649 2154 769 2214 corpore
779 2154 845 2194 meo
859 2155 964 2196 manus
980 2134 1149 2194 abstineret.
1192 2132 1306 2212 Siquis

142 2241 147 2256 ’
197 2237 303 2310 autern
325 2236 464 2299 vestrum,
480 2227 688 2299 Athenienses,
714 2227 817 2286 Midiae
837 2228 955 2306 quidem
979 2227 1123 2298 irascitur,
1147 2246 1208 2286 non
1230 2227 1307 2288 adeo

199 2333 312 2392 tamen,
329 2327 367 2378 ut
390 2338 457 2378 eum
484 2328 578 2377 morte
601 2318 803 2378 mulctandum
824 2319 978 2392 existimet,
993 2319 1017 2377 is
1037 2339 1097 2377 non
1111 2329 1190 2378 recte
1206 2321 1305 2379 sentit.

192 2414 279 2476 ‚Neo
282 2412 360 2472 enim
373 2431 490 2490 aequum
504 2423 559 2484 est,
571 2425 622 2470 ant
632 2412 768 2471 convenit
769 2411 850 2490 ,eius
862 2410 913 2490 qui
931 2411 1018 2470 laesus
1032 2412 1316 2515 estverecundiarn,¹

203 2507 245 2568 illi
257 2505 306 2586 qni
320 2513 420 2563 omnes
436 2502 622 2579 contumeliae
638 2523 698 2562 suae
711 2503 842 2562 habenas
863 2501 981 2571 laxavit,
1003 2501 1043 2560 ad
1068 2502 1194 2570 salutem
1219 2504 1304 2581 quic-

198 2618 291 2678 quarn
304 2595 449 2675 opitulari
491 2595 572 2654 Sed
565 2616 589 2654 rs
597 2583 756 2673 quidem
734 2615 775 2655 src
790 2605 837 2654 est
849 2593 1023 2675 puniendus,
1036 2603 1070 2652 ut
1081 2613 1132 2674 per
1143 2615 1232 2673 quem
1246 2615 1306 2660 non

201 2691 322 2760 steterit,
338 2709 397 2767 quo
410 2689 507 2748 minus
520 2688 702 2748 atrocissima
714 2709 839 2768 quaeque
861 2695 1117 2767 perpetrarentur:
1140 2692 1304 2753 accusatori

201 2802 270 2842 vero
283 2790 514 2860 prornpteopcm
528 2780 660 2850 ferendo,
676 2782 801 2860 gratiam
809 2781 907 2840 referri
921 2781 1022 2842 decet,
1062 2817 1081 2850 ¹.
1145 2837 1148 2844 Δ
1203 2831 1205 2840 .

198 2897 217 2934 s·
230 2877 291 2935 tl.
314 2874 379 2934 Nec
392 2872 469 2932 enim
483 2873 539 2933 hoc
554 2873 685 2951 prolecto
702 2873 758 2932 dici
778 2883 884 2953 potest,
906 2894 970 2956 me,
986 2895 1054 2937 cum
1078 2897 1115 2937 ex
1134 2877 1304 2953 hujusmodi

200 2969 288 3028 rebus
309 2967 380 3026 nihil
399 2984 530 3044 unquam
554 2967 715 3026 atrocitatis
731 2967 883 3039 exstiterit,
896 2986 976 3028 nunc
990 2987 1170 3047 exaggerare
1184 2971 1245 3032 hoc
1259 2971 1302 3030 t'a-

201 3072 291 3134 ctum,
305 3071 335 3139 et
349 3058 476 3119 terribile
486 3058 594 3118 facere.
637 3058 739 3137 Longe
755 3059 875 3138 quidem
895 3079 926 3118 se
936 3065 986 3120 ‘res
1001 3054 1086 3120 aliter
1098 3062 1199 3134 habet,
1211 3083 1302 3142 quum

199 3153 301 3212 norint
311 3155 426 3218 ornnes:
450 3159 501 3210 aut
513 3150 643 3229 plerique
657 3151 781 3210 saltem:
804 3152 984 3232 Euthyoum,
998 3153 1047 3231 qui
1062 3153 1131 3212 olim
1142 3155 1304 3232 palaestrita

199 3245 265 3314 fuit,
300 3243 393 3315 illurn,
422 3243 686 3316 adolescentulum,
723 3243 886 3322 Sophilum,
917 3239 1267 3324 pancratiasten—fuit:
1277 3249 1301 3306 is

197 3336 286 3396 homo
299 3337 445 3406 robustus,
462 3336 553 3414 niger,
568 3334 636 3394 satis
659 3335 719 3395 scio
740 3336 900 3415 intelligere
913 3348 1051 3398 ¹vestrum
1070 3340 1195 3418 aliquos,
1213 3361 1301 3420 quem

198 3429 344 3497 dicam—,
358 3427 437 3486 hunc
449 3427 537 3506 igitur
552 3427 705 3506 Sophilum
719 3427 799 3488 Sarni
813 3429 843 3486 in
858 3448 1017 3508 congressu
1036 3431 1163 3510 quodam
1178 3433 1300 3504 familia·
1344 3427 1346 3432 ’

197 3523 281 3602 rique
294 3519 453 3598 colloquio,
459 3521 538 3598 quod
550 3521 600 3579 ille
611 3541 630 3580 a
639 3538 699 3599 quo
708 3521 867 3600 vapulabat
876 3525 1083 3584 contumeliam
1094 3527 1120 3584 ei
1134 3525 1300 3596 lacerelnon

197 3612 434 3684 dubitaveratis
457 3612 540 3672 illum
559 3613 601 3673 sic
624 3614 847 3686 vindicassent
870 3615 956 3682 etiam
981 3617 1139 3683 occideret.
1183 3617 1299 3691 Norunt

197 3709 234 3768 ab
256 3708 383 3767 Evaeone
407 3703 500 3774 multi,
516 3704 724 3766 Leodamantis
746 3707 845 3779 fratre,
867 3708 996 3771 occisum
1019 3729 1084 3770 esse
1098 3711 1247 3777 ¹Boeotum
1268 3712 1299 3770 in

197 3821 292 3873 coena,
306 3799 685 3876 c'tcongressumommuni,
700 3800 738 3857 ob
760 3819 848 3859 unam
867 3800 993 3880 plagam.
1036 3801 1100 3862 Nec
1120 3805 1196 3862 enirn
1210 3805 1299 3882 plaga

197 3895 336 3954 excitarat
357 3891 549 3961 iracundiam,
563 3891 617 3948 sed
638 3892 815 3969 ignominia:
838 3913 933 3974 neque
947 3897 1067 3955 verbera
1079 3897 1215 3976 ingenuis
1229 3909 1300 3959 sunt

162 4009 165 4025 ι
197 3988 313 4060 acerba,
333 4003 500 4063 quanquam
521 3983 631 4042 acerba
653 3993 729 4056 sunt,
752 3985 806 4044 sed
828 3987 1014 4046 contumelia
1038 4007 1129 4048 causa
1152 3991 1298 4052 verberari

196 4086 243 4138 est
270 4079 415 4136 acerbum
459 4076 556 4136 Multa
573 4077 650 4136 enirn
672 4076 698 4134 is
721 4077 771 4154 qui
793 4079 935 4150 verberat,
956 4080 1160 4153 Athenienses,
1184 4081 1298 4156 fecerit,

196 4189 319 4251 quorum
340 4170 505 4246 quaedam
499 4191 523 4230 rs
539 4170 596 4249 qui
619 4171 706 4230 laesus
726 4182 781 4241 est,
797 4172 861 4232 aliis
885 4192 941 4234 nec
959 4174 1066 4278 referre
1080 4176 1183 4254 possit,
1198 4187 1298 4254 gesto,

173 4311 174 4314 ,
195 4266 311 4336 obtutu,
334 4279 417 4332 voce,
440 4281 529 4340 quum
556 4273 589 4320 nt
611 4263 774 4336 insultans,
791 4283 880 4345 quum
903 4275 937 4324 ut
957 4231 1102 4338 inimicus,
1127 4287 1218 4350 quum
1241 4291 1296 4349 pu-

196 4377 266 4436 gno,
289 4373 381 4434 quum
402 4353 433 4410 in
458 4354 576 4414 mala.
595 4355 669 4416 Haec
696 4369 897 4430 commovent,
914 4359 979 4418 haec
1002 4360 1069 4419 ad
1060 4361 1205 4420 insaniam
1233 4363 1298 4423 adi·

197 4459 272 4528 gunt
298 4444 445 4519 homines,
468 4431 596 4507 serendis
623 4450 807 4512 contumeliis
835 4471 896 4511 non
917 4461 1061 4514 assuetos.
1105 4453 1211 4532 Neque
1238 4465 1298 4532 est,
