2946 4954
490 215 962 338 nov‹nususLEPd1rtEm.
1133 265 1138 275 '
1212 275 1276 345 aar
1385 317 1396 364 '.

173 427 228 488 bns
239 427 469 498 dedimam-tum
489 451 608 508 aequurn
630 431 722 498 fuisse
736 432 955 512 judicantcum
973 448 1064 496 nemo
1079 429 1191 490 existis
1205 443 1276 500 tou·

172 520 309 588 nedixit:
331 521 439 582 deinde
453 533 521 586 tero
535 524 641 594 missos
657 545 708 586 eos
723 526 795 597 fieri,
810 526 866 586 nisi
889 526 927 586 ab
951 522 1100 588 iisaffecti
1123 523 1186 592 sitis
1208 533 1277 601 post

171 613 303 692 injuria·
330 613 420 682 Quod
434 615 459 676 si
472 616 521 676 isti
535 615 740 686 affirmabunt3
763 618 964 679 demonstrare
978 629 1177 694 namque-non
1191 625 1276 696 pote·
1360 679 1365 687 ,

171 715 256 766 runt:
273 707 336 766 ltoc
350 707 560 786 requiritur‚,ut
578 711 762 783 ostendatur,
777 729 830 772 eos
850 729 920 772 mox
934 709 1069 776 admissis
1083 709 1198 772 delictis
1212 727 1275 788 poe-
1290 758 1294 773 ,

171 797 368 860 aas-dedisse.
410 799 443 858 Si
466 820 544 872 vero,
568 801 672 863 taline
696 801 779 862 nulla
793 801 919 880 prolata,
944 801 1042 880 legem
1066 801 1274 880 approbabitis,
1345 863 1348 871 s

171 889 340 968 opinionem
360 890 495 952 'afferetis
514 892 692 966 hominibus,
706 883 759 956 ios
773 915 831 956 nou
846 897 885 956 ob
895 894 990 957 ullum
1006 893 1155 966 delictum,
1171 893 1224 952 sed
1239 913 1275 952 ex

169 983 279 1044 invidia
294 981 501 1046 ¹immunitates
523 988 688 1048 sustulisse.
738 987 816 1048 Cum
840 996 942 1052 autem
960 988 1076 1066 probra,
1092 996 1131 1044 ut
1147 985 1276 1054 [breviter

171 1077 435 1158 dio'am,fugienda
449 1090 517 1140 sunt
531 1081 646 1140 omniu:
667 1091 729 1140 tum
744 1080 938 1165 hoc-maxime
957 1079 1098 1150 omnium,
1113 1075 1274 1140 Athenien-

132 1226 135 1231 ,
169 1191 228 1230 ses.
272 1170 391 1238 Quare?
433 1172 511 1240 Quia
531 1173 642 1232 invidia
655 1172 774 1234 omnino
784 1173 922 1252 ,pravitati
936 1178 1050 1236 naturae
1059 1169 1204 1239 tribuitur,
1219 1186 1274 1230 nec

168 1262 235 1324 ulla.
244 1267 404 1336 causaest,
413 1265 454 1323 ob
469 1283 557 1343 quam
573 1264 688 1326 invidus
702 1267 817 1326 veniam
831 1275 986 1329 mereatur.
1028 1262 1146 1325 Deinde
1159 1263 1274 1323 nullum

168 1355 271 1415 vitium
286 1367 342 1426 est,
362 1375 379 1414 a
400 1375 459 1434 quo
481 1353 580 1418 nostra
599 1359 669 1420 urbs
687 1368 746 1418 tam
769 1359 866 1419 aliena
889 1357 1031 1428 videntur,
1053 1366 1085 1416 ut
1100 1357 1137 1416 ab
1152 1355 1272 1426 invidia,

167 1449 355 1526 quamvisab
369 1449 447 1510 omni
461 1449 714 1528 aliaturpitudine
729 1451 892 1510 abhorreat.
935 1449 1027 1524 Cujus
1040 1449 1082 1509 tei
1095 1460 1204 1526 quanta
1216 1448 1278 1518 sint

169 1549 353 1619 argumenta,
368 1542 482 1604 videte!
519 1543 653 1604 Primum
664 1543 718 1603 soli
730 1562 766 1602 ex
777 1543 912 1606 universo
925 1561 1031 1619 geuene
1041 1540 1206 1610 mon-talium
1221 1558 1273 1600 eos

166 1634 217 1712 qui
231 1639 286 1712 pro
296 1633 429 1712 patriain
442 1634 528 1694 bellis
535 1637 699 1694 occubuere
710 1634 1016 1712 sepelitispublice,ac
1027 1632 1196 1692 funebribus
1208 1651 1272 1694 ora-

126 1796 129 1801 ,
167 1725 295 1788 tionibus
310 1725 636 1797 ornatisfactafortium
649 1727 785 1788 virorum.
809 1725 874 1790 Hoc
885 1723 1273 1803 veroeju'smodiest,utin·

167 1817 460 1893 dinet.hominas,qui
474 1817 607 1876 virtutem
620 1817 719 1895 magni
727 1818 923 1889 faciantnon
931 1817 981 1896 qui
990 1815 1273 1888 ,virtutishonoribus

167 1909 328 1969 invideant.
368 1909 489 1970 'Deinde
511 1909 549 1968 ab
570 1911 649 1968 omni
664 1930 726 1971 aevo
740 1909 884 1972 maximos
897 1911 1021 1979 honores
1035 1907 1289 1990 habetisvictoriy
1363 1905 1368 1912 ’

166 2005 223 2062 bus
238 2001 442 2081 gymnicorum
456 2002 657 2072 certaminum,
673 2003 708 2060 in
730 2002 836 2081 quibus
858 2020 975 2063 corone
997 2001 1083 2066 tribui
1106 2001 1220 2068 solent;
1231 2012 1274 2064 ,et
1337 2015 1344 2022 ·

167 2113 226 2154 non
239 2103 408 2173 propterea,
421 2092 491 2172 quia
504 2103 610 2154 natura
630 2094 689 2154 fert
707 2104 791 2154 uteo
805 2094 916 2155 bonore
930 2093 1017 2172 pauci
1030 2093 1190 2171 potiantur,
1206 2113 1272 2166 eam

167 2186 336 2248 felicitatem
349 2185 464 2264 adeptis
477 2185 622 2260 invidetis,
637 2205 735 2265 neque
753 2187 880 2249 honores
900 2175 1081 2256 diminuitis*
1112 2185 1273 2258 Praeterea

166 2299 234 2358 qous
248 2278 387 2348 diximus,
402 2297 489 2336 nemo
503 2277 618 2340 videtur
632 2297 762 2356 unquam
781 2288 908 2338 vestram
922 2280 1023 2338 urbem
1036 2277 1142 2338 vicisse
1161 2279 1272 2350 benefi-

121 2375 125 2378 ’
168 2371 286 2432 centia:
308 2377 392 2430 tanta
406 2381 453 2430 est
467 2370 530 2448 ejus
546 2371 574 2430 in
589 2370 803 2430 remunerando
816 2371 985 2442 liberalitas,
998 2380 1029 2430 et
1042 2370 1270 2449 magnificentia.

167 2464 358 2534 Suntnute'm
373 2462 438 2521 haec
453 2463 598 2534 universa,
613 2453 814 2534 Athenienses,
826 2463 959 2540 justitiae,
974 2462 1100 2532 virtutis,
1119 2461 1272 2540 magnani-

118 2599 120 2602 ι
163 2555 275 2618 {nitatis
285 2553 405 2616 indicia.
447 2553 494 2614 Ne
504 2555 592 2632 igitur
605 2573 733 2614 ert-nunc
754 2555 859 2626 tollite,
874 2564 990 2634 propter
1002 2574 1070 2632 quae
1083 2563 1185 2628 nostra
1198 2555 1283 2614 urbs.

166 2645 433 2709 omnibussaeculis
449 2645 596 2706 celebrata
609 2659 673 2718 est;
686 2667 758 2721 nec,
767 2657 801 2706 nt
810 2643 951 2726 Leptines
965 2647 1097 2726 priuatim
1111 2647 1270 2722 nonnullis,

164 2738 418 2819 quibus-infensus
427 2738 625 2810 cst,·insultet,
639 2740 810 2817 praeclaram
825 2739 1078 2811 existimationem,
1092 2759 1151 2818 qua
1164 2759 1268 2820 perpe·

164 2843 220 2890 tuo
232 2830 369 2894 floruistis
376 2830 514 2910 abjicite!
536 2831 642 2908 Neque
656 2831 818 2892 existimate
833 2833 920 2900 aliam
934 2851 994 2892 rem
1009 2834 1056 2910 agi
1076 2852 1164 2901 nunc,
1180 2852 1269 2910 quam

165 2922 384 3000 nignianum
395 2921 640 2996 existimationem
654 2924 789 2994 civitatis,
811 2934 907 2992 utrum
924 2944 992 2984 eam
1013 2933 1216 2996 conservatam
1241 2934 1271 2984 et

164 3015 256 3096 priori
267 3014 388 3076 similem
401 3027 469 3078 'esse
483 3024 628 3093 oporteat,
642 3025 762 3082 andero
776 3014 914 3084 abolitam
929 3024 960 3074 et
972 3015 1172 3086 imminutam!
1312 3009 1318 3020 ‘
1340 3013 1343 3018 ’

207 3109 256 3172 al.
280 3107 356 3172 Cum
370 3117 467 3168 autem
479 3099 571 3173 multa
585 3106 642 3166 sint
662 3107 762 3166 inimo
776 3107 922 3197 legeque
936 3107 965 3166 in
980 3106 1102 3191 Leptine
1111 3107 1185 3166 mira
1198 3107 1268 3185 mibi
1321 3174 1323 3190 Ι

162 3200 329 3269 videantur,
342 3217 432 3259 unum
452 3197 508 3258 hoc
530 3199 655 3258 maxime
669 3218 733 3257 snm
748 3199 888 3268 miratus:
910 3218 947 3258 an
961 3198 1111 3278 ignorarit,
1126 3201 1267 3278 quemad,-

162 3292 321 3354 modumis
335 3292 385 3370 qui
399 3291 595 3359 atrocissimas
607 3311 709 3372 peenas
729 3292 893 3362 malefactis
917 3292 1161 3377 constituitnihil
1175 3295 1266 3366 male-
1334 3317 1340 3329 ¹

162 3387 297 3448 facturus
326 3403 392 3446 esse
416 3385 540 3457 videmr,
563 3383 605 3444 sic
631 3405 714 3458 enm,
730 3386 780 3464 qui
803 3387 1009 3458 beneficiorum
1030 3386 1157 3464 honores
1173 3389 1267 3463 tollit,

161 3499 224 3542 non
239 3499 275 3540 eo
289 3478 386 3542 animo
399 3496 465 3543 asse
479 3476 611 3551 credaut
623 3479 791 3557 reipublicae
803 3479 978 3550 benefacere
990 3479 1118 3540 studeat.
1158 3479 1267 3543 Utrum
1331 3521 1334 3534 ·

113 3629 119 3638 ,
162 3573 255 3651 igitur
277 3571 335 3632 hoo
361 3570 614 3648 ignorarit—fieri
636 3571 713 3632 enim
737 3581 884 3650 potest-,
907 3591 975 3633 mox
999 3574 1152 3648 octoadem
1178 3573 1266 3646 ¹vobis

149 3665 243 3753 §enim
259 3664 361 3724 tollere
374 3663 517 3724 concedet
530 3663 570 3737 id,
585 3663 688 3741 inquo
702 3665 921 3744 ipsedoceptus
942 3666 1015 3744 fuit:
1037 3665 1082 3724 sin
1103 3685 1169 3724 rent
1178 3684 1266 3745 urge-

160 3760 218 3832 bit,
241 3768 271 3830 et
294 3757 373 3818 omni
397 3757 427 3816 vi
448 3757 479 3818 in
502 3757 597 3835 legem
623 3758 826 3823 stabiliendam
849 3759 1012 3833 incumbet,
1034 3779 1091 3836 ego
1119 3745 1189 3818 sane
1215 3759 1266 3836 qui

159 3871 230 3912 eum
252 3851 370 3912 laudem
384 3866 444 3910 non
463 3849 591 3922 invenio,
600 3850 762 3929 vituperare
776 3861 872 3920 autern
896 3852 976 3912 nolo.
1019 3849 1066 3910 Ne
1084 3851 1173 3929 igitur
1194 3871 1265 3910 con-

160 3943 301 4016 tenderis,
312 3941 445 4020 Leptine,
458 3959 554 4020 neque
568 3941 709 4002 violenter
733 3943 889 4021 quicquam
909 3943 968 4008 tale
990 3942 1169 4004 constituere
1183 3943 1266 4016 nelis,

160 4056 300 4116 quo-nec
317 4034 382 4106 tibi,
395 4054 450 4094 nec
473 4034 515 4095 eis
538 4034 588 4113 qui
613 4035 665 4093 tibi
686 4035 845 4114 paruerint,
859 4033 971 4094 virtutis
995 4043 1024 4092 et
1042 4033 1179 4104 bonitatis
1202 4037 1265 4116 opi-

159 4130 213 4190 nio
235 4127 410 4209 augebitur:
431 4126 589 4205 praesertim
611 4146 678 4186 cum
702 4145 739 4184 ex
765 4127 822 4186 hoc
843 4125 956 4204 judicio
978 4124 1049 4184 nihil
1066 4117 1125 4186 ‘tibi
1145 4128 1266 4206 periculi

159 4219 417 4284 metuendumsit·
460 4221 539 4284 Quin
562 4219 640 4280 euim
662 4218 838 4296 Bathippus,
853 4217 1053 4296 Aphepsionis
1078 4229 1171 4298 puter,
1185 4220 1266 4294 obiit,

159 4314 213 4394 qui
231 4314 321 4376 ictum
342 4313 438 4374 adbuc
465 4313 622 4374 obnoxium
648 4320 810 4382 accusarat,
839 4311 970 4378 exierunt
988 4311 1093 4390 judicii
1116 4323 1263 4391 tempora:

160 4427 243 4469 nunc
253 4407 347 4467 omnis·
362 4416 409 4464 est
422 4405 460 4466 de
473 4405 544 4484 lege
553 4404 723 4484 disputatio,
738 4401 786 4461 isti
798 4419 868 4464 vero
882 4402 1003 4480 periculi
1023 4403 1091 4465 nibil
1110 4413 1164 4476 est.
1206 4403 1265 4462 Sed
