2960 4952
172 554 177 570 ’
311 525 315 532 ’
362 619 365 626 ψ
429 575 621 654 oenrro
649 575 718 654 aa
745 545 1072 694 antenaco(

214 753 243 813 1.
265 751 406 816 Mrnrsta
420 753 660 812 committendum
680 761 736 825 est,
751 751 955 824 Athenienses,
969 759 1003 809 ut
1022 758 1141 828 propter
1162 766 1199 809 ea
1219 743 1277 809 eri·
1320 813 1323 818 ,

169 835 264 918 ruina,¹
275 864 342 923 quae
356 845 510 925 Philippus
525 845 560 906 iis
575 846 675 926 objicit
689 846 739 925 qui
752 863 805 925 pro
816 845 883 925 jure
896 852 994 902 vestro
1005 841 1084 921 apud
1094 860 1148 901 vos
1161 841 1275 916 dicunt,

170 951 188 996 a
201 938 355 997 suadendo
365 938 447 998 vobis
460 958 496 998 ea
509 959 605 1018 quaee
620 958 651 998 re
663 948 759 1006 vestra
773 946 853 1009 sunt,
867 934 1085 1015 prohibeamur:
1107 953 1168 993 non
1178 929 1275 993 se'ren-

170 1029 240 1088 dum
256 1031 333 1091 enirn
346 1031 445 1105 fuerit,
457 1031 553 1108 missis
568 1033 605 1091 ab
622 1031 672 1092 illo
685 1030 817 1109 epistolis
830 1030 920 1089 libere
934 1047 988 1106 pro
1004 1025 1146 1087 concione
1159 1023 1277 1086 dicendi
1349 1057 1352 1064 »

168 1119 342 1182 facultatem
356 1125 441 1182 nobis
456 1123 538 1203 eripi.
581 1123 648 1203 Ego
662 1143 743 1194 vero,
755 1121 962 1192 Athenienses,
975 1120 1101 1200 primum
1114 1120 1198 1179 eade
1212 1119 1276 1198 qui·

169 1209 227 1273 bus
242 1215 361 1294 scripsit
373 1215 540 1296 Philippus,
554 1217 655 1276 ordine
665 1235 835 1295 percurram
843 1235 852 1284 ;
874 1224 952 1295 post,
968 1213 1075 1293 quibus
1085 1212 1123 1272 de
1133 1211 1221 1284 rebus
1234 1212 1278 1272 le·

170 1305 232 1386 gati
244 1309 336 1368 verba
350 1308 495 1380 fecerunt,
510 1309 611 1388 stipsi
626 1307 766 1367 dicemus.

210 1401 241 1456 2.
253 1397 407 1479 Philippus
417 1402 586 1480 auspicatur
594 1400 632 1459 ab
644 1399 805 1473 Haloneso‚
815 1417 949 1479 eamque,
958 1416 1050 1476 quum
1061 1416 1116 1456 sua
1126 1395 1174 1470 sit,
1183 1417 1216 1457 se
1225 1415 1277 1457 vo-

169 1492 215 1551 bis
227 1492 300 1552 dieit
309 1493 436 1564 donare;
451 1501 482 1554 at
491 1513 543 1554 vos
549 1493 618 1573 jure
631 1511 697 1553 eam
707 1504 839 1575 repetere
850 1501 950 1572 negat,
961 1490 1039 1569 ¹quae
1048 1509 1105 1550 nec
1114 1499 1210 1550 vestra
1221 1489 1278 1551 tuit

171 1603 262 1664 quum
270 1583 333 1665 ipse
343 1595 415 1646 tunc
424 1586 512 1666 cepit,
520 1605 618 1666 neque
627 1605 706 1646 nunc
716 1596 763 1645 est
772 1605 863 1664 quum
877 1592 967 1644 tenet
1005 1582 1056 1642 Ad
1065 1601 1120 1642 nos
1134 1581 1222 1642 etiarn
1240 1602 1278 1643 ea

169 1679 258 1738 verba
266 1678 336 1737 feeit
344 1699 433 1758 quum
445 1680 523 1759 apud
537 1681 632 1759 ipsum
644 1679 792 1760 legatione
806 1679 1007 1758 fungeremur,
1020 1695 1052 1737 se
1066 1695 1171 1757 nempe
1186 1695 1276 1736 occu·

168 1789 257 1850 passe
267 1771 395 1831 insulam
402 1771 478 1832 hane
488 1773 650 1834 latronibus
661 1783 802 1853 ereptam,
814 1791 849 1831 ae
858 1770 981 1852 proinde
990 1789 1073 1830 suam
1083 1788 1150 1828 esse
1158 1768 1276 1830 debere.

168 1863 278 1944 Neque
286 1875 355 1925 ver'o
366 1865 484 1926 difficile
494 1866 623 1926 osthane
632 1865 688 1947 ipsi
696 1866 839 1925 rationem
848 1875 1021 1943 extorquere
1035 1881 1101 1942 quae
1115 1862 1154 1922 sit
1166 1862 1276 1941 iniqua.

169 1956 283 2018 Omnes
298 1958 376 2018 enim
388 1959 519 2018 latrones
532 1958 628 2018 aliena
641 1958 708 2018 loea
721 1967 879 2036 occupent,
893 1975 989 2036 eaque
1004 1955 1139 2014 muniunt
1156 1965 1191 2015 nt
1206 1954 1276 2016 inde

169 2049 244 2109 alios
262 2035 413 2109 infestent.
443 2050 532 2117 Quod
547 2051 574 2110 si
584 2050 649 2129 quis
662 2051 792 2110 latrones
807 2049 888 2108 ultus
901 2049 991 2108 luerit
1003 2058 1033 2107 et
1048 2048 1201 2128 superarit,
1215 2067 1276 2108 non

168 2133 240 2202 'sane
250 2142 493 2221 probandedicat
504 2142 529 2202 si
544 2143 728 2203 contenderit
738 2162 775 2202 ea
787 2162 854 2222 qnae
864 2142 906 2202 illi
922 2161 974 2221 per
983 2140 1119 2220 injuriam
1137 2143 1278 2202 tenebant

167 2234 233 2294 aliis
244 2243 355 2314 erepta,
366 2235 497 2294 suaderi.
520 2235 598 2294 Nam
608 2235 705 2296 sihaee
720 2233 900 2306 concedetis,
909 2232 980 2312 quid
991 2233 1136 2312 prohibet,
1151 2233 1275 2312 siquem
1336 2235 1338 2238 ’

167 2321 215 2387 vel
227 2326 335 2386 Atticae
349 2327 457 2402 locum,
467 2327 514 2388 vel
529 2327 639 2400 Lemni,
653 2328 699 2387 vel
715 2326 813 2398 lmbri,
828 2326 876 2386 vel
887 2324 980 2406 Styri,
993 2324 1147 2405 praedones
1161 2327 1274 2387 invase·
1338 2399 1341 2408 A

166 2418 235 2492 rint,
249 2427 281 2478 et
294 2419 382 2499 aliqui
396 2419 516 2480 eosdem
527 2420 614 2479 armis
628 2418 804 2499 expulerint,
822 2419 893 2499 quin
908 2418 1006 2480 statim
1021 2417 1047 2476 is
1060 2437 1177 2498 quoque
1191 2418 1274 2478 locus

165 2511 197 2571 in
215 2530 275 2590 quo
295 2511 449 2593 praedones
468 2513 594 2586 fuerant,
613 2513 745 2591 quamvis
762 2522 861 2575 vester
875 2511 1001 2592 [noster]
1022 2511 1070 2583 sit,
1087 2510 1204 2570 illorum
1222 2512 1275 2574 liat

168 2599 220 2682 qui
234 2605 425 2684 represserint
444 2604 593 2665 latronesl
614 2604 768 2686 Philippus
787 2618 885 2666 autem
902 2626 962 2665 non
982 2605 1098 2684 ignorat
1117 2623 1149 2663 se
1168 2603 1278 2684 injusta

141 2775 147 2784 Α
166 2695 277 2772 dicere,
291 2697 344 2784 sed
357 2717 448 2779 quum
460 2699 492 2758 id
507 2698 611 2758 melius
629 2719 717 2779 quarn
731 2699 854 2779 quilibet
874 2699 959 2773 norit,
973 2698 1071 2759 fucum
1088 2697 1171 2758 vobis
1185 2701 1278 2779 posse¹

165 2787 229 2847 fieri
242 2800 342 2868 sperat
360 2811 413 2870 per
431 2810 483 2851 eos
502 2792 553 2871 qui
571 2811 627 2852 sna
645 2791 735 2871 ipsius
752 2791 801 2852 hio
820 2791 1049 2852 administraturi
1069 2800 1139 2850 sunt
1158 2801 1192 2851 ut
1211 2792 1273 2872 ipse

165 2877 240 2954 uult,
255 2884 364 2962 quique
374 2884 405 2968 id
419 2894 450 2945 et
463 2895 531 2945 ante
546 2885 745 2965 promiserunt
756 2894 787 2944 et
800 2905 880 2946 nune
893 2885 982 2944 etiam
996 2893 1097 2964 agunt.
1139 2884 1208 2945 Jam
1222 2906 1274 2946 ne·
1318 2947 1321 2954 ,

165 2994 224 3054 que
237 2975 295 3036 boe
309 2973 405 3055 ipsum
418 2978 559 3057 praeterit,
573 2998 625 3058 per
646 2987 801 3056 utrumque
815 2996 933 3050 nomen,
951 2985 1017 3036 utro
1036 2977 1197 3038 malueritis
1216 2978 1271 3056 uti,

154 3087 220 3130 xvos
234 3068 362 3130 insulem
375 3070 538 3144 habituros,
559 3069 620 3130 sive
636 3069 798 3150 accipiatis,
815 3070 876 3129 sive
890 3069 1048 3148 recipiatis.
1090 3069 1169 3138 Quid
1183 3070 1272 3150 igitur

165 3179 234 3220 eum
248 3151 347 3222 movet
356 3173 390 3222 ut
400 3183 438 3222 ne
448 3164 531 3223 vobis
544 3162 681 3222 restituat
689 3167 772 3238 justo
780 3179 854 3222 usus
866 3161 1021 3234 vocabulo,
1036 3160 1087 3238 sed
1096 3161 1188 3221 donet
1199 3184 1272 3232 usus

165 3253 297 3333 injusto?
320 3257 389 3316 Non
403 3256 506 3338 utique
516 3257 574 3316 boc
588 3256 664 3316 utin
679 3276 732 3316 vos
742 3257 917 3316 beneficium
929 3253 1088 3315 contulisse
1101 3254 1274 3334 profiteatur

165 3347 334 3426 (ridiculum
354 3349 433 3408 enim
454 3348 533 3408 istud
554 3349 645 3409 fuerit
662 3348 862 3426 beneficium),
881 3348 935 3408 sed
949 3357 984 3407 ut
1004 3346 1118 3407 Graecis
1136 3349 1272 3411 omnibus

164 3441 312 3514 ostendat,
328 3444 402 3501 bene
415 3462 515 3502 seeum
529 3443 578 3522 agi
592 3442 790 3503 Athenienses
805 3439 980 3515 existimare,
1005 3441 1029 3500 si
1043 3440 1187 3501 maritima
1205 3441 1272 3504 loca
1297 3491 1302 3499 .

164 3552 182 3593 a
197 3533 366 3618 Macedone
377 3535 532 3618 accipiant.
578 3536 645 3596 Hoc
661 3555 730 3597 vero
743 3535 837 3610 robis,
849 3536 1056 3608 Athenienses,
1070 3555 1130 3594 non
1150 3545 1197 3596 est
1218 3537 1271 3596 ad-

164 3626 354 3687 mittendum.
394 3631 495 3695 Quum
511 3638 609 3689 autern
624 3629 696 3688 dicit
710 3649 741 3689 se
758 3629 794 3689 de
808 3628 854 3690 bis
868 3629 943 3690 velle
953 3627 1063 3709 judicio
1077 3629 1212 3707 experiri,
1226 3631 1271 3690 ni·
1315 3631 1320 3642 '

163 3717 204 3777 bil
226 3720 307 3808 aliud
325 3721 383 3782 nisi
395 3743 448 3782 vos
465 3722 579 3783 deridet
585 3743 594 3791 ;
616 3723 741 3802 primum
759 3743 852 3803 quum
870 3723 1000 3802 postulat
1022 3732 1056 3781 ut
1074 3721 1269 3783 Athenienses

162 3813 214 3873 viri
228 3833 297 3875 eum
316 3835 352 3874 eo
365 3816 415 3894 qui
430 3816 514 3876 Pella
526 3826 573 3876 est
593 3815 733 3876 oriundus
756 3817 910 3876 deinsulis
930 3816 1010 3897 apud
1025 3815 1157 3892 judicem
1177 3817 1268 3880 ambi·

163 3900 245 3990 gant,
259 3917 357 3967 utrum
370 3919 476 3970 vestras
490 3929 529 3969 an
542 3909 619 3970 illius
633 3910 701 3970 sint.
744 3909 883 3984 'Deinde
898 3912 923 3970 si
936 3919 1035 3970 vestra
1046 3909 1111 3967 hacc
1124 3912 1267 3988 potentia,

163 4018 229 4077 quae
243 4000 369 4086 Graecos
381 4002 411 4061 in
425 4002 589 4064 libertatem
603 4003 740 4080 asseruit,
755 4004 900 4063 maritima
912 4002 996 4062 vobis
1010 4001 1077 4061 loca
1091 4021 1150 4060 non
1162 4007 1270 4081 poterit

162 4093 375 4174 tueri‚'judiees
387 4115 456 4155 vero
469 4097 576 4175 quibus
591 4116 652 4155 rem
667 4115 721 4155 sua
732 4097 906 4156 auctoritate
915 4094 1113 4154 decidendam
1127 4095 1269 4173 permise-

162 4185 234 4259 ritis,
248 4185 279 4244 hi
293 4187 376 4275 vobis
391 4207 441 4249 eas
461 4190 686 4261 conservabunt,
708 4189 733 4248 si
753 4199 853 4248 tamen
875 4209 893 4248 a
910 4186 1047 4268 Philippo
1061 4187 1264 4267 largitionibus

193 4354 202 4385 ¹
219 4353 605 4420 Quemdumvcstracsret,ucquc
616 4357 706 4422 ceperit
734 4385 737 4390 ·
753 4357 764 4388 ¹
779 4357 840 4406 Num
852 4357 980 4406 ubirestre
990 4356 1102 4420 potentias
1118 4353 1200 4402 Insa.

161 4432 306 4483 aquenum
315 4427 400 4472 teneat.
422 4423 527 4472 -woua
720 4429 723 4432 '
