2932 4952
220 302 224 310 -
328 267 331 280 ⁴
430 223 604 328 contus
629 263 968 328 rmsrocnsrnn.
1172 269 1233 328 ιιι
1318 224 1372 244 ”

135 418 253 485 difficile
267 421 481 488 existimaverit.
523 423 611 483 Nunc
619 423 708 510 istius
727 423 768 488 rei
781 431 858 482 metu
874 421 983 492 multis,
996 421 1094 482 minus
1107 421 1231 482 fortasse

134 512 259 588 disertis,
274 512 328 574 sed
346 513 512 576 melioribus
530 526 608 577 cente
627 516 710 584 viris,
729 535 817 594 quam
836 515 1007 592 eloquentes
1025 514 1073 574 isti
1094 525 1172 586 suut,
1191 537 1230 576 ns

135 603 267 682 cogitare
287 603 406 682 quidem
426 605 584 686 quicquam
606 605 643 664 de
662 606 813 684 republica
830 605 865 662 'in
888 615 1016 665 mentem
1036 607 1124 666 veuit.
1166 608 1231 686 Ego
1313 619 1316 623 “
1348 626 1350 632 ·
1384 573 1387 580 -

135 713 351 758 sane—omnes
365 695 675 776 adjurodeos-idque
684 695 894 756 vobisdubium
908 716 973 756 esse
984 716 1043 755 non
1056 696 1154 771 debet,
1168 699 1232 778 ipse

134 807 253 866 quoque
268 791 305 848 ab
318 789 504 849 accusatione
517 789 574 848 hac
589 787 815 856 abhorruissem,
824 787 878 844 nisi
892 787 1090 865 turpissimum
1100 789 1233 867 judicas-

135 897 210 949 sem,
224 899 302 938 nunc
314 879 462 957 quiescere
477 887 508 938 et
531 879 627 950 silere,
633 878 710 952 dum
724 877 867 981 quosdam
890 877 1023 936 homines
1041 898 1103 938 rem
1124 882 1234 942 civitati
1285 895 1287 902 ’
1383 886 1385 893 ’

134 987 197 1028 non
210 969 423 1032 conducibilem
435 980 545 1029 struere
562 968 656 1042 video,
671 989 737 1028 cum
752 970 842 1046 prius,
851 979 1048 1074 quotempore
1059 973 1233 1037 trierarchus

134 1061 168 1119 iu
191 1061 447 1140 Hellespontum'
439 1081 539 1133 terant,
554 1062 643 1121 verbs
662 1061 789 1134 fecerim,
803 1071 834 1122 et
852 1062 1018 1122 accusarint
1035 1065 1192 1128 nonnullos
1215 1089 1234 1132 a

136 1153 245 1232 quibus
256 1154 324 1212 laedi
339 1174 391 1214 vos
401 1154 581 1233 judicabam.

180 1248 210 1306 3.
232 1245 295 1305 Etsi
309 1255 408 1306 autem
428 1265 486 1305 non
500 1246 603 1324 ignoro
622 1265 687 1324 esse
701 1246 806 1323 quihus
823 1246 1016 1309 Charidemus
1030 1249 1067 1308 de
1084 1253 1236 1330 republica

135 1339 213 1396 bene
226 1337 347 1396 meritos
361 1356 428 1398 esse
447 1337 591 1407 videatur,
605 1357 661 1416 ego
677 1346 785 1410 tamen,
808 1339 833 1396 si
853 1357 889 1398 ea
904 1357 970 1418 quoe
987 1340 1054 1400 volo
1074 1353 1105 1402 et
1126 1346 1162 1404 ab
1177 1347 1235 1408 illc

136 1439 307 1509 perpetrata
319 1449 385 1490 esse
405 1429 476 1504 scio,
490 1430 569 1509 apud
582 1449 636 1489 vos
650 1449 796 1508 exponere
809 1443 921 1510 potero,
936 1431 1053 1492 confido
1074 1453 1121 1495 me
1136 1448 1235 1499 ostent

137 1545 252 1596 surum,
271 1525 353 1584 illurn
366 1524 443 1585 adeo
457 1543 516 1583 non
530 1543 596 1583 esse
609 1525 685 1582 bene
698 1523 845 1596 meritum,
860 1535 891 1582 ut
905 1543 990 1584 nemo
1001 1525 1128 1586 omnium
1140 1529 1235 1590 horni-

137 1635 212 1674 num
233 1615 399 1694 reipublice
408 1615 496 1694 pejus
510 1614 589 1686 velit,
604 1624 635 1674 et
647 1614 734 1693 longe
746 1615 835 1676 aliam
851 1614 889 1674 de
904 1620 945 1674 'eo
963 1629 1133 1696 conceptam
1146 1639 1235 1698 quam

136 1708 296 1772 conveniat
316 1709 491 1788 opinionem.¹
530 1708 620 1773 Quod
643 1708 685 1778 si,
700 1708 909 1786 Athenienses,
930 1729 1045 1770 summa
1069 1711 1134 1772 hec
1158 1727 1238 1776 asset

137 1801 328 1862 Aristocratis
342 1799 457 1878 injuria,
472 1799 551 1877 quod
567 1799 744 1870 Charidemi,
756 1800 809 1878 qui
821 1801 886 1859 talis
899 1810 956 1872 est,
971 1802 1087 1879 qualem
1099 1787 1255 1886 eum-ego*

137 1913 208 1954 essa
220 1893 301 1951 vobis
314 1911 360 1950 me
375 1900 558 1951 ostensurum
573 1891 652 1962 dico,
667 1900 779 1950 tantam
792 1891 823 1950 in
842 1892 959 1952 decreto
976 1895 1118 1953 rationem
1138 1897 1236 1972 hahet,

137 1996 186 2058 nt,
202 1984 297 2063 siquid
311 1985 338 2044 ei
353 1983 517 2055 accidisset,
530 1977 718 2061 peculiarem,
732 2000 853 2061 eamque
866 1984 981 2061 legibus
997 1989 1173 2048 contrariam
1192 1992 1237 2049 ul·

138 2079 253 2138 tionem
267 2077 305 2136 sit
312 2076 446 2154 largitus,
458 2075 557 2153 idjam
571 2074 656 2142 vobis,
662 2094 807 2152 exponere
821 2075 1029 2135 instituissem:
1050 2089 1083 2137 ut
1093 2078 1237 2159 intellige.

138 2170 212 2230 retis
226 2168 314 2246 longe
333 2169 437 2226 abesse
458 2178 491 2226 ut
510 2167 562 2226 tali
583 2165 838 2228 senatusconsulto
858 2167 953 2236 ornari
973 2179 1137 2230 mereatur:
1159 2189 1239 2234 nune

137 2260 311 2340 peripsum
334 2258 621 2318 senatusconsultum
642 2257 720 2316 aliud
740 2256 856 2333 gravius
882 2256 1020 2318 delictum
1041 2262 1240 2338 committitur,
1309 2270 1311 2274 '
1405 2261 1408 2264 ’

138 2351 225 2432 quod
242 2352 322 2440 vebis
339 2349 419 2429 prius
434 2360 465 2409 et
479 2351 718 2429 cognoscendum
733 2360 778 2408 est
790 2357 821 2408 et
832 2350 1067 2428 precavendum.
1094 2353 1239 2432 imprimis

138 2454 241 2508 autem
255 2443 530 2522 explicarenecesse
544 2441 591 2502 est
601 2453 689 2520 atque
700 2443 867 2520 ostendere,
878 2441 1017 2520 quidnam
1031 2444 1069 2503 sit
1076 2443 1148 2505 illud
1159 2451 1239 2526 quod
1337 2461 1348 2470 “

137 2536 285 2596 effecitut
305 2534 489 2594 Chersoneso
513 2554 614 2594 secure
635 2534 816 2612 potiremini3
838 2554 897 2612 quo
913 2534 1041 2612 cognito,
1062 2555 1125 2596 enm
1149 2541 1238 2600 etiam

140 2647 233 2707 quam
243 2625 330 2686 dico
323 2625 456 2707 injuriam
470 2628 622 2704 perspicue
634 2627 770 2686 cernetis.

184 2723 215 2780 t.
238 2719 305 2778 Hoc
324 2729 432 2790 antem,
452 2718 658 2788 Athenienses,
678 2717 722 2776 sic
738 2716 846 2776 habet:
870 2719 964 2797 Cotye
987 2718 1139 2795 defuncto,
1158 2724 1239 2786 Beri

141 2811 242 2882 eadee,
257 2809 425 2871 Amadncus
439 2820 469 2867 et
483 2809 699 2888 Gersobleptss,
714 2820 773 2868 tres
787 2827 841 2887 pro
854 2829 913 2868 uno
926 2809 1059 2869 Thraciae
1072 2832 1156 2892 reges
1171 2817 1240 2876 facti

140 2913 225 2964 sunt.
255 2903 321 2970 Qua
334 2921 371 2960 ex
383 2920 414 2960 re
427 2899 458 2959 id
473 2901 605 2979 contigit,
620 2905 672 2960 ut
665 2901 722 2980 rpsi
739 2901 816 2960 inter
830 2921 895 2960 sese
915 2901 1121 2964 dissententies
1136 2907 1175 2965 ad
1185 2925 1239 2968 vos

143 3015 179 3056 se
200 2994 365 3054 conferrent
383 3011 495 3072 vosque
514 2993 654 3052 colerent.
684 2993 751 3052 Hoc
773 2992 870 3070 igitur,
893 2992 1099 3068 Athenienses,
1122 2998 1240 3074 quidam

142 3088 217 3147 dum
229 3085 370 3164 repellere
383 3085 496 3156 nolunt,
515 3095 546 3144 et
558 3084 677 3163 reliquis
697 3082 814 3163 regibus
828 3085 976 3162 abrogatis
991 3104 1133 3145 summam
1150 3091 1241 3152 totius

142 3177 258 3256 imperii
275 3177 314 3236 ad
336 3177 547 3254 Cersoblepten
562 3176 730 3248 devolvere,
751 3174 856 3234 callide
877 3175 934 3234 hoc
954 3181 1241 3243 senatusconsultum

142 3279 341 3339 extorserunt,
357 3269 382 3327 si
395 3270 484 3328 verba
493 3277 671 3347 spectentur,
681 3266 849 3345 sejunctum
859 3286 877 3325 a
886 3266 953 3325 talis
963 3269 1241 3348 conatus'opi'nione‚

142 3361 244 3439 reipsa
257 3360 381 3419 maxime
395 3359 434 3418 ad
446 3360 505 3420 hoc
517 3359 783 3430 accommodatum,
797 3367 831 3416 nt
845 3377 901 3435 ego
916 3357 1051 3417 docebo..
1077 3361 1154 3420 Nam
1174 3384 1242 3424 cum

96 3468 106 3472 “
142 3453 286 3514 defuncto
296 3471 398 3529 regum
411 3471 472 3510 uno
486 3452 637 3524 Berisade,
651 3451 787 3528 negiecto
794 3449 985 3529 jurejurando
998 3461 1031 3514 et
1041 3451 1152 3513 foedere
1162 3458 1242 3532 quod

144 3543 299 3606 vobiscum
314 3543 433 3615 fecerat,
447 3543 655 3621 Cersobleptes
668 3543 779 3602 bellum
796 3552 826 3601 et
840 3541 989 3600 Berisadse
1002 3541 1100 3602 liberis
1111 3555 1141 3604 et
1151 3547 1243 3606 Ama·

144 3639 224 3699 doce
239 3636 393 3702 intulisset,
414 3637 579 3707 constabat,
596 3635 745 3696 Berisadae
764 3631 861 3693 liberis
881 3634 1101 3695 Athenodorum
1118 3631 1258 3715 epitola?

145 3745 256 3802 turum,
270 3730 419 3790 Amadoco
432 3731 581 3796 Simonem
594 3738 625 3788 et
639 3729 812 3796 Bianorem;
833 3746 902 3786 nam
916 3727 965 3788 ille
978 3729 1125 3788 Berisadae
1136 3731 1242 3800 affinis,

142 3824 175 3882 hi
190 3823 335 3882 Amadoci
347 3822 476 3881 fuerunt.
505 3822 678 3900 Cogitantes
691 3821 790 3899 igitur,
805 3839 931 3904 quonam
945 3821 1033 3880 modo
1045 3821 1075 3879 hi
1086 3825 1243 3901 compesci,

145 3925 238 3992 atque
251 3913 307 3972 illis
327 3912 450 3978 desertis
465 3912 669 3986 Charidemus,
683 3912 732 3990 qui
750 3931 872 3990 regnum
896 3912 1095 3990 Cerscbleptae
1115 3914 1243 3976 stabilire

142 4015 281 4076 conatur,
296 4004 369 4064 citra
381 4005 542 4084 periculum
557 4005 724 4064 subvertere
744 4014 845 4082 posset
858 4004 964 4074 omnia,
975 4003 1007 4061 id
1021 4005 1082 4064 lieri
1096 4025 1183 4084 posse
1197 4027 1242 4068 re.

142 4107 302 4181 peremat
304 4099 428 4202 primum
443 4097 560 4158 decreto
572 4117 590 4156 a
604 4097 694 4156 vobis
699 4097 863 4174 impetrem,
879 4095 968 4175 siquis
986 4113 1054 4153 eum
1076 4097 1246 4174 occidisset,

143 4202 182 4250 nt
195 4190 296 4250 liceret
309 4188 371 4247 illi
363 4189 480 4269 mjicer'e
493 4189 618 4248 manus:
644 4187 760 4258 deinde,
773 4207 798 4246 ει
791 4185 1006 4246 'Charidemus
1021 4207 1040 4246 a
1056 4189 1161 4249 vobis
1153 4209 1242 4270 impe

117 4342 123 4350 ,
141 4293 226 4344 rator
239 4280 450 4360 designaretur.
472 4269 576 4360 Neque
594 4280 670 4338 enim
691 4288 792 4340 contra
805 4278 1007 4357 imperatorem
1020 4290 1148 4342 vestrum
1163 4301 1244 4343 arms

141 4387 258 4436 temere
272 4374 392 4434 laturos
390 4393 461 4434 esse
477 4373 625 4436 Simonem
639 4383 668 4430 et
682 4371 834 4430 Bianorem
850 4389 875 4428 a
882 4371 963 4431 vobis
977 4372 1092 4434 civitate
1109 4374 1243 4450 donatos,
