2886 4946
529 245 585 304 Du
605 245 793 308 CORONA.
1151 252 1205 312 lut

106 400 307 480 cognoscetis.
331 399 401 460 Non
411 398 519 460 licebat
528 400 630 478 utique
641 400 852 474 locris‚uisire
861 401 1032 482 priusnobic
1040 401 1212 466 manutium

103 491 191 552 litem
203 492 344 554 edverws
362 501 492 552 nostram
509 491 654 553 cintetem
675 495 829 556 conficere.
872 496 946 562 Quis
959 494 1048 575 igitur
1062 514 1117 560 noe
1139 495 1211 560 cita-

105 584 148 644 vit
171 586 210 644 ad
230 604 319 664 quem
337 582 523 665 judicatum?
559 585 643 645 Cedo
664 585 812 646 hominem
832 587 880 665 qni
902 589 985 659 sciat,
998 588 1131 648 ostende.
1171 588 1214 648 At

105 697 167 737 non
187 689 285 757 potes,
306 677 360 738 sed
384 678 500 746 inanem
524 677 607 736 illurn
626 697 779 758 perperam
802 679 960 740 adhibuisti
980 689 1155 761 praetextum
1181 689 1213 741 et

106 771 291 831 mendacem.
544 787 546 792 “

145 861 211 934 50.x
223 863 411 924 obeuntibus
426 860 515 940 igitur
528 862 678 942 regionem
693 881 758 924 eam
779 862 863 924 istius
883 863 1000 927 hortatu
1016 863 1211 945 Amphictyo·

104 956 208 1030 nibus,
222 957 310 1018 Locri
322 957 434 1036 impetu
444 955 524 1016 facto
531 975 608 1036 pene
619 976 718 1017 omues
727 956 834 1035 jaculis
849 957 1044 1030 confixerunt,
1055 957 1212 1021 nonnullos

103 1049 201 1110 etium
220 1069 256 1108 ex
268 1049 554 1110 hieromnemouibue
567 1049 778 1128 corripuerunt.
820 1050 862 1109 Ut
873 1068 942 1113 vero
953 1069 991 1111 ex
1004 1049 1050 1110 his
1065 1050 1207 1128 querimo-

103 1141 164 1204 uioe
177 1150 248 1202 crte
258 1142 426 1220 bellumque
448 1149 551 1202 contra
570 1141 796 1220 Amphiseensee
819 1129 997 1202 concitatum
1020 1151 1073 1214 est,
1087 1142 1211 1223 primum

105 1234 277 1315 Cottyphue
300 1235 551 1315 Amphictyonum
575 1235 733 1314 praeiectus
757 1244 803 1294 est
825 1236 975 1310 exercitui,
1001 1235 1120 1310 deinde,
1142 1231 1210 1297 cum

104 1328 155 1388 ulii
169 1347 233 1387 non
251 1327 393 1399 venirent,
407 1327 455 1386 alii
465 1327 516 1405 qui
529 1337 669 1389 venerant
680 1326 752 1386 nihil
762 1326 901 1406 effectum
914 1329 1027 1402 darent,
1040 1329 1071 1388 in
1084 1321 1210 1408 sequen·

104 1432 134 1480 te
155 1417 417 1500 couventuPyloee
428 1420 466 1478 ad
476 1418 644 1498 Philippum
659 1418 757 1478 statim
776 1419 970 1499 principatum
988 1420 1119 1482 detulere
1140 1443 1212 1482 non·

104 1512 180 1572 nulli
193 1510 329 1571 homines
344 1511 383 1570 ad
395 1529 460 1570 earn
479 1530 540 1571 rem
560 1510 695 1570 instructi
706 1520 738 1569 et
745 1512 919 1591 jampridem
933 1512 1089 1592 profligati,
1105 1503 1209 1593 partim

105 1629 142 1668 ex
168 1606 333 1679 Thessalis,
355 1606 462 1685 partim
485 1625 521 1664 ex
544 1604 607 1665 eliis
631 1603 809 1666 civitatdrus.
849 1606 1020 1684 Censusque
1038 1606 1119 1666 nacti
1140 1620 1209 1666 sunt

105 1700 279 1781 speciosas:
301 1708 354 1758 aut
374 1698 451 1757 enim
474 1699 555 1778 ipsos
575 1698 715 1777 pecunias
736 1695 867 1758 conferre
889 1707 1083 1777 externosque
1102 1699 1208 1764 milites

105 1795 186 1855 alere
200 1801 336 1872 oportere
351 1791 500 1863 dicebant,
520 1790 613 1870 etqui
627 1791 693 1850 hoeo
711 1799 881 1850 recusarent
895 1791 1049 1863 mulctare,
1063 1791 1208 1851 sutilium

105 1885 216 1946 ducem
238 1883 357 1964 eligere.
397 1881 477 1950 Quid
497 1881 613 1943 multat
635 1889 751 1943 creatus
772 1882 822 1942 ille
841 1883 923 1942 hisce
943 1885 1050 1941 ortibus
1071 1881 1131 1943 dux
1151 1893 1207 1944 est.

106 1979 148 2038 Et
173 1977 277 2041 statim
300 1985 404 2056 postea
425 1973 578 2055 Philippus
602 1975 694 2054 copiis
721 1975 896 2054 comparatis
921 1994 1093 2054 progressus
1127 1977 1210 2056 quasi
1274 2027 1276 2031 .

105 2090 246 2151 campum
261 2069 425 2129 Cirrhoenm
434 2068 589 2130 invasurus
602 2078 689 2141 esset,
702 2069 822 2147 longum
832 2069 928 2128 valere
937 2068 1028 2148 jussis
1043 2079 1073 2130 et
1083 2068 1209 2130 Cirrha-

102 2166 125 2224 is
140 2173 172 2224 et
185 2163 393 2236 Locrensibus,
410 2160 542 2220 Elateam
555 2170 690 2242 occupet
732 2161 819 2229 Quod
838 2162 864 2222 si
879 2181 938 2221 nou
956 2160 1063 2230 statim,
1074 2171 1109 2220 ut
1121 2161 1150 2222 id
1165 2162 1209 2222 vi·

104 2259 221 2331 derant,
236 2257 391 2317 consilinm
404 2265 567 2316 mutassent
579 2255 711 2315 'l'hebani
730 2273 854 2333 seseque
872 2253 1023 2314 vobiscum
1043 2253 1210 2332 conjunxis-

105 2361 186 2420 sent,
200 2349 337 2410 torrentis
351 2349 443 2410 instar
461 2350 597 2408 universa
615 2349 656 2407 rei
679 2346 772 2406 moles
796 2346 827 2405 in
846 2347 922 2406 hanc
945 2348 1047 2405 urbem
1060 2345 1207 2405 irruisset:

104 2461 193 2502 nnnc
204 2450 300 2500 eutem
312 2459 379 2500 eum
394 2441 552 2520 derepente
565 2439 608 2499 illi
622 2430 958 2511 coercueruntmaxime
974 2437 1102 2516 quidem,
1117 2437 1209 2498 Athe-

102 2529 237 2603 nienses,
248 2532 294 2592 dei
303 2533 429 2612 alicujus
450 2533 632 2611 benignitate
644 2551 780 2610 ergarus
791 2551 799 2599 ;
821 2529 929 2590 deinde
941 2549 1010 2590 vero
1024 2539 1163 2610 quantum
1177 2531 1208 2597 in

103 2647 168 2687 nno
177 2627 241 2687 viro
251 2625 340 2686 situm
350 2635 396 2685 est
409 2643 500 2704 opera
509 2645 586 2686 mea.
630 2624 714 2686 Cedo
731 2624 803 2684 mihi
816 2625 880 2684 haec
894 2625 1012 2684 decreta
1024 2632 1055 2683 et
1065 2632 1207 2705 tempora,

103 2721 211 2800 quibus
222 2719 342 2798 singula
354 2727 473 2797 peracta
487 2728 569 2786 ιιιιιις
591 2727 626 2778 ut
636 2717 743 2790 sciatis,
754 2717 870 2796 quentis
880 2717 973 2776 turbis
981 2715 1207 2795 impurissimum

104 2813 188 2874 istud
203 2819 294 2892 caput
305 2811 438 2871 excitatis
452 2830 554 2890 prenae
567 2811 699 2871 nondum
712 2810 892 2890 persolverit.
914 2810 1020 2870 Recita
1032 2809 1158 2872 decreta.

149 3033 204 3096 51.
389 3027 621 3119 DECRETUM
642 3026 998 3088 AMPHICTYONUM.

138 3163 271 3221 mie
282 3171 414 3233 (illusum,
431 3171 514 3234 Pylae
528 3169 629 3226 ecucilio
644 3185 724 3228 seruo,
734 3169 810 3220 risum
821 3175 858 3220 est
868 3169 993 3232 Pytegoru
1002 3174 1027 3216 et
1033 3168 1208 3218 consessoribus

104 3249 303 3312 Amphictyonum
314 3255 339 3296 et
347 3247 462 3302 communi
473 3246 680 3312 Amphictyonum,
688 3246 795 3309 quonium
804 3244 984 3308 Amphisseuses
994 3245 1017 3292 iu
1029 3260 1118 3292 ssorum
1126 3261 1208 3308 ugrum

105 3323 278 3388 inpediuntur,
287 3339 384 3386 cumque
396 3331 518 3371 conserunt
529 3333 553 3370 et
565 3323 672 3370 sumentis
683 3322 832 3380 distribuunt,
844 3328 870 3368 ut
881 3337 909 3368 eo
918 3338 942 3368 sc
958 3321 1076 3369 conferant
1087 3322 1208 3385 Pylegorae

106 3417 133 3450 uc
145 3418 305 3458 consessores,
316 3408 340 3448 et
349 3401 460 3449 terminos
471 3399 584 3448 columnis
595 3397 774 3462 distinguuntet
783 3398 989 3460 Amphisseusihus
1000 3398 1138 3448 interdicent
1147 3415 1176 3448 us
1183 3399 1207 3449 in

105 3487 228 3540 postem
238 3477 405 3540 ingredientur.
449 3471 458 3484 '

451 3637 590 3736 Arrun!
602 3635 847 3698 DECRETUM.

138 3781 268 3828 Sacerdote
280 3779 411 3842 Glinugore,
419 3781 502 3844 Pyloeo
513 3778 613 3828 concilio
624 3796 706 3835 verno,
715 3779 791 3828 visum
800 3790 836 3828 est
847 3779 970 3841 Pylugoris
981 3786 1005 3827 et
1013 3779 1207 3840 Amphictyonum

104 3857 285 3906 consessoribus
298 3865 323 3904 et
339 3858 453 3906 communi
472 3857 679 3918 Amphictyonum,
695 3857 802 3918 quoniam
818 3857 997 3919 Amplisseuses
1019 3871 1100 3917 ugrum
1116 3869 1207 3903 morum

103 3935 169 3981 inter
181 3949 206 3980 ιι
218 3933 321 3982 divisum
328 3935 408 3982 colunt
415 3943 442 3983 et
451 3941 554 3983 umente
564 3933 589 3982 is
606 3951 634 3982 eo
645 3943 753 3996 pascunt,
766 3942 798 3992 et,
816 3951 868 3982 curu
878 3935 922 3982 hoe
932 3935 1008 3981 tacere
1019 3939 1161 3990 vetarentur,
1173 3949 1209 3982 ιι-

102 4012 290 4059 sustinuerunt
303 4019 329 4059 et
344 4015 608 4061 cemmeticensium
626 4013 749 4062 comitium
765 4013 789 4061 vi
808 4012 979 4076 propulserunt,
996 4010 1119 4059 nonnullos
1137 4011 1206 4068 etism

101 4087 479 4155 uuluemruut‚[ct](lottyphuu
489 4091 604 4140 Amudem
622 4090 706 4138 ducem
723 4091 753 4136 sb
769 4086 978 4150 hmphmtycuibus
991 4093 1094 4134 emotum
1103 4087 1166 4136 mitti
1177 4090 1208 4138 ad

102 4163 243 4230 Philippum
260 4167 423 4224 Macedonum,
439 4170 471 4216 uh
489 4183 563 4230 eoque
574 4169 632 4232 peti,
644 4174 670 4218 ut
681 4165 785 4229 Apollini
797 4171 821 4214 et
831 4163 1041 4226 Amphictyonibus
1058 4182 1125 4228 opem
1141 4168 1209 4224 ierat,

102 4259 182 4306 neque
193 4243 264 4292 elem
282 4246 385 4310 negligat
403 4248 432 4293 ab
446 4247 525 4314 impiis
541 4244 748 4308 Amphissensihns
764 4241 851 4290 nelarie
868 4242 994 4292 violatum:
1010 4245 1116 4292 ιιιιιιιίιή
1127 4239 1211 4308 ponpam

103 4335 158 4368 euru
168 4321 335 4382 imperotorem
347 4339 400 4370 eum
414 4340 502 4372 summu
513 4330 651 4385 potestates
662 4321 750 4370 Grecis
761 4318 871 4368 constitui
883 4321 989 4371 omuibus
999 4322 1039 4385 qui
1051 4320 1141 4370 concilii
1153 4321 1209 4368 Διι-

97 4398 252 4461 -phictyouici
262 4405 315 4446 suut
326 4399 460 4463 participes.
