<?xml version="1.0" encoding="UTF-8"?>
<!DOCTYPE html PUBLIC "-//W3C//DTD XHTML 1.0 Transitional//EN"
    "http://www.w3.org/TR/xhtml1/DTD/xhtml1-transitional.dtd">
<html xmlns="http://www.w3.org/1999/xhtml" xml:lang="en" lang="en">
 <head>
  <title>
</title>
<meta http-equiv="Content-Type" content="text/html;charset=utf-8" />
  <meta name='ocr-system' content='tesseract 3.04.00' />
  <meta name='ocr-capabilities' content='ocr_page ocr_carea ocr_par ocr_line ocrx_word'/>
</head>
<body>
  <div class='ocr_page' id='page_1' title='image "./demosthenisetsc08ulpigoog/demosthenisetsc08ulpigoog_0037.png"; bbox 0 0 2920 4950; ppageno 0'>
   <div class='ocr_carea' id='block_1_1' title="bbox 78 199 1084 358">
    <p class='ocr_par' dir='ltr' id='par_1_1' title="bbox 78 199 1084 358">
     <span class='ocr_line' id='line_1_1' title="bbox 78 199 1084 358; baseline -0.014 -36"><span class='ocrx_word' id='word_1_1' title='bbox 78 199 80 208; x_wconf 17' lang='grc' dir='ltr'>Ι</span> <span class='ocrx_word' id='word_1_2' title='bbox 206 261 246 322; x_wconf 79' lang='lat' dir='ltr'>rc</span> <span class='ocrx_word' id='word_1_3' title='bbox 570 251 847 358; x_wconf 71' lang='lat' dir='ltr'>onuuunrncn</span> <span class='ocrx_word' id='word_1_4' title='bbox 870 253 886 314; x_wconf 95' lang='lat'>1</span> <span class='ocrx_word' id='word_1_5' title='bbox 906 253 974 336; x_wconf 81' lang='lat' dir='ltr'>(tq.</span> <span class='ocrx_word' id='word_1_6' title='bbox 1081 295 1084 308; x_wconf 92' lang='lat'><strong><em>.</em></strong></span> 
     </span>
    </p>
   </div>
   <div class='ocr_carea' id='block_1_2' title="bbox 84 409 1348 4424">
    <p class='ocr_par' dir='ltr' id='par_1_2' title="bbox 84 409 1348 4424">
     <span class='ocr_line' id='line_1_2' title="bbox 207 409 1321 502; baseline 0.002 -25"><span class='ocrx_word' id='word_1_7' title='bbox 207 422 310 477; x_wconf 83' lang='lat' dir='ltr'>contra</span> <span class='ocrx_word' id='word_1_8' title='bbox 321 409 464 473; x_wconf 86' lang='lat' dir='ltr'>dubitetis</span> <span class='ocrx_word' id='word_1_9' title='bbox 479 409 558 471; x_wconf 78' lang='lat' dir='ltr'>exis·</span> <span class='ocrx_word' id='word_1_10' title='bbox 572 420 604 472; x_wconf 70' lang='lat' dir='ltr'>m</span> <span class='ocrx_word' id='word_1_11' title='bbox 614 409 746 492; x_wconf 69' lang='lat' dir='ltr'>segniter</span> <span class='ocrx_word' id='word_1_12' title='bbox 758 411 916 476; x_wconf 74' lang='lat' dir='ltr'>contunsis</span> <span class='ocrx_word' id='word_1_13' title='bbox 927 431 983 494; x_wconf 89' lang='lat' dir='ltr'>pro</span> <span class='ocrx_word' id='word_1_14' title='bbox 1004 414 1074 494; x_wconf 84' lang='lat' dir='ltr'>ipsis</span> <span class='ocrx_word' id='word_1_15' title='bbox 1084 416 1189 476; x_wconf 76' lang='lat' dir='ltr'>vestm</span> <span class='ocrx_word' id='word_1_16' title='bbox 1199 435 1321 502; x_wconf 83' lang='lat' dir='ltr'>posses-</span> 
     </span>
     <span class='ocr_line' id='line_1_3' title="bbox 211 501 1320 590; baseline 0.001 -20"><span class='ocrx_word' id='word_1_17' title='bbox 211 509 360 570; x_wconf 78' lang='lat' dir='ltr'>sionibus:</span> <span class='ocrx_word' id='word_1_18' title='bbox 382 514 412 565; x_wconf 88' lang='lat' dir='ltr'>et</span> <span class='ocrx_word' id='word_1_19' title='bbox 425 521 493 563; x_wconf 84' lang='lat' dir='ltr'>cuns</span> <span class='ocrx_word' id='word_1_20' title='bbox 506 519 587 585; x_wconf 71' lang='lat' dir='ltr'>saeps</span> <span class='ocrx_word' id='word_1_21' title='bbox 599 503 673 564; x_wconf 86' lang='lat' dir='ltr'>ulios</span> <span class='ocrx_word' id='word_1_22' title='bbox 688 501 884 578; x_wconf 71' lang='lat' dir='ltr'>servaveritis,</span> <span class='ocrx_word' id='word_1_23' title='bbox 897 523 959 586; x_wconf 88' lang='lat' dir='ltr'>qna</span> <span class='ocrx_word' id='word_1_24' title='bbox 970 506 1132 580; x_wconf 88' lang='lat' dir='ltr'>universos,</span> <span class='ocrx_word' id='word_1_25' title='bbox 1143 529 1203 588; x_wconf 84' lang='lat' dir='ltr'>qun</span> <span class='ocrx_word' id='word_1_26' title='bbox 1215 509 1320 590; x_wconf 83' lang='lat' dir='ltr'>singu-</span> 
     </span>
     <span class='ocr_line' id='line_1_4' title="bbox 209 594 1321 681; baseline 0.002 -19"><span class='ocrx_word' id='word_1_27' title='bbox 209 601 266 676; x_wconf 88' lang='lat' dir='ltr'>los,</span> <span class='ocrx_word' id='word_1_28' title='bbox 277 594 381 660; x_wconf 81' lang='lat' dir='ltr'>vestris</span> <span class='ocrx_word' id='word_1_29' title='bbox 391 595 503 658; x_wconf 76' lang='lat' dir='ltr'>emissis</span> <span class='ocrx_word' id='word_1_30' title='bbox 513 596 618 678; x_wconf 90' lang='lat' dir='ltr'>opibus</span> <span class='ocrx_word' id='word_1_31' title='bbox 627 596 799 658; x_wconf 83' lang='lat' dir='ltr'>desidentis.</span> <span class='ocrx_word' id='word_1_32' title='bbox 822 597 900 660; x_wconf 82' lang='lat' dir='ltr'>Haec</span> <span class='ocrx_word' id='word_1_33' title='bbox 913 600 1020 662; x_wconf 78' lang='lat' dir='ltr'>miror:</span> <span class='ocrx_word' id='word_1_34' title='bbox 1034 611 1124 681; x_wconf 90' lang='lat' dir='ltr'>atque</span> <span class='ocrx_word' id='word_1_35' title='bbox 1133 602 1206 662; x_wconf 88' lang='lat' dir='ltr'>illud</span> <span class='ocrx_word' id='word_1_36' title='bbox 1219 604 1321 680; x_wconf 88' lang='lat' dir='ltr'>etiam,</span> 
     </span>
     <span class='ocr_line' id='line_1_5' title="bbox 210 685 1321 778; baseline 0.004 -23"><span class='ocrx_word' id='word_1_37' title='bbox 210 695 235 756; x_wconf 91' lang='lat' dir='ltr'>si</span> <span class='ocrx_word' id='word_1_38' title='bbox 248 685 377 755; x_wconf 83' lang='lat' dir='ltr'>vestrum</span> <span class='ocrx_word' id='word_1_39' title='bbox 387 695 475 755; x_wconf 81' lang='lat' dir='ltr'>nemo</span> <span class='ocrx_word' id='word_1_40' title='bbox 488 704 622 772; x_wconf 81' lang='lat' dir='ltr'>reputnre</span> <span class='ocrx_word' id='word_1_41' title='bbox 638 693 745 772; x_wconf 88' lang='lat' dir='ltr'>possit,</span> <span class='ocrx_word' id='word_1_42' title='bbox 759 691 966 768; x_wconf 67' lang='lat' dir='ltr'>Athenienses,</span> <span class='ocrx_word' id='word_1_43' title='bbox 986 706 1096 774; x_wconf 83' lang='lat' dir='ltr'>quantn</span> <span class='ocrx_word' id='word_1_44' title='bbox 1109 695 1172 776; x_wconf 83' lang='lat' dir='ltr'>jem</span> <span class='ocrx_word' id='word_1_45' title='bbox 1187 711 1321 778; x_wconf 87' lang='lat' dir='ltr'>tempore</span> 
     </span>
     <span class='ocr_line' id='line_1_6' title="bbox 210 785 1321 866; baseline 0 -16"><span class='ocrx_word' id='word_1_46' title='bbox 210 805 278 850; x_wconf 86' lang='lat' dir='ltr'>num</span> <span class='ocrx_word' id='word_1_47' title='bbox 292 785 546 866; x_wconf 88' lang='lat' dir='ltr'>Philippobeilnm</span> <span class='ocrx_word' id='word_1_48' title='bbox 561 787 681 865; x_wconf 83' lang='lat' dir='ltr'>geratis,</span> <span class='ocrx_word' id='word_1_49' title='bbox 690 785 819 864; x_wconf 85' lang='lat' dir='ltr'>quidque</span> <span class='ocrx_word' id='word_1_50' title='bbox 828 785 911 847; x_wconf 84' lang='lat' dir='ltr'>vohis</span> <span class='ocrx_word' id='word_1_51' title='bbox 922 788 1095 850; x_wconf 79' lang='lat' dir='ltr'>facientibus</span> <span class='ocrx_word' id='word_1_52' title='bbox 1106 807 1193 850; x_wconf 89' lang='lat' dir='ltr'>omne</span> <span class='ocrx_word' id='word_1_53' title='bbox 1202 789 1233 849; x_wconf 92' lang='lat' dir='ltr'>id</span> <span class='ocrx_word' id='word_1_54' title='bbox 1243 799 1321 850; x_wconf 87' lang='lat' dir='ltr'>tem·</span> 
     </span>
     <span class='ocr_line' id='line_1_7' title="bbox 206 875 1324 963; baseline 0.001 -21"><span class='ocrx_word' id='word_1_55' title='bbox 206 891 270 963; x_wconf 63' lang='lat' dir='ltr'>pus⁴</span> <span class='ocrx_word' id='word_1_56' title='bbox 278 878 459 962; x_wconf 76' lang='lat' dir='ltr'>preterierit.</span> <span class='ocrx_word' id='word_1_57' title='bbox 500 875 600 940; x_wconf 88' lang='lat' dir='ltr'>Nostis</span> <span class='ocrx_word' id='word_1_58' title='bbox 613 878 691 952; x_wconf 85' lang='lat' dir='ltr'>enim</span> <span class='ocrx_word' id='word_1_59' title='bbox 704 878 760 938; x_wconf 90' lang='lat' dir='ltr'>hoo</span> <span class='ocrx_word' id='word_1_60' title='bbox 770 877 1084 951; x_wconf 83' lang='lat' dir='ltr'>scilicet,sessantibus</span> <span class='ocrx_word' id='word_1_61' title='bbox 1092 881 1324 962; x_wconf 77' lang='lat' dir='ltr'>vobismetipsis,</span> 
     </span>
     <span class='ocr_line' id='line_1_8' title="bbox 209 965 1320 1057; baseline -0.001 -19"><span class='ocrx_word' id='word_1_62' title='bbox 209 975 282 1038; x_wconf 83' lang='lat' dir='ltr'>alios</span> <span class='ocrx_word' id='word_1_63' title='bbox 297 973 444 1055; x_wconf 76' lang='lat' dir='ltr'>quosdam</span> <span class='ocrx_word' id='word_1_64' title='bbox 466 991 528 1034; x_wconf 88' lang='lat' dir='ltr'>rem</span> <span class='ocrx_word' id='word_1_65' title='bbox 550 965 689 1053; x_wconf 69' lang='lat' dir='ltr'>gesturos</span> <span class='ocrx_word' id='word_1_66' title='bbox 712 971 910 1052; x_wconf 75' lang='lat' dir='ltr'>sperantibus,</span> <span class='ocrx_word' id='word_1_67' title='bbox 933 974 999 1035; x_wconf 87' lang='lat' dir='ltr'>aliis</span> <span class='ocrx_word' id='word_1_68' title='bbox 1021 974 1095 1035; x_wconf 85' lang='lat' dir='ltr'>ulios</span> <span class='ocrx_word' id='word_1_69' title='bbox 1119 965 1320 1057; x_wconf 78' lang='lat' dir='ltr'>culpantibus,</span> 
     </span>
     <span class='ocr_line' id='line_1_9' title="bbox 208 1066 1323 1152; baseline 0.001 -22"><span class='ocrx_word' id='word_1_70' title='bbox 208 1071 239 1130; x_wconf 92' lang='lat' dir='ltr'>in</span> <span class='ocrx_word' id='word_1_71' title='bbox 248 1067 391 1152; x_wconf 84' lang='lat' dir='ltr'>judicium</span> <span class='ocrx_word' id='word_1_72' title='bbox 405 1067 590 1141; x_wconf 70' lang='lat' dir='ltr'>nocentibus,</span> <span class='ocrx_word' id='word_1_73' title='bbox 604 1083 705 1128; x_wconf 88' lang='lat' dir='ltr'>rursus</span> <span class='ocrx_word' id='word_1_74' title='bbox 725 1066 923 1146; x_wconf 66' lang='lat' dir='ltr'>sperantibus,</span> <span class='ocrx_word' id='word_1_75' title='bbox 943 1067 1047 1129; x_wconf 86' lang='lat' dir='ltr'>eadem</span> <span class='ocrx_word' id='word_1_76' title='bbox 1070 1069 1133 1130; x_wconf 83' lang='lat' dir='ltr'>iere</span> <span class='ocrx_word' id='word_1_77' title='bbox 1155 1089 1222 1149; x_wconf 85' lang='lat' dir='ltr'>quse</span> <span class='ocrx_word' id='word_1_78' title='bbox 1239 1089 1323 1131; x_wconf 83' lang='lat' dir='ltr'>nuno</span> 
     </span>
     <span class='ocr_line' id='line_1_10' title="bbox 207 1158 1319 1244; baseline 0 -21"><span class='ocrx_word' id='word_1_79' title='bbox 207 1161 374 1244; x_wconf 82' lang='lat' dir='ltr'>agentibus,</span> <span class='ocrx_word' id='word_1_80' title='bbox 394 1162 563 1222; x_wconf 84' lang='lat' dir='ltr'>universum</span> <span class='ocrx_word' id='word_1_81' title='bbox 582 1169 700 1240; x_wconf 87' lang='lat' dir='ltr'>tempus</span> <span class='ocrx_word' id='word_1_82' title='bbox 727 1158 847 1242; x_wconf 81' lang='lat' dir='ltr'>abiisse.</span> <span class='ocrx_word' id='word_1_83' title='bbox 889 1158 1005 1222; x_wconf 78' lang='lat' dir='ltr'>Deinde</span> <span class='ocrx_word' id='word_1_84' title='bbox 1031 1160 1147 1222; x_wconf 71' lang='lat' dir='ltr'>adeorm</span> <span class='ocrx_word' id='word_1_85' title='bbox 1173 1159 1319 1243; x_wconf 82' lang='lat' dir='ltr'>desipitis,</span> 
     </span>
     <span class='ocr_line' id='line_1_11' title="bbox 209 1243 1322 1335; baseline 0 -18"><span class='ocrx_word' id='word_1_86' title='bbox 209 1257 417 1329; x_wconf 68' lang='lat' dir='ltr'>Athenienses,</span> <span class='ocrx_word' id='word_1_87' title='bbox 430 1263 465 1316; x_wconf 90' lang='lat' dir='ltr'>ut</span> <span class='ocrx_word' id='word_1_88' title='bbox 478 1253 584 1335; x_wconf 83' lang='lat' dir='ltr'>quibus</span> <span class='ocrx_word' id='word_1_89' title='bbox 596 1243 760 1314; x_wconf 75' lang='lat' dir='ltr'>redonibus</span> <span class='ocrx_word' id='word_1_90' title='bbox 773 1253 939 1314; x_wconf 84' lang='lat' dir='ltr'>sseeundis</span> <span class='ocrx_word' id='word_1_91' title='bbox 950 1253 1081 1316; x_wconf 78' lang='lat' dir='ltr'>sdssrsae</span> <span class='ocrx_word' id='word_1_92' title='bbox 1094 1257 1240 1317; x_wconf 78' lang='lat' dir='ltr'>resiscere</span> <span class='ocrx_word' id='word_1_93' title='bbox 1250 1265 1322 1317; x_wconf 89' lang='lat' dir='ltr'>suat</span> 
     </span>
     <span class='ocr_line' id='line_1_12' title="bbox 206 1344 1321 1429; baseline -0.002 -18"><span class='ocrx_word' id='word_1_94' title='bbox 206 1348 346 1423; x_wconf 82' lang='lat' dir='ltr'>civitatis,</span> <span class='ocrx_word' id='word_1_95' title='bbox 360 1349 395 1410; x_wconf 89' lang='lat' dir='ltr'>iis</span> <span class='ocrx_word' id='word_1_96' title='bbox 409 1347 481 1428; x_wconf 87' lang='lat' dir='ltr'>ipsis</span> <span class='ocrx_word' id='word_1_97' title='bbox 493 1347 617 1427; x_wconf 80' lang='lat' dir='ltr'>speretis</span> <span class='ocrx_word' id='word_1_98' title='bbox 629 1363 681 1408; x_wconf 85' lang='lat' dir='ltr'>eas</span> <span class='ocrx_word' id='word_1_99' title='bbox 694 1344 873 1410; x_wconf 74' lang='lat' dir='ltr'>eradensis</span> <span class='ocrx_word' id='word_1_100' title='bbox 887 1346 948 1408; x_wconf 81' lang='lat' dir='ltr'>iore</span> <span class='ocrx_word' id='word_1_101' title='bbox 959 1347 1128 1408; x_wconf 71' lang='lat' dir='ltr'>secundas?</span> <span class='ocrx_word' id='word_1_102' title='bbox 1169 1349 1210 1408; x_wconf 88' lang='lat' dir='ltr'>At</span> <span class='ocrx_word' id='word_1_103' title='bbox 1222 1367 1321 1429; x_wconf 88' lang='lat' dir='ltr'>neque</span> 
     </span>
     <span class='ocr_line' id='line_1_13' title="bbox 147 1438 1319 1518; baseline 0 -14"><span class='ocrx_word' id='word_1_104' title='bbox 147 1483 149 1488; x_wconf 92' lang='lat'>-</span> <span class='ocrx_word' id='word_1_105' title='bbox 204 1441 309 1504; x_wconf 81' lang='lat' dir='ltr'>radoni</span> <span class='ocrx_word' id='word_1_106' title='bbox 322 1451 553 1502; x_wconf 76' lang='lat' dir='ltr'>consentaneum</span> <span class='ocrx_word' id='word_1_107' title='bbox 577 1454 671 1518; x_wconf 87' lang='lat' dir='ltr'>nequa</span> <span class='ocrx_word' id='word_1_108' title='bbox 692 1447 806 1498; x_wconf 79' lang='lat' dir='ltr'>naturus</span> <span class='ocrx_word' id='word_1_109' title='bbox 827 1439 885 1501; x_wconf 89' lang='lat' dir='ltr'>hoc</span> <span class='ocrx_word' id='word_1_110' title='bbox 904 1448 970 1510; x_wconf 86' lang='lat' dir='ltr'>est;</span> <span class='ocrx_word' id='word_1_111' title='bbox 992 1438 1087 1502; x_wconf 86' lang='lat' dir='ltr'>multo</span> <span class='ocrx_word' id='word_1_112' title='bbox 1109 1442 1186 1502; x_wconf 83' lang='lat' dir='ltr'>enim</span> <span class='ocrx_word' id='word_1_113' title='bbox 1201 1439 1319 1504; x_wconf 77' lang='lat' dir='ltr'>lucilius</span> 
     </span>
     <span class='ocr_line' id='line_1_14' title="bbox 210 1533 1319 1620; baseline 0.001 -23"><span class='ocrx_word' id='word_1_114' title='bbox 210 1535 320 1615; x_wconf 82' lang='lat' dir='ltr'>adepte</span> <span class='ocrx_word' id='word_1_115' title='bbox 332 1545 485 1595; x_wconf 77' lang='lat' dir='ltr'>servamur</span> <span class='ocrx_word' id='word_1_116' title='bbox 501 1533 609 1620; x_wconf 86' lang='lat' dir='ltr'>omnis,</span> <span class='ocrx_word' id='word_1_117' title='bbox 623 1547 713 1612; x_wconf 82' lang='lat' dir='ltr'>quern</span> <span class='ocrx_word' id='word_1_118' title='bbox 725 1542 953 1614; x_wconf 77' lang='lat' dir='ltr'>conparantur:</span> <span class='ocrx_word' id='word_1_119' title='bbox 975 1545 1005 1596; x_wconf 87' lang='lat' dir='ltr'>et</span> <span class='ocrx_word' id='word_1_120' title='bbox 1018 1551 1099 1596; x_wconf 83' lang='lat' dir='ltr'>nunc</span> <span class='ocrx_word' id='word_1_121' title='bbox 1113 1535 1234 1614; x_wconf 86' lang='lat' dir='ltr'>quidem</span> <span class='ocrx_word' id='word_1_122' title='bbox 1247 1555 1319 1617; x_wconf 80' lang='lat' dir='ltr'>pos·</span> 
     </span>
     <span class='ocr_line' id='line_1_15' title="bbox 210 1625 1320 1710; baseline 0 -18"><span class='ocrx_word' id='word_1_123' title='bbox 210 1629 373 1692; x_wconf 85' lang='lat' dir='ltr'>sessionum</span> <span class='ocrx_word' id='word_1_124' title='bbox 387 1637 518 1689; x_wconf 85' lang='lat' dir='ltr'>veterum</span> <span class='ocrx_word' id='word_1_125' title='bbox 528 1625 612 1706; x_wconf 91' lang='lat' dir='ltr'>quod</span> <span class='ocrx_word' id='word_1_126' title='bbox 625 1635 774 1706; x_wconf 86' lang='lat' dir='ltr'>tueamur,</span> <span class='ocrx_word' id='word_1_127' title='bbox 792 1626 865 1688; x_wconf 86' lang='lat' dir='ltr'>nihil</span> <span class='ocrx_word' id='word_1_128' title='bbox 884 1645 903 1688; x_wconf 88' lang='lat' dir='ltr'>a</span> <span class='ocrx_word' id='word_1_129' title='bbox 925 1626 1006 1689; x_wconf 83' lang='lat' dir='ltr'>bello</span> <span class='ocrx_word' id='word_1_130' title='bbox 1023 1639 1070 1692; x_wconf 87' lang='lat' dir='ltr'>est</span> <span class='ocrx_word' id='word_1_131' title='bbox 1091 1629 1243 1710; x_wconf 84' lang='lat' dir='ltr'>reliquum,</span> <span class='ocrx_word' id='word_1_132' title='bbox 1264 1630 1320 1692; x_wconf 88' lang='lat' dir='ltr'>sed</span> 
     </span>
     <span class='ocr_line' id='line_1_16' title="bbox 208 1711 1319 1803; baseline 0 -19"><span class='ocrx_word' id='word_1_133' title='bbox 208 1723 246 1786; x_wconf 90' lang='lat' dir='ltr'>de</span> <span class='ocrx_word' id='word_1_134' title='bbox 256 1720 372 1801; x_wconf 75' lang='lat' dir='ltr'>integro</span> <span class='ocrx_word' id='word_1_135' title='bbox 381 1720 523 1802; x_wconf 76' lang='lat' dir='ltr'>psrandoe</span> <span class='ocrx_word' id='word_1_136' title='bbox 532 1729 619 1782; x_wconf 86' lang='lat' dir='ltr'>sunt:</span> <span class='ocrx_word' id='word_1_137' title='bbox 634 1711 767 1780; x_wconf 69' lang='grc' dir='ltr'>ιιοιιιιιιιι</span> <span class='ocrx_word' id='word_1_138' title='bbox 777 1720 865 1800; x_wconf 78' lang='lat' dir='ltr'>igitur</span> <span class='ocrx_word' id='word_1_139' title='bbox 874 1721 1043 1802; x_wconf 78' lang='lat' dir='ltr'>ipsorumid</span> <span class='ocrx_word' id='word_1_140' title='bbox 1052 1723 1115 1803; x_wconf 84' lang='lat' dir='ltr'>jem</span> <span class='ocrx_word' id='word_1_141' title='bbox 1124 1721 1249 1782; x_wconf 82' lang='lat' dir='ltr'>officium</span> <span class='ocrx_word' id='word_1_142' title='bbox 1261 1733 1319 1793; x_wconf 75' lang='lat' dir='ltr'>est,</span> 
     </span>
     <span class='ocr_line' id='line_1_17' title="bbox 249 1805 1319 1893; baseline 0.004 -20"><span class='ocrx_word' id='word_1_143' title='bbox 249 1815 279 1874; x_wconf 83' lang='grc'>9.</span> <span class='ocrx_word' id='word_1_144' title='bbox 300 1815 402 1882; x_wconf 81' lang='lat' dir='ltr'>Quare</span> <span class='ocrx_word' id='word_1_145' title='bbox 416 1812 538 1887; x_wconf 82' lang='lat' dir='ltr'>suadeo,</span> <span class='ocrx_word' id='word_1_146' title='bbox 550 1805 586 1872; x_wconf 84' lang='lat' dir='ltr'>ut</span> <span class='ocrx_word' id='word_1_147' title='bbox 601 1812 759 1892; x_wconf 84' lang='lat' dir='ltr'>pecuniam</span> <span class='ocrx_word' id='word_1_148' title='bbox 778 1811 946 1886; x_wconf 63' lang='lat' dir='ltr'>constratis,</span> <span class='ocrx_word' id='word_1_149' title='bbox 959 1814 1015 1893; x_wconf 88' lang='lat' dir='ltr'>ipsi</span> <span class='ocrx_word' id='word_1_150' title='bbox 1030 1814 1160 1875; x_wconf 90' lang='lat' dir='ltr'>militetis</span> <span class='ocrx_word' id='word_1_151' title='bbox 1173 1816 1319 1890; x_wconf 84' lang='lat' dir='ltr'>alacriter,</span> 
     </span>
     <span class='ocr_line' id='line_1_18' title="bbox 84 1905 1319 1989; baseline 0.003 -21"><span class='ocrx_word' id='word_1_152' title='bbox 84 1923 89 1937; x_wconf 65' lang='lat'><em>¹</em></span> <span class='ocrx_word' id='word_1_153' title='bbox 106 1924 110 1934; x_wconf 84' lang='lat'><strong>·</strong></span> <span class='ocrx_word' id='word_1_154' title='bbox 210 1906 356 1968; x_wconf 85' lang='lat' dir='ltr'>neminem</span> <span class='ocrx_word' id='word_1_155' title='bbox 367 1905 493 1984; x_wconf 88' lang='lat' dir='ltr'>culpetis</span> <span class='ocrx_word' id='word_1_156' title='bbox 508 1906 678 1985; x_wconf 80' lang='lat' dir='ltr'>priusquam</span> <span class='ocrx_word' id='word_1_157' title='bbox 691 1919 789 1964; x_wconf 82' lang='lat' dir='ltr'>rerum</span> <span class='ocrx_word' id='word_1_158' title='bbox 801 1915 954 1986; x_wconf 82' lang='lat' dir='ltr'>compotes</span> <span class='ocrx_word' id='word_1_159' title='bbox 975 1905 1050 1979; x_wconf 87' lang='lat' dir='ltr'>sitis,</span> <span class='ocrx_word' id='word_1_160' title='bbox 1060 1916 1095 1967; x_wconf 89' lang='lat' dir='ltr'>ut</span> <span class='ocrx_word' id='word_1_161' title='bbox 1107 1917 1171 1973; x_wconf 87' lang='lat' dir='ltr'>tum</span> <span class='ocrx_word' id='word_1_162' title='bbox 1191 1911 1229 1968; x_wconf 87' lang='lat' dir='ltr'>sb</span> <span class='ocrx_word' id='word_1_163' title='bbox 1243 1909 1319 1989; x_wconf 86' lang='lat' dir='ltr'>ipsis</span> 
     </span>
     <span class='ocr_line' id='line_1_19' title="bbox 207 1993 1322 2080; baseline 0.002 -18"><span class='ocrx_word' id='word_1_164' title='bbox 207 2001 296 2062; x_wconf 90' lang='lat' dir='ltr'>rebus</span> <span class='ocrx_word' id='word_1_165' title='bbox 310 1999 401 2080; x_wconf 83' lang='lat' dir='ltr'>gestis</span> <span class='ocrx_word' id='word_1_166' title='bbox 414 2000 493 2060; x_wconf 70' lang='lat' dir='ltr'>moto</span> <span class='ocrx_word' id='word_1_167' title='bbox 508 1995 630 2076; x_wconf 82' lang='lat' dir='ltr'>judicio,</span> <span class='ocrx_word' id='word_1_168' title='bbox 647 2007 678 2059; x_wconf 89' lang='lat' dir='ltr'>et</span> <span class='ocrx_word' id='word_1_169' title='bbox 694 1993 782 2058; x_wconf 81' lang='lat' dir='ltr'>leuda</span> <span class='ocrx_word' id='word_1_170' title='bbox 802 1998 910 2079; x_wconf 80' lang='lat' dir='ltr'>dignos</span> <span class='ocrx_word' id='word_1_171' title='bbox 928 1999 1099 2073; x_wconf 79' lang='lat' dir='ltr'>bonoribus,</span> <span class='ocrx_word' id='word_1_172' title='bbox 1115 2009 1147 2062; x_wconf 88' lang='lat' dir='ltr'>et</span> <span class='ocrx_word' id='word_1_173' title='bbox 1167 2001 1322 2064; x_wconf 85' lang='lat' dir='ltr'>maleficos</span> 
     </span>
     <span class='ocr_line' id='line_1_20' title="bbox 208 2091 1320 2174; baseline -0.001 -22"><span class='ocrx_word' id='word_1_174' title='bbox 208 2092 303 2174; x_wconf 83' lang='lat' dir='ltr'>poenis</span> <span class='ocrx_word' id='word_1_175' title='bbox 330 2091 475 2166; x_wconf 85' lang='lat' dir='ltr'>afficiatis,</span> <span class='ocrx_word' id='word_1_176' title='bbox 504 2105 671 2172; x_wconf 78' lang='lat' dir='ltr'>causasque</span> <span class='ocrx_word' id='word_1_177' title='bbox 690 2107 796 2150; x_wconf 87' lang='lat' dir='ltr'>omnes</span> <span class='ocrx_word' id='word_1_178' title='bbox 817 2092 991 2172; x_wconf 70' lang='lat' dir='ltr'>negligentius</span> <span class='ocrx_word' id='word_1_179' title='bbox 1017 2093 1183 2174; x_wconf 88' lang='lat' dir='ltr'>praecidatis</span> <span class='ocrx_word' id='word_1_180' title='bbox 1212 2105 1243 2156; x_wconf 90' lang='lat' dir='ltr'>et</span> <span class='ocrx_word' id='word_1_181' title='bbox 1267 2114 1320 2156; x_wconf 71' lang='lat' dir='ltr'>se-</span> 
     </span>
     <span class='ocr_line' id='line_1_21' title="bbox 210 2177 1320 2265; baseline 0.001 -18"><span class='ocrx_word' id='word_1_182' title='bbox 210 2197 303 2247; x_wconf 85' lang='lat' dir='ltr'>strum</span> <span class='ocrx_word' id='word_1_183' title='bbox 316 2185 447 2265; x_wconf 84' lang='lat' dir='ltr'>ipsorum</span> <span class='ocrx_word' id='word_1_184' title='bbox 466 2177 664 2245; x_wconf 79' lang='lat' dir='ltr'>omissiones:</span> <span class='ocrx_word' id='word_1_185' title='bbox 685 2201 782 2264; x_wconf 84' lang='lat' dir='ltr'>neque</span> <span class='ocrx_word' id='word_1_186' title='bbox 802 2184 883 2246; x_wconf 88' lang='lat' dir='ltr'>enim</span> <span class='ocrx_word' id='word_1_187' title='bbox 906 2185 952 2244; x_wconf 78' lang='lat' dir='ltr'>ies</span> <span class='ocrx_word' id='word_1_188' title='bbox 974 2195 1022 2246; x_wconf 86' lang='lat' dir='ltr'>est</span> <span class='ocrx_word' id='word_1_189' title='bbox 1043 2185 1074 2245; x_wconf 90' lang='lat' dir='ltr'>in</span> <span class='ocrx_word' id='word_1_190' title='bbox 1094 2187 1217 2246; x_wconf 86' lang='lat' dir='ltr'>aliorum</span> <span class='ocrx_word' id='word_1_191' title='bbox 1237 2188 1320 2254; x_wconf 81' lang='lat' dir='ltr'>facta</span> 
     </span>
     <span class='ocr_line' id='line_1_22' title="bbox 209 2269 1319 2359; baseline 0.002 -17"><span class='ocrx_word' id='word_1_192' title='bbox 209 2273 313 2342; x_wconf 83' lang='lat' dir='ltr'>sserbe</span> <span class='ocrx_word' id='word_1_193' title='bbox 322 2277 479 2357; x_wconf 83' lang='lat' dir='ltr'>inquirere,</span> <span class='ocrx_word' id='word_1_194' title='bbox 489 2277 573 2338; x_wconf 80' lang='lat' dir='ltr'>nisis</span> <span class='ocrx_word' id='word_1_195' title='bbox 586 2276 669 2339; x_wconf 83' lang='lat' dir='ltr'>vobis</span> <span class='ocrx_word' id='word_1_196' title='bbox 677 2269 816 2357; x_wconf 80' lang='lat' dir='ltr'>imprimis</span> <span class='ocrx_word' id='word_1_197' title='bbox 826 2287 990 2358; x_wconf 90' lang='lat' dir='ltr'>suppetant</span> <span class='ocrx_word' id='word_1_198' title='bbox 1001 2277 1100 2338; x_wconf 88' lang='lat' dir='ltr'>omnia</span> <span class='ocrx_word' id='word_1_199' title='bbox 1110 2299 1177 2359; x_wconf 76' lang='lat' dir='ltr'>quse</span> <span class='ocrx_word' id='word_1_200' title='bbox 1190 2290 1319 2359; x_wconf 60' lang='lat' dir='ltr'>oportet,</span> 
     </span>
     <span class='ocr_line' id='line_1_23' title="bbox 210 2363 1319 2452; baseline 0.004 -20"><span class='ocrx_word' id='word_1_201' title='bbox 210 2367 292 2444; x_wconf 83' lang='lat' dir='ltr'>Quid</span> <span class='ocrx_word' id='word_1_202' title='bbox 299 2371 381 2432; x_wconf 87' lang='lat' dir='ltr'>enim</span> <span class='ocrx_word' id='word_1_203' title='bbox 394 2387 492 2432; x_wconf 69' lang='lat' dir='ltr'>ceusu</span> <span class='ocrx_word' id='word_1_204' title='bbox 504 2371 615 2452; x_wconf 80' lang='lat' dir='ltr'>putatis</span> <span class='ocrx_word' id='word_1_205' title='bbox 624 2389 704 2444; x_wconf 89' lang='lat' dir='ltr'>esse,</span> <span class='ocrx_word' id='word_1_206' title='bbox 715 2363 926 2444; x_wconf 83' lang='lat' dir='ltr'>Athenienses,</span> <span class='ocrx_word' id='word_1_207' title='bbox 936 2387 990 2432; x_wconf 90' lang='lat' dir='ltr'>cur</span> <span class='ocrx_word' id='word_1_208' title='bbox 1000 2371 1118 2451; x_wconf 77' lang='lat' dir='ltr'>lugiunt</span> <span class='ocrx_word' id='word_1_209' title='bbox 1131 2373 1249 2452; x_wconf 89' lang='lat' dir='ltr'>quidem</span> <span class='ocrx_word' id='word_1_210' title='bbox 1258 2374 1319 2436; x_wconf 92' lang='lat' dir='ltr'>hoc</span> 
     </span>
     <span class='ocr_line' id='line_1_24' title="bbox 208 2463 1321 2545; baseline 0.001 -18"><span class='ocrx_word' id='word_1_211' title='bbox 208 2467 430 2528; x_wconf 88' lang='lat' dir='ltr'>belinmomnes</span> <span class='ocrx_word' id='word_1_212' title='bbox 444 2482 519 2544; x_wconf 89' lang='lat' dir='ltr'>qnos</span> <span class='ocrx_word' id='word_1_213' title='bbox 537 2463 650 2524; x_wconf 91' lang='lat' dir='ltr'>mittitis</span> <span class='ocrx_word' id='word_1_214' title='bbox 673 2463 874 2542; x_wconf 85' lang='lat' dir='ltr'>imperatores,</span> <span class='ocrx_word' id='word_1_215' title='bbox 898 2463 1031 2542; x_wconf 80' lang='lat' dir='ltr'>privatim</span> <span class='ocrx_word' id='word_1_216' title='bbox 1052 2472 1150 2524; x_wconf 86' lang='lat' dir='ltr'>antem</span> <span class='ocrx_word' id='word_1_217' title='bbox 1164 2465 1321 2545; x_wconf 83' lang='lat' dir='ltr'>exquirant</span> 
     </span>
     <span class='ocr_line' id='line_1_25' title="bbox 108 2547 1320 2638; baseline 0 -16"><span class='ocrx_word' id='word_1_218' title='bbox 108 2547 110 2552; x_wconf 39' lang='lat'><em>&#39;</em></span> <span class='ocrx_word' id='word_1_219' title='bbox 210 2559 302 2633; x_wconf 83' lang='lat' dir='ltr'>bella,</span> <span class='ocrx_word' id='word_1_220' title='bbox 323 2557 450 2638; x_wconf 86' lang='lat' dir='ltr'>siquod</span> <span class='ocrx_word' id='word_1_221' title='bbox 470 2573 517 2616; x_wconf 88' lang='lat' dir='ltr'>res</span> <span class='ocrx_word' id='word_1_222' title='bbox 539 2567 586 2616; x_wconf 88' lang='lat' dir='ltr'>est</span> <span class='ocrx_word' id='word_1_223' title='bbox 607 2555 695 2616; x_wconf 74' lang='lat' dir='ltr'>edam</span> <span class='ocrx_word' id='word_1_224' title='bbox 714 2553 753 2616; x_wconf 88' lang='lat' dir='ltr'>de</span> <span class='ocrx_word' id='word_1_225' title='bbox 767 2555 893 2619; x_wconf 85' lang='lat' dir='ltr'>ducibus</span> <span class='ocrx_word' id='word_1_226' title='bbox 914 2565 961 2617; x_wconf 89' lang='lat' dir='ltr'>est</span> <span class='ocrx_word' id='word_1_227' title='bbox 980 2555 1160 2616; x_wconf 73' lang='lat' dir='ltr'>dicendum?</span> <span class='ocrx_word' id='word_1_228' title='bbox 1179 2559 1320 2636; x_wconf 83' lang='lat' dir='ltr'>qnodhie</span> 
     </span>
     <span class='ocr_line' id='line_1_26' title="bbox 209 2646 1320 2738; baseline 0.002 -28"><span class='ocrx_word' id='word_1_229' title='bbox 209 2651 342 2738; x_wconf 58' lang='lat' dir='ltr'>mammis,</span> <span class='ocrx_word' id='word_1_230' title='bbox 357 2649 508 2728; x_wconf 83' lang='lat' dir='ltr'>dequibus</span> <span class='ocrx_word' id='word_1_231' title='bbox 520 2646 633 2708; x_wconf 87' lang='lat' dir='ltr'>bellum</span> <span class='ocrx_word' id='word_1_232' title='bbox 647 2647 765 2728; x_wconf 76' lang='lat' dir='ltr'>geritur,</span> <span class='ocrx_word' id='word_1_233' title='bbox 777 2657 875 2708; x_wconf 82' lang='lat' dir='ltr'>restra</span> <span class='ocrx_word' id='word_1_234' title='bbox 887 2657 976 2718; x_wconf 78' lang='lat' dir='ltr'>sunt3</span> <span class='ocrx_word' id='word_1_235' title='bbox 996 2649 1182 2729; x_wconf 86' lang='lat' dir='ltr'>Amphipolis</span> <span class='ocrx_word' id='word_1_236' title='bbox 1197 2651 1222 2712; x_wconf 88' lang='lat' dir='ltr'>si</span> <span class='ocrx_word' id='word_1_237' title='bbox 1228 2661 1320 2732; x_wconf 85' lang='lat' dir='ltr'>espts</span> 
     </span>
     <span class='ocr_line' id='line_1_27' title="bbox 212 2739 1329 2823; baseline -0.004 -13"><span class='ocrx_word' id='word_1_238' title='bbox 212 2748 312 2819; x_wconf 81' lang='lat' dir='ltr'>fuerit,</span> <span class='ocrx_word' id='word_1_239' title='bbox 321 2764 375 2807; x_wconf 85' lang='lat' dir='ltr'>ros</span> <span class='ocrx_word' id='word_1_240' title='bbox 381 2761 449 2805; x_wconf 85' lang='lat' dir='ltr'>enm</span> <span class='ocrx_word' id='word_1_241' title='bbox 458 2739 608 2822; x_wconf 74' lang='lat' dir='ltr'>evestigio</span> <span class='ocrx_word' id='word_1_242' title='bbox 614 2742 772 2822; x_wconf 81' lang='lat' dir='ltr'>recipietiss</span> <span class='ocrx_word' id='word_1_243' title='bbox 785 2741 918 2823; x_wconf 86' lang='lat' dir='ltr'>pericula</span> <span class='ocrx_word' id='word_1_244' title='bbox 926 2753 1024 2804; x_wconf 68' lang='lat' dir='ltr'>annm</span> <span class='ocrx_word' id='word_1_245' title='bbox 1034 2753 1104 2804; x_wconf 89' lang='lat' dir='ltr'>sunt</span> <span class='ocrx_word' id='word_1_246' title='bbox 1112 2743 1329 2823; x_wconf 81' lang='lat' dir='ltr'>imperatorum¹</span> 
     </span>
     <span class='ocr_line' id='line_1_28' title="bbox 210 2834 1320 2924; baseline -0.004 -22"><span class='ocrx_word' id='word_1_247' title='bbox 210 2843 459 2924; x_wconf 62' lang='lat' dir='ltr'>prinsenmerces</span> <span class='ocrx_word' id='word_1_248' title='bbox 473 2835 572 2896; x_wconf 67' lang='lat' dir='ltr'>nutas</span> <span class='ocrx_word' id='word_1_249' title='bbox 592 2835 663 2907; x_wconf 85' lang='lat' dir='ltr'>illic,</span> <span class='ocrx_word' id='word_1_250' title='bbox 677 2834 850 2915; x_wconf 87' lang='lat' dir='ltr'>utpericula</span> <span class='ocrx_word' id='word_1_251' title='bbox 863 2834 986 2909; x_wconf 89' lang='lat' dir='ltr'>minora,</span> <span class='ocrx_word' id='word_1_252' title='bbox 999 2835 1043 2896; x_wconf 89' lang='lat' dir='ltr'>sic</span> <span class='ocrx_word' id='word_1_253' title='bbox 1054 2835 1252 2898; x_wconf 83' lang='lat' dir='ltr'>emolumenta</span> <span class='ocrx_word' id='word_1_254' title='bbox 1261 2837 1320 2898; x_wconf 83' lang='lat' dir='ltr'>du·</span> 
     </span>
     <span class='ocr_line' id='line_1_29' title="bbox 211 2927 1348 3010; baseline -0.005 -14"><span class='ocrx_word' id='word_1_255' title='bbox 211 2940 361 2998; x_wconf 74' lang='lat' dir='ltr'>mnsam</span> <span class='ocrx_word' id='word_1_256' title='bbox 373 2941 404 2993; x_wconf 88' lang='lat' dir='ltr'>et</span> <span class='ocrx_word' id='word_1_257' title='bbox 415 2929 552 3003; x_wconf 87' lang='lat' dir='ltr'>militum,</span> <span class='ocrx_word' id='word_1_258' title='bbox 567 2928 760 3010; x_wconf 69' lang='lat' dir='ltr'>tempsanus,</span> <span class='ocrx_word' id='word_1_259' title='bbox 781 2927 919 3007; x_wconf 82' lang='lat' dir='ltr'>Sigeum,</span> <span class='ocrx_word' id='word_1_260' title='bbox 930 2927 1049 3008; x_wconf 79' lang='lat' dir='ltr'>navigia</span> <span class='ocrx_word' id='word_1_261' title='bbox 1067 2949 1136 3008; x_wconf 84' lang='lat' dir='ltr'>quse</span> <span class='ocrx_word' id='word_1_262' title='bbox 1157 2929 1319 3009; x_wconf 68' lang='lat' dir='ltr'>spoliarint.</span> <span class='ocrx_word' id='word_1_263' title='bbox 1345 2967 1348 2972; x_wconf 90' lang='lat'>·</span> 
     </span>
     <span class='ocr_line' id='line_1_30' title="bbox 210 3020 1319 3108; baseline -0.004 -20"><span class='ocrx_word' id='word_1_264' title='bbox 210 3029 248 3092; x_wconf 82' lang='lat' dir='ltr'>ld</span> <span class='ocrx_word' id='word_1_265' title='bbox 260 3026 350 3108; x_wconf 76' lang='lat' dir='ltr'>igitur</span> <span class='ocrx_word' id='word_1_266' title='bbox 358 3020 740 3107; x_wconf 82' lang='lat' dir='ltr'>quiqussequuntur,qudd</span> <span class='ocrx_word' id='word_1_267' title='bbox 753 3037 770 3082; x_wconf 85' lang='lat' dir='ltr'>e</span> <span class='ocrx_word' id='word_1_268' title='bbox 784 3041 816 3081; x_wconf 88' lang='lat' dir='ltr'>re</span> <span class='ocrx_word' id='word_1_269' title='bbox 834 3039 890 3082; x_wconf 88' lang='lat' dir='ltr'>sna</span> <span class='ocrx_word' id='word_1_270' title='bbox 911 3032 967 3082; x_wconf 81' lang='lat' dir='ltr'>est.</span> <span class='ocrx_word' id='word_1_271' title='bbox 987 3021 1051 3082; x_wconf 88' lang='lat' dir='ltr'>Vos</span> <span class='ocrx_word' id='word_1_272' title='bbox 1071 3029 1181 3102; x_wconf 76' lang='lat' dir='ltr'>autem,</span> <span class='ocrx_word' id='word_1_273' title='bbox 1199 3040 1268 3084; x_wconf 86' lang='lat' dir='ltr'>cnm</span> <span class='ocrx_word' id='word_1_274' title='bbox 1286 3023 1319 3084; x_wconf 92' lang='lat' dir='ltr'>in</span> 
     </span>
     <span class='ocr_line' id='line_1_31' title="bbox 211 3111 1319 3197; baseline 0.002 -19"><span class='ocrx_word' id='word_1_275' title='bbox 211 3139 258 3182; x_wconf 77' lang='lat' dir='ltr'>res</span> <span class='ocrx_word' id='word_1_276' title='bbox 275 3115 432 3180; x_wconf 75' lang='lat' dir='ltr'>intuemini</span> <span class='ocrx_word' id='word_1_277' title='bbox 448 3133 552 3197; x_wconf 79' lang='lat' dir='ltr'>perum</span> <span class='ocrx_word' id='word_1_278' title='bbox 565 3132 731 3195; x_wconf 84' lang='lat' dir='ltr'>prosperas,</span> <span class='ocrx_word' id='word_1_279' title='bbox 753 3112 911 3192; x_wconf 67' lang='lat' dir='ltr'>proiectos</span> <span class='ocrx_word' id='word_1_280' title='bbox 934 3111 965 3174; x_wconf 89' lang='lat' dir='ltr'>in</span> <span class='ocrx_word' id='word_1_281' title='bbox 984 3111 1127 3192; x_wconf 78' lang='lat' dir='ltr'>judicium</span> <span class='ocrx_word' id='word_1_282' title='bbox 1151 3116 1319 3180; x_wconf 77' lang='lat' dir='ltr'>arcessitis:</span> 
     </span>
     <span class='ocr_line' id='line_1_32' title="bbox 99 3206 1319 3288; baseline -0.002 -14"><span class='ocrx_word' id='word_1_283' title='bbox 99 3258 105 3286; x_wconf 85' lang='lat'>,</span> <span class='ocrx_word' id='word_1_284' title='bbox 209 3213 262 3276; x_wconf 88' lang='lat' dir='ltr'>ubi</span> <span class='ocrx_word' id='word_1_285' title='bbox 284 3229 357 3272; x_wconf 85' lang='lat' dir='ltr'>vero</span> <span class='ocrx_word' id='word_1_286' title='bbox 376 3209 458 3271; x_wconf 77' lang='lat' dir='ltr'>iacta</span> <span class='ocrx_word' id='word_1_287' title='bbox 474 3207 595 3269; x_wconf 88' lang='lat' dir='ltr'>dicendi</span> <span class='ocrx_word' id='word_1_288' title='bbox 616 3215 763 3288; x_wconf 81' lang='lat' dir='ltr'>potestate</span> <span class='ocrx_word' id='word_1_289' title='bbox 777 3206 970 3267; x_wconf 84' lang='lat' dir='ltr'>necessitates</span> <span class='ocrx_word' id='word_1_290' title='bbox 993 3207 1059 3269; x_wconf 89' lang='lat' dir='ltr'>illas</span> <span class='ocrx_word' id='word_1_291' title='bbox 1078 3208 1240 3282; x_wconf 84' lang='lat' dir='ltr'>audieritis,</span> <span class='ocrx_word' id='word_1_292' title='bbox 1252 3231 1319 3277; x_wconf 89' lang='lat' dir='ltr'>rens</span> 
     </span>
     <span class='ocr_line' id='line_1_33' title="bbox 210 3297 1321 3382; baseline -0.001 -17"><span class='ocrx_word' id='word_1_293' title='bbox 210 3303 369 3368; x_wconf 87' lang='lat' dir='ltr'>dimittitis.</span> <span class='ocrx_word' id='word_1_294' title='bbox 410 3301 506 3363; x_wconf 86' lang='lat' dir='ltr'>Vobis</span> <span class='ocrx_word' id='word_1_295' title='bbox 525 3299 614 3382; x_wconf 79' lang='lat' dir='ltr'>igitur</span> <span class='ocrx_word' id='word_1_296' title='bbox 635 3297 667 3360; x_wconf 92' lang='lat' dir='ltr'>id</span> <span class='ocrx_word' id='word_1_297' title='bbox 688 3308 736 3360; x_wconf 88' lang='lat' dir='ltr'>est</span> <span class='ocrx_word' id='word_1_298' title='bbox 753 3297 956 3379; x_wconf 67' lang='lat' dir='ltr'>reliquumut</span> <span class='ocrx_word' id='word_1_299' title='bbox 977 3298 1118 3362; x_wconf 80' lang='lat' dir='ltr'>intervos</span> <span class='ocrx_word' id='word_1_300' title='bbox 1143 3301 1265 3382; x_wconf 76' lang='lat' dir='ltr'>litigetis</span> <span class='ocrx_word' id='word_1_301' title='bbox 1288 3317 1321 3370; x_wconf 83' lang='lat' dir='ltr'>ee</span> 
     </span>
     <span class='ocr_line' id='line_1_34' title="bbox 129 3392 1319 3480; baseline 0 -22"><span class='ocrx_word' id='word_1_302' title='bbox 129 3475 133 3480; x_wconf 24' lang='grc' dir='ltr'>Ι</span> <span class='ocrx_word' id='word_1_303' title='bbox 210 3397 389 3472; x_wconf 69' lang='lat' dir='ltr'>dnsideads,</span> <span class='ocrx_word' id='word_1_304' title='bbox 410 3395 475 3458; x_wconf 87' lang='lat' dir='ltr'>aliis</span> <span class='ocrx_word' id='word_1_305' title='bbox 493 3393 574 3455; x_wconf 80' lang='lat' dir='ltr'>aiitsd</span> <span class='ocrx_word' id='word_1_306' title='bbox 599 3392 805 3465; x_wconf 85' lang='lat' dir='ltr'>sentientibus,</span> <span class='ocrx_word' id='word_1_307' title='bbox 829 3393 997 3473; x_wconf 84' lang='lat' dir='ltr'>respublica</span> <span class='ocrx_word' id='word_1_308' title='bbox 1008 3409 1078 3454; x_wconf 85' lang='lat' dir='ltr'>vero</span> <span class='ocrx_word' id='word_1_309' title='bbox 1100 3394 1176 3456; x_wconf 87' lang='lat' dir='ltr'>mele</span> <span class='ocrx_word' id='word_1_310' title='bbox 1188 3395 1319 3464; x_wconf 69' lang='lat' dir='ltr'>&#39;habeat</span> 
     </span>
     <span class='ocr_line' id='line_1_35' title="bbox 212 3485 1321 3566; baseline -0.004 -11"><span class='ocrx_word' id='word_1_311' title='bbox 212 3491 295 3555; x_wconf 85' lang='lat' dir='ltr'>Olim</span> <span class='ocrx_word' id='word_1_312' title='bbox 310 3489 401 3564; x_wconf 89' lang='lat' dir='ltr'>enim,</span> <span class='ocrx_word' id='word_1_313' title='bbox 423 3487 631 3560; x_wconf 78' lang='lat' dir='ltr'>Athenienses,</span> <span class='ocrx_word' id='word_1_314' title='bbox 653 3485 764 3548; x_wconf 85' lang='lat' dir='ltr'>tributa</span> <span class='ocrx_word' id='word_1_315' title='bbox 788 3485 986 3547; x_wconf 76' lang='lat' dir='ltr'>conserebatis</span> <span class='ocrx_word' id='word_1_316' title='bbox 1008 3505 1061 3566; x_wconf 88' lang='lat' dir='ltr'>per</span> <span class='ocrx_word' id='word_1_317' title='bbox 1085 3487 1207 3562; x_wconf 76' lang='lat' dir='ltr'>classes,</span> <span class='ocrx_word' id='word_1_318' title='bbox 1240 3509 1321 3558; x_wconf 81' lang='lat' dir='ltr'>nune</span> 
     </span>
     <span class='ocr_line' id='line_1_36' title="bbox 211 3577 1321 3666; baseline -0.01 -23"><span class='ocrx_word' id='word_1_319' title='bbox 211 3583 426 3666; x_wconf 75' lang='lat' dir='ltr'>rempublicam</span> <span class='ocrx_word' id='word_1_320' title='bbox 437 3579 598 3660; x_wconf 72' lang='lat' dir='ltr'>geritisper</span> <span class='ocrx_word' id='word_1_321' title='bbox 609 3579 735 3642; x_wconf 70' lang='lat' dir='ltr'>clm</span> <span class='ocrx_word' id='word_1_322' title='bbox 754 3577 863 3638; x_wconf 79' lang='lat' dir='ltr'>Orator</span> <span class='ocrx_word' id='word_1_323' title='bbox 876 3586 1066 3656; x_wconf 80' lang='lat' dir='ltr'>utrarumque</span> <span class='ocrx_word' id='word_1_324' title='bbox 1079 3577 1208 3651; x_wconf 78' lang='lat' dir='ltr'>duxess,</span> <span class='ocrx_word' id='word_1_325' title='bbox 1221 3590 1253 3642; x_wconf 79' lang='lat' dir='ltr'>et</span> <span class='ocrx_word' id='word_1_326' title='bbox 1265 3582 1321 3644; x_wconf 77' lang='lat' dir='ltr'>im.</span> 
     </span>
     <span class='ocr_line' id='line_1_37' title="bbox 211 3669 1322 3764; baseline 0 -26"><span class='ocrx_word' id='word_1_327' title='bbox 211 3689 331 3764; x_wconf 79' lang='lat' dir='ltr'>peratm</span> <span class='ocrx_word' id='word_1_328' title='bbox 343 3675 387 3736; x_wconf 89' lang='lat' dir='ltr'>iiii</span> <span class='ocrx_word' id='word_1_329' title='bbox 398 3674 563 3756; x_wconf 72' lang='lat' dir='ltr'>subiectus,</span> <span class='ocrx_word' id='word_1_330' title='bbox 577 3682 610 3733; x_wconf 90' lang='lat' dir='ltr'>et</span> <span class='ocrx_word' id='word_1_331' title='bbox 619 3671 760 3742; x_wconf 68' lang='lat' dir='ltr'>treetsnti,⁴</span> <span class='ocrx_word' id='word_1_332' title='bbox 773 3671 824 3750; x_wconf 88' lang='lat' dir='ltr'>qui</span> <span class='ocrx_word' id='word_1_333' title='bbox 838 3669 1052 3752; x_wconf 74' lang='lat' dir='ltr'>suffragentur:</span> <span class='ocrx_word' id='word_1_334' title='bbox 1064 3670 1177 3750; x_wconf 86' lang='lat' dir='ltr'>&#39;reliqui</span> <span class='ocrx_word' id='word_1_335' title='bbox 1189 3675 1322 3738; x_wconf 86' lang='lat' dir='ltr'>attributi</span> 
     </span>
     <span class='ocr_line' id='line_1_38' title="bbox 215 3762 1323 3852; baseline 0.002 -21"><span class='ocrx_word' id='word_1_336' title='bbox 215 3773 299 3848; x_wconf 83' lang='lat' dir='ltr'>estis,</span> <span class='ocrx_word' id='word_1_337' title='bbox 306 3768 414 3852; x_wconf 84' lang='lat' dir='ltr'>purtim</span> <span class='ocrx_word' id='word_1_338' title='bbox 425 3766 482 3839; x_wconf 90' lang='lat' dir='ltr'>his,</span> <span class='ocrx_word' id='word_1_339' title='bbox 496 3765 602 3848; x_wconf 83' lang='lat' dir='ltr'>partim</span> <span class='ocrx_word' id='word_1_340' title='bbox 613 3763 683 3826; x_wconf 80' lang='lat' dir='ltr'>illis.</span> <span class='ocrx_word' id='word_1_341' title='bbox 725 3764 781 3825; x_wconf 81' lang='lat' dir='ltr'>His</span> <span class='ocrx_word' id='word_1_342' title='bbox 790 3762 880 3844; x_wconf 78' lang='lat' dir='ltr'>igitur</span> <span class='ocrx_word' id='word_1_343' title='bbox 891 3781 970 3824; x_wconf 85' lang='lat' dir='ltr'>nuno</span> <span class='ocrx_word' id='word_1_344' title='bbox 983 3763 1089 3827; x_wconf 84' lang='lat' dir='ltr'>saltem</span> <span class='ocrx_word' id='word_1_345' title='bbox 1099 3765 1208 3828; x_wconf 88' lang='lat' dir='ltr'>relictis</span> <span class='ocrx_word' id='word_1_346' title='bbox 1223 3769 1323 3834; x_wconf 75' lang='lat' dir='ltr'>vobs-</span> 
     </span>
     <span class='ocr_line' id='line_1_39' title="bbox 212 3855 1322 3950; baseline -0.001 -25"><span class='ocrx_word' id='word_1_347' title='bbox 212 3865 323 3950; x_wconf 84' lang='lat' dir='ltr'>qnesd</span> <span class='ocrx_word' id='word_1_348' title='bbox 333 3859 531 3941; x_wconf 72' lang='lat' dir='ltr'>rmmedpsos</span> <span class='ocrx_word' id='word_1_349' title='bbox 540 3857 742 3932; x_wconf 71' lang='lat' dir='ltr'>redeuntibus,</span> <span class='ocrx_word' id='word_1_350' title='bbox 755 3869 819 3920; x_wconf 89' lang='lat' dir='ltr'>tum</span> <span class='ocrx_word' id='word_1_351' title='bbox 831 3855 961 3936; x_wconf 85' lang='lat' dir='ltr'>dicendi,</span> <span class='ocrx_word' id='word_1_352' title='bbox 968 3866 1033 3918; x_wconf 79' lang='lat' dir='ltr'>nrm</span> <span class='ocrx_word' id='word_1_353' title='bbox 1045 3859 1243 3936; x_wconf 79' lang='lat' dir='ltr'>consultandi,</span> <span class='ocrx_word' id='word_1_354' title='bbox 1257 3873 1322 3926; x_wconf 86' lang='lat' dir='ltr'>tum</span> 
     </span>
     <span class='ocr_line' id='line_1_40' title="bbox 213 3950 1322 4043; baseline -0.004 -24"><span class='ocrx_word' id='word_1_355' title='bbox 213 3957 330 4043; x_wconf 79' lang='lat' dir='ltr'>agendi</span> <span class='ocrx_word' id='word_1_356' title='bbox 343 3971 443 4016; x_wconf 69' lang='lat' dir='ltr'>semus</span> <span class='ocrx_word' id='word_1_357' title='bbox 462 3971 618 4032; x_wconf 81' lang='lat' dir='ltr'>commune</span> <span class='ocrx_word' id='word_1_358' title='bbox 640 3950 809 4012; x_wconf 57' lang='lat' dir='ltr'>faciendum</span> <span class='ocrx_word' id='word_1_359' title='bbox 832 3961 889 4013; x_wconf 88' lang='lat' dir='ltr'>est.</span> <span class='ocrx_word' id='word_1_360' title='bbox 929 3950 982 4025; x_wconf 83' lang='lat' dir='ltr'>Sin</span> <span class='ocrx_word' id='word_1_361' title='bbox 1001 3950 1157 4030; x_wconf 87' lang='lat' dir='ltr'>aliquibus,</span> <span class='ocrx_word' id='word_1_362' title='bbox 1180 3963 1322 4035; x_wconf 79' lang='lat' dir='ltr'>tauquam</span> 
     </span>
     <span class='ocr_line' id='line_1_41' title="bbox 214 4043 1320 4133; baseline -0.005 -23"><span class='ocrx_word' id='word_1_363' title='bbox 214 4067 340 4133; x_wconf 74' lang='lat' dir='ltr'>regnum</span> <span class='ocrx_word' id='word_1_364' title='bbox 361 4047 546 4129; x_wconf 83' lang='lat' dir='ltr'>possideant,</span> <span class='ocrx_word' id='word_1_365' title='bbox 566 4043 728 4126; x_wconf 74' lang='lat' dir='ltr'>inponendi</span> <span class='ocrx_word' id='word_1_366' title='bbox 748 4045 833 4106; x_wconf 84' lang='lat' dir='ltr'>vobis</span> <span class='ocrx_word' id='word_1_367' title='bbox 856 4043 1008 4110; x_wconf 82' lang='lat' dir='ltr'>licentiam</span> <span class='ocrx_word' id='word_1_368' title='bbox 1034 4044 1233 4122; x_wconf 75' lang='lat' dir='ltr'>permiseritis,</span> <span class='ocrx_word' id='word_1_369' title='bbox 1254 4049 1320 4111; x_wconf 82' lang='lat' dir='ltr'>aliis</span> 
     </span>
     <span class='ocr_line' id='line_1_42' title="bbox 212 4136 1323 4212; baseline -0.005 -3"><span class='ocrx_word' id='word_1_370' title='bbox 212 4139 454 4209; x_wconf 74' lang='lat' dir='ltr'>instruendnrum</span> <span class='ocrx_word' id='word_1_371' title='bbox 466 4140 636 4211; x_wconf 85' lang='lat' dir='ltr'>triremium,</span> <span class='ocrx_word' id='word_1_372' title='bbox 647 4139 745 4198; x_wconf 67' lang='lat' dir='ltr'>iniusti</span> <span class='ocrx_word' id='word_1_373' title='bbox 756 4137 935 4212; x_wconf 76' lang='lat' dir='ltr'>conferendi,</span> <span class='ocrx_word' id='word_1_374' title='bbox 948 4136 1099 4200; x_wconf 77' lang='lat' dir='ltr'>militandi</span> <span class='ocrx_word' id='word_1_375' title='bbox 1116 4139 1323 4204; x_wconf 87' lang='lat' dir='ltr'>necessitatem</span> 
     </span>
     <span class='ocr_line' id='line_1_43' title="bbox 124 4224 1323 4321; baseline -0.003 -23"><span class='ocrx_word' id='word_1_376' title='bbox 124 4285 127 4290; x_wconf 88' lang='lat'>.</span> <span class='ocrx_word' id='word_1_377' title='bbox 214 4237 383 4321; x_wconf 81' lang='lat' dir='ltr'>imponetis,</span> <span class='ocrx_word' id='word_1_378' title='bbox 403 4235 469 4302; x_wconf 84' lang='lat' dir='ltr'>aliis</span> <span class='ocrx_word' id='word_1_379' title='bbox 490 4235 521 4294; x_wconf 83' lang='lat' dir='ltr'>id</span> <span class='ocrx_word' id='word_1_380' title='bbox 542 4235 650 4315; x_wconf 69' lang='lat' dir='ltr'>negotii</span> <span class='ocrx_word' id='word_1_381' title='bbox 661 4232 762 4292; x_wconf 68' lang='lat' dir='ltr'>dahti-r</span> <span class='ocrx_word' id='word_1_382' title='bbox 783 4242 819 4293; x_wconf 88' lang='lat' dir='ltr'>ut</span> <span class='ocrx_word' id='word_1_383' title='bbox 840 4224 945 4294; x_wconf 80' lang='lat' dir='ltr'>contra</span> <span class='ocrx_word' id='word_1_384' title='bbox 967 4232 1024 4292; x_wconf 87' lang='lat' dir='ltr'>hos</span> <span class='ocrx_word' id='word_1_385' title='bbox 1048 4232 1323 4301; x_wconf 74' lang='lat' dir='ltr'>derretaduntnxst</span> 
     </span>
     <span class='ocr_line' id='line_1_44' title="bbox 213 4323 1322 4424; baseline -0.004 -28"><span class='ocrx_word' id='word_1_386' title='bbox 213 4334 328 4398; x_wconf 78' lang='lat' dir='ltr'>iaciunt</span> <span class='ocrx_word' id='word_1_387' title='bbox 339 4329 456 4409; x_wconf 83' lang='lat' dir='ltr'>slisqus</span> <span class='ocrx_word' id='word_1_388' title='bbox 469 4347 501 4394; x_wconf 88' lang='lat' dir='ltr'>re</span> <span class='ocrx_word' id='word_1_389' title='bbox 513 4327 598 4390; x_wconf 82' lang='lat' dir='ltr'>nulia</span> <span class='ocrx_word' id='word_1_390' title='bbox 616 4345 738 4408; x_wconf 56' lang='lat' dir='ltr'>aptam</span> <span class='ocrx_word' id='word_1_391' title='bbox 760 4327 881 4402; x_wconf 81' lang='lat' dir='ltr'>nerent,</span> <span class='ocrx_word' id='word_1_392' title='bbox 900 4323 973 4388; x_wconf 88' lang='lat' dir='ltr'>nihil</span> <span class='ocrx_word' id='word_1_393' title='bbox 991 4323 1071 4405; x_wconf 83' lang='lat' dir='ltr'>quod</span> <span class='ocrx_word' id='word_1_394' title='bbox 1093 4343 1166 4407; x_wconf 73' lang='lat' dir='ltr'>usus</span> <span class='ocrx_word' id='word_1_395' title='bbox 1188 4327 1322 4424; x_wconf 80' lang='lat' dir='ltr'>postulet</span> 
     </span>
    </p>
   </div>
   <div class='ocr_carea' id='block_1_3' title="bbox 0 0 1469 4950">
    <p class='ocr_par' dir='ltr' id='par_1_3' title="bbox 0 0 1469 4950">
     <span class='ocr_line' id='line_1_45' title="bbox 0 0 1469 4950; baseline 0 0"><span class='ocrx_word' id='word_1_396' title='bbox 0 0 1469 4950; x_wconf 95' lang='lat' dir='ltr'> </span> 
     </span>
    </p>
   </div>
  </div>
 </body>
</html>
