2912 4946
315 235 316 240 Ν
361 275 527 336 comus
548 252 945 336 narsroorrousru-r.
1149 266 1212 334 ιιι

114 432 214 490 ιιιίιιιιιι
230 431 300 492 οΙίιιι
313 443 515 496 consueverat.
538 432 585 491 Ea
600 431 701 510 primis
718 452 785 492 eum
800 432 915 502 diebus,
931 431 1037 511 quibus
1058 415 1098 489 ab'
1115 429 1209 488 unde-

115 545 236 584 crmvurs
246 525 432 603 quaerebatur
441 535 472 584 et
480 524 725 604 proclamabatur
736 525 904 586 occultavit.
930 524 1048 584 Postea
1057 521 1133 580 datrs
1142 530 1211 581 octo

117 616 281 676 drachmis
273 637 304 676 ιιι
318 617 465 689 viaticum,
480 626 511 675 et
523 618 633 690 tunica,
647 625 678 675 et
690 617 790 695 pallio,
799 617 930 706 Megara
942 616 1029 674 misit.
1053 615 1126 674 Eam
1145 632 1213 672 mu-

116 700 212 768 lierem
223 699 284 769 tam
297 712 372 770 bene
387 709 424 769 de
435 729 468 768 se
482 710 626 781 meritam,
640 719 674 768 ut
687 729 825 788 prospero
839 699 965 768 foituuae
976 717 1053 767 statu
1064 709 1211 780 utebatur,
1253 735 1261 753 ·

118 809 147 860 et
165 801 339 878 dignitatem
352 802 430 880 apud
445 820 497 860 vos
511 801 673 874 obtinebat,
688 800 798 878 aliquid
812 801 850 861 de
868 820 904 860 eo
923 810 1163 879 conquerentem,
1183 809 1213 859 et

117 893 177 972 ejus
191 894 508 953 beneficii-memoriam
519 893 720 966 refricantem,
735 903 764 953 et
784 894 907 973 gratiam
922 893 976 952 sibi
991 892 1089 953 referri
1110 901 1212 971 postu-

117 976 234 1057 lantein,
256 985 378 1064 primum
397 986 485 1066 alapa
499 985 577 1053 data,
593 995 622 1045 et
636 985 719 1045 minis
733 985 841 1046 additis
861 989 898 1045 ab
912 987 1025 1046 aedibus
1045 986 1214 1064 ablegavitt
1254 1051 1264 1064 f

116 1086 149 1135 ut
161 1085 257 1136 autem
272 1077 442 1136 muliercula
463 1097 522 1136 non
538 1077 708 1150 desistebat,
730 1078 784 1138 sed
807 1099 973 1158 progressa,
988 1089 1023 1137 ut
1041 1077 1104 1158 ejus
1126 1097 1213 1137 sexus

118 1177 161 1227 est
174 1169 333 1248 ingenium,
343 1167 425 1248 ¹apud
439 1169 594 1250 familiares
608 1170 645 1228 de
659 1186 695 1246 eo
714 1173 899 1249 querebatur,
913 1173 976 1250 ipsa
994 1191 1061 1230 eam
1073 1171 1133 1230 suis
1152 1189 1214 1229 ma·
1282 1215 1285 1220 1

119 1261 201 1320 nibus
215 1262 389 1340 prehensam
402 1261 442 1322 'ad
459 1257 554 1320 forum
568 1261 773 1340 inquilinorum
788 1257 918 1324 abduxit.
943 1263 989 1323 Ac
1003 1263 1060 1322 nisi
1074 1265 1214 1322 tributum
1296 1299 1297 1302 =

118 1351 323 1431 inquilinorum
339 1354 482 1427 solvisset,
495 1354 615 1433 vendita
628 1353 709 1414 esset
718 1375 773 1434 per
780 1373 858 1426 eum,
873 1356 920 1416 cui
930 1355 1055 1418 salutem
1066 1355 1132 1434 ipsa
1145 1376 1215 1414 con-

118 1437 241 1504 tulisset.
268 1447 342 1505 Haec
355 1465 424 1505 vere
439 1466 457 1505 a
470 1465 518 1506 me
529 1446 587 1506 dici
601 1456 635 1506 ut
647 1450 771 1518 constet,
784 1439 902 1532 accerse
916 1446 985 1506 mihi
1000 1467 1067 1506 eum
1080 1445 1131 1526 qui
1141 1467 1216 1512 mer-

119 1539 221 1598 cedem
235 1538 341 1617 sepulti
355 1539 524 1618 patris'ejus
537 1559 597 1598 nou
615 1541 736 1618 recepit,
760 1549 790 1600 et
803 1541 898 1622 ejus
881 1541 940 1601 litis
957 1539 1107 1612 arbitrum,
1128 1559 1217 1620 quam

119 1631 146 1689 ei
166 1637 285 1710 propte'r
310 1649 439 1712 sororem
458 1632 656 1691 venundatum
680 1632 827 1692 intendit
819 1642 885 1692 rste.
902 1623 1023 1709 Profer
1042 1645 1072 1691 et
1093 1651 1218 1692 accusa·

119 1722 238 1794 donem,
257 1722 311 1782 sed
324 1733 394 1783 ante
408 1719 512 1783 omnia
520 1743 596 1784 voca
617 1725 713 1782 Zobiae
727 1735 894 1804 patronum,
908 1743 974 1803 quae
995 1743 1062 1785 eum
1075 1725 1217 1812 suscepit,
1232 1797 1238 1804 ι

119 1824 151 1873 et
168 1809 345 1886 venditores,
360 1814 398 1901 ad
412 1835 488 1894 quos
502 1835 566 1876 eam
588 1816 721 1877 adduxit.
748 1818 810 1877 Vos
831 1827 929 1878 autem
945 1817 1034 1877 modo
1048 1837 1127 1896 aegre
1143 1818 1219 1876 fere-

118 1907 205 1976 batis,
220 1907 245 1964 si
258 1925 309 1966 eos
322 1893 373 1985 qui
385 1927 411 1966 er
403 1907 578 1967 collectam
590 1908 628 1967 ad
642 1909 767 1968 salutem
778 1909 954 1981 conferrent,
966 1905 1128 1968 ac'cusaret.
1157 1909 1219 1968 Ne-

120 1997 903 2074 faria,nefariabelluaest,Athenienses,etimmanis.
927 2001 1032 2061 Recita
1041 2001 1217 2066 testimonia.

539 2159 808 2270 TESTIMONIA.

125 2401 131 2407 ,
166 2339 213 2398 13.
236 2337 326 2407 Quod
347 2339 434 2419 igitur
453 2341 524 2402 satis
539 2361 676 2420 maguum
695 2341 726 2400 in
739 2361 817 2414 eum,
831 2342 881 2420 qui
900 2351 944 2402 tot
961 2350 992 2401 et
1012 2349 1096 2401 tanta
1110 2339 1222 2400 scelera

121 2431 311 2512 perpetravit,
322 2432 495 2512 supplicium
507 2435 669 2494 statuetru?
692 2434 768 2502 Quae
778 2434 868 2512 digua
877 2453 965 2513 poena
974 2428 1012 2494 ab
1021 2451 1058 2494 eo
1069 2433 1222 2512 exigetur?

116 2525 209 2588 Mors
223 2522 341 2601 quidem
354 2537 445 2604 parva
458 2523 528 2584 mihi
541 2524 664 2588 videtur.
696 2526 823 2591 Quod
799 2545 825 2584 ιι
840 2545 931 2584 ιιιιιιιιι
944 2524 1039 2584 adhuc
1052 2543 1091 2584 ex
1097 2525 1224 2606 privatis

121 2616 188 2696 ejus
203 2615 345 2688 scelerate
358 2616 445 2678 factis
460 2637 645 2710 recensuero,
666 2629 765 2678 cetera
777 2617 919 2680 omittam.
942 2619 1116 2698 Priusquam
1130 2638 1146 2677 e
1160 2638 1224 2678 car-

123 2728 193 2780 cere
208 2708 404 2785 egrederetur,
430 2728 465 2768 eo
481 2703 615 2789 conjecto
636 2711 764 2788 quodam
783 2710 901 2771 bomine
922 2712 1094 2791 Tanagraeo,
1107 2712 1165 2791 qui
1186 2711 1225 2772 ad

122 2800 350 2861 satisdationem
369 2802 483 2862 tabulas
496 2803 632 2874 habebat,
647 2823 714 2862 cum
729 2825 764 2863 eo
778 2823 964 2884 congressus,
985 2816 1014 2864 et
1031 2807 1131 2867 nescio
1153 2805 1226 2884 quid
1245 2802 1251 2811 '

122 2894 310 2973 colloquens,
327 2895 444 2974 surripit
459 2897 586 2956 tabulas.
609 2897 685 2956 Cum
699 2907 797 2956 autem
810 2898 898 2958 homo
908 2908 1095 2978 quereretur,
1114 2908 1145 2957 et
1158 2917 1225 2976 gra·

123 2985 201 3046 viter
214 2986 310 3045 ferens
324 2987 445 3060 diceret,
459 2988 606 3048 nemiuem
626 2988 716 3047 alium
738 2990 921 3068 surripuisse,
936 3009 972 3048 eo
987 2990 1143 3050 dementiae
1158 3009 1225 3069 per-

124 3079 207 3146 venit
221 3079 287 3152 iste,
300 3089 335 3139 ut
350 3101 416 3140 eum
432 3083 584 3142 verberare
598 3083 815 3161 aggrederetur.
852 3083 881 3141 ls
892 3101 962 3143 vero
977 3092 1008 3141 ut
1023 3103 1125 3144 recens
1138 3087 1227 3163 atque

124 3171 251 3249 integer,
266 3183 385 3250 superat
394 3173 544 3253 illumjam
555 3173 718 3246 rancidum,
729 3185 759 3234 et
769 3175 819 3234 diu
830 3185 1020 3246 maceratum.
1042 3172 1119 3236 Cum
1131 3179 1228 3236 autem

123 3283 163 3322 eo
179 3274 299 3336 venturu
320 3275 409 3337 esset,
429 3265 729 3344 proemordet'nasum
750 3267 875 3327 bominis
886 3287 895 3336 3
917 3286 953 3327 ac
973 3255 1036 3328 tum
1052 3267 1171 3352 quidem
1192 3287 1229 3352 aa

123 3359 296 3418 calamitate
307 3378 424 3436 pressus
433 3359 762 3440 ille,abinvestigandis
773 3371 803 3422 et
813 3363 979 3444 quaerendis
989 3362 1096 3422 tabulis
1107 3363 1230 3443 destitit,

102 3460 200 3532 „post
217 3451 370 3510 inveniunt
382 3452 484 3512 essin
499 3454 599 3513 arcula
618 3455 754 3533 quadam,
776 3455 861 3536 cujus
881 3456 937 3515 iste
958 3456 1071 3518 clavem
1090 3456 1230 3534 habebat.

123 3542 248 3604 Deinde
263 3543 313 3622 qui
330 3543 490 3605 incarcere
509 3555 601 3620 erant,
616 3539 948 3626 hujusmodi'decretum
962 3550 1090 3609 faciunt:
1113 3569 1172 3608 nou
1185 3550 1230 3630 ig·

122 3659 208 3708 nem,
223 3657 282 3697 non
296 3638 456 3716 lucernam,
467 3658 527 3700 nou
536 3650 648 3718 poturo,
660 3661 720 3702 uon
730 3642 826 3702 cibum
840 3643 934 3703 ullum
947 3639 1014 3703 cu'rn
1025 3663 1061 3703 eo
1074 3662 1139 3703 esse
1149 3661 1229 3703 coru-

123 3731 350 3804 rnunicandum,
366 3751 421 3792 nec
440 3733 643 3812 accipiendum
662 3737 700 3794 ob
721 3755 766 3807 eo,
786 3735 815 3794 'ei
839 3755 894 3796 nec
915 3736 1045 3796 dandum
1065 3725 1231 3813 quicquam.

124 3825 207 3885 Haec
227 3834 263 3882 ut·
275 3843 293 3882 a
306 3843 354 3884 me
369 3844 434 3885 vere
456 3825 513 3886 dici
532 3835 658 3898 constet,
672 3827 769 3906 ipsum
788 3828 857 3887 mihi
874 3827 1022 3890 hominem
1041 3845 1126 3902 voca,
1147 3827 1231 3906 cujus

123 3935 237 3980 nasum
251 3915 400 3978 nefarius
392 3927 445 3978 rste
453 3937 645 3996 praemorsum
656 3919 820 3981 devoravit.

528 4033 835 4194 TESTIMONIUM.

122 4235 326 4316 Egregiomm
340 4205 450 4297 scilicet
459 4256 581 4317 operum
593 4238 675 4320 vobis
687 4250 784 4298 orator
796 4239 851 4298 iste
866 4237 971 4299 artifex
985 4239 1106 4302 exstitit.
1121 4241 1234 4319 'Operae

123 4328 260 4418 pretium
272 4347 342 4388 vero
362 4339 415 4402 est,
430 4349 466 4389 ex
480 4330 532 4389 tali
545 4350 594 4390 ore
610 4329 737 4410 aliquam
761 4332 920 4392 orationem
938 4331 1048 4405 audire,
1069 4341 1122 4392 aut
1138 4332 1235 4392 consi-

125 4422 217 4481 llum.
240 4419 344 4482 Recita
357 4421 444 4484 etiam
468 4421 641 4504 praeclarum
654 4421 727 4483 illud
742 4422 893 4486 decretum
907 4423 945 4486 de
959 4443 995 4485 eo
1007 4424 1128 4486 factum.
