2886 4946
118 373 124 381 ·
209 287 267 349 mo
448 292 543 384 'ru
566 291 752 354 rumrrar
773 285 1021 358 serstorum.
1087 288 1090 300 '

204 449 322 504 turnam
343 463 411 507 esse
431 448 636 510 concordiam:
657 452 772 529 quoties
798 472 867 514 rero
888 474 924 514 ex
945 453 1056 516 insidiis
1077 463 1108 516 et
1126 454 1245 518 avaritia
1258 475 1306 538 per

202 535 399 616 imposturam
414 549 445 600 et
458 541 624 618 violentiam
638 543 816 617 obtinentur,
837 555 871 606 ut
890 548 928 607 ab
949 548 1005 610 isto
1025 567 1115 622 nunc,
1129 567 1221 628 parva
1240 569 1306 628 qua.

203 633 285 711 piam
298 631 453 694 occasione
468 644 499 696 et
510 637 695 715 quantumvis
704 637 762 698 levi
772 637 934 700 offensione
948 635 1082 702 celeriter
1094 641 1200 702 discuti
1210 651 1241 702 et
1250 643 1305 702 dis·

204 724 278 786 solvi
293 726 400 788 omnia.
435 727 514 798 Quin
536 739 568 788 et
584 731 733 809 reputanti
752 731 823 790 mihi
844 753 1045 814 saepenumero
1063 745 1244 814 compertum
1257 746 1306 808 est,

203 839 266 880 nou
281 821 386 892 solum,
409 821 616 895 Athenienses,
635 823 755 883 socialia
767 825 878 884 foedera
892 825 1029 906 Philippo
1050 827 1263 906 suspicionibus
1279 839 1307 888 et

204 914 279 976 odiis
293 915 402 986 labare,
419 916 471 977 sed
485 927 515 976 et
527 917 636 997 proprii
649 917 763 998 imperii
779 921 941 998 potentiam
950 940 1010 979 nou
1023 920 1111 994 belle,
1125 941 1222 1001 neque
1233 933 1306 1002 apte,

203 1027 300 1088 neque
317 1019 351 1068 ut
364 1011 517 1070 arbitretur
531 1010 644 1089 aliquis,
660 1029 726 1071 ease
745 1013 959 1092 compositam:
981 1012 1098 1073 omuino
1116 1014 1193 1074 enim
1209 1012 1306 1075 Mace·
1358 1033 1362 1042 ¹

203 1102 312 1163 donica
325 1105 467 1183 potentia,
489 1103 682 1163 additamenti
697 1103 816 1184 quidem
830 1105 903 1178 vice,
918 1105 1057 1186 ponderis
1077 1105 1209 1166 nonnihil
1223 1107 1307 1167 habet

203 1205 292 1276 atque
306 1217 397 1267 usus;
420 1198 483 1277 ipsa
500 1216 569 1255 vero
583 1217 637 1276 per
650 1215 716 1277 sese
736 1197 852 1258 infirma
866 1207 922 1273 est,
935 1209 974 1272 et,
989 1199 1014 1260 si
1027 1187 1119 1259 tantae
1132 1199 1203 1264 moli
1216 1217 1307 1259 rerum

201 1299 400 1369 comparetur,
420 1289 620 1369 despicienda.
654 1288 804 1350 Praeterea
817 1289 881 1371 ipse
896 1311 962 1351 eam
974 1291 1060 1351 bellis
1075 1300 1105 1352 et
1118 1291 1307 1371 expeditioni·

200 1376 267 1454 hus,
282 1394 312 1443 et
325 1385 411 1444 rebus
425 1383 482 1443 illis
498 1383 633 1442 omnibus
654 1394 771 1463 propter
793 1403 867 1463 quas
889 1402 1013 1463 magnus
1036 1384 1194 1445 existimari
1209 1385 1308 1466 possit,

200 1473 390 1537 infirmiorem
404 1477 459 1536 sibi
471 1477 629 1555 minusque
649 1477 739 1536 fidam
752 1477 898 1538 reddidit:
921 1477 1012 1538 nolite
1034 1478 1115 1552 enim·
1132 1479 1308 1550 existimare,

202 1569 416 1643 Athenienses,
436 1571 540 1630 iisdem
563 1571 649 1630 rebus
669 1569 996 1652 delectariPhilippum
1017 1581 1048 1632 et
1066 1571 1210 1652 populum
1231 1573 1307 1652 ejus;

202 1663 257 1723 sed
276 1661 350 1723 illud
364 1663 559 1736 considerate,
581 1663 704 1744 gloriam
728 1662 821 1736 illum,
837 1663 892 1724 hos
914 1665 1102 1725 securitatem
1125 1657 1308 1726 desiderare:

198 1750 288 1836 quarn
304 1777 359 1818 nec
372 1757 421 1817 ille
436 1757 498 1818 sine
512 1752 650 1837 periculis
669 1753 792 1836 adipisci
810 1767 920 1838 potest,
935 1768 966 1816 et
978 1757 1024 1818 his
1038 1757 1157 1818 minime
1170 1768 1308 1839 opportu-

201 1869 272 1909 num
287 1861 342 1925 est,
355 1851 462 1912 relictis
473 1851 552 1911 domi
566 1849 674 1922 liberis,
691 1849 874 1930 parentibus,
889 1851 1040 1924 uxoribus,
1060 1853 1156 1926 atteri,
1169 1863 1203 1912 et
1216 1841 1307 1912 indies

201 1962 256 2022 pro
270 1963 307 2004 eo
322 1943 488 2025 periclitari.
523 1943 569 2002 Ex
583 1963 642 2023 quo
655 1941 782 2024 perspici
796 1953 902 2023 potest,
917 1943 1067 2024 quomodo
1086 1947 1193 2026 vulgus
1209 1947 1307 2007 Mace·

201 2035 311 2096 donum
326 2057 398 2118 erga
412 2037 579 2116 Philippum
592 2035 629 2096 sit
638 2035 794 2098 affectum:
816 2037 879 2117 ejus
889 2057 976 2117 porro
988 2037 1145 2098 familiares
1159 2048 1192 2098 et
1202 2041 1309 2099 amieos

197 2140 229 2188 et
243 2133 389 2211 peregrini
410 2131 506 2191 militis
521 2130 624 2204 duces,
637 2130 726 2190 laude
747 2130 866 2211 quidem
884 2131 988 2192 florere
1001 2129 1192 2206 fortitudinis,
1215 2131 1308 2192 sedin

179 2240 181 2258 ¹
198 2225 309 2304 majore
323 2236 403 2286 metu
421 2245 510 2308 quam
534 2225 666 2285 homines
688 2227 830 2285 obscuros
852 2225 959 2300 vivere,
976 2225 1146 2297 invenietis;
1167 2225 1218 2287 his
1234 2227 1308 2286 enim

196 2317 299 2378 hostes
307 2317 760 2396 tantummodometuendisunt;
772 2317 814 2378 illi
823 2328 922 2378 autem
932 2311 1024 2398 magis
1034 2320 1072 2380 ab
1080 2319 1320 2380 assentatoribus

196 2419 227 2471 et
237 2412 506 2486 calumniatoribus,
516 2432 603 2493 quam
616 2432 634 2472 a
646 2412 752 2493 praeliis
762 2422 906 2473 metuunt
930 2413 977 2472 Ac
992 2412 1034 2472 illi
1047 2412 1179 2491 quidem,
1195 2413 1308 2493 adjuto-

196 2497 277 2566 r'ib'us
291 2508 438 2579 omnibus,
453 2527 520 2567 cum
535 2507 668 2567 hostibus
681 2516 835 2587 pugnant:
855 2507 903 2566 his
917 2519 1017 2567 autem
1034 2519 1068 2566 et
1081 2507 1150 2566 belli
1163 2509 1307 2568 malorum

195 2607 310 2678 partem
323 2599 404 2659 haud
418 2600 595 2660 mediocrem
610 2599 909 2679 sustinerecontigit;
932 2609 963 2659 et
982 2601 1104 2659 seorsim
1125 2601 1205 2682 regis
1228 2602 1308 2681 inge-

129 2757 133 2762 ,
197 2691 278 2751 niur'n
300 2705 503 2772 expavescere.
540 2691 591 2752 Ad
606 2694 682 2763 haec,
705 2687 730 2752 si
750 2693 884 2772 plebeius
904 2691 1011 2771 aliquis
1032 2693 1202 2772 deliquerit,
1221 2711 1308 2774 poena

195 2805 250 2866 pro
260 2785 359 2846 delicti
371 2787 461 2846 modo
475 2786 502 2846 ei
516 2787 670 2868 infligitur;
694 2805 830 2865 proceres
840 2805 909 2845 vero
920 2795 993 2858 tum,
1006 2804 1074 2846 curn
1083 2787 1308 2866 preclarissime

197 2899 230 2940 se
245 2889 411 2960 gesserunt,
432 2882 565 2942 maximis
584 2881 722 2942 conviciis
736 2890 768 2941 et
785 2881 970 2941 contumeliis
982 2891 1088 2961 praeter
1108 2883 1247 2942 meritum
1265 2884 1307 2941 in.

196 2985 373 3036 cessantur:
397 2993 498 3054 neque,
513 2975 670 3054 quisquam
692 2991 773 3034 saum
794 2974 900 3034 mentis
926 2974 1015 3034 fidem
1032 2973 1080 3033 his
1102 2975 1307 3056 abrogaverit

195 3086 262 3127 eum
277 3068 354 3127 enim
369 3069 411 3128 ita
425 3066 526 3146 gloriae
540 3067 700 3149 cupiditate
715 3063 927 3128 inflammatum
945 3087 1008 3126 ease
1025 3067 1129 3128 dicunt
1141 3069 1184 3142 hi,
1200 3070 1306 3148 quibus

194 3159 377 3236 familiariter
397 3170 485 3236 notus
499 3171 552 3232 est,
573 3170 607 3219 ut
621 3160 719 3220 omnia
736 3159 879 3240 preclara
895 3160 1029 3220 facinora
1050 3179 1105 3225 sua
1125 3181 1193 3222 esse
1217 3161 1309 3221 videri

194 3253 276 3328 velit,
297 3265 328 3315 et
348 3253 443 3334 magis
464 3255 632 3334 indignetur
652 3255 778 3314 ducibus
800 3264 831 3315 et
850 3253 997 3334 praefectis
1017 3255 1067 3334 qui
1088 3254 1202 3334 aliquid
1222 3255 1308 3317 laude

197 3347 320 3428 dignum
334 3359 501 3428 gesserunt,
513 3369 601 3430 quam
616 3347 672 3408 illis
687 3348 737 3428 qui
751 3367 870 3428 prorsus
885 3347 1083 3408 offenderunt.

197 3453 201 3458 '
235 3443 266 3500 4.
289 3438 349 3511 Qui
361 3436 395 3501 fit
407 3441 508 3522 igitur,
523 3443 548 3502 si
562 3442 620 3502 ista
632 3461 702 3502 vera
716 3452 795 3514 sunt,
809 3449 845 3500 ut
854 3443 916 3520 J'am
930 3441 1052 3521 longum
1066 3451 1185 3522 tempus
1204 3443 1237 3502 in
1250 3439 1307 3500 tide

195 3544 335 3594 maneant
357 3555 412 3606 nec
440 3531 694 3595 eum-deserant?
716 3533 797 3603 Quia*
820 3553 984 3606 successus,
1008 3535 1222 3608 Athenienses,
1245 3533 1308 3592 huc

194 3628 293 3690 omnia
313 3629 439 3710 caligine
457 3627 628 3698 involvunt;
649 3647 719 3688 nam
737 3627 876 3688 secunde
897 3647 942 3688 res
960 3647 1097 3708 magnam
1109 3627 1182 3698 uim,
1199 3627 1311 3688 habeut

195 3723 234 3783 ad
247 3715 371 3804 peccata
383 3723 538 3794 hominum
552 3723 740 3802 contegenda
753 3732 783 3782 et
792 3722 1014 3782 obumbranda:
1036 3721 1126 3782 sedai
1140 3737 1235 3802 quam
1247 3721 1308 3780 cla·

195 3815 264 3876 dem
278 3816 435 3898 acceperit,
451 3827 514 3876 tum
527 3815 558 3875 in
572 3825 703 3896 apertum
717 3815 783 3876 haec
798 3815 897 3876 omnia
909 3815 1008 3896 palam
1027 3813 1237 3895 proferentum
1259 3831 1307 3872 ea-

196 3910 265 3969 dem
284 3911 361 3971 enim
374 3911 480 3982 harum
495 3927 592 3970 rerum
608 3910 683 3970 ratio
704 3920 760 3982 est,
781 3927 848 3990 qum
869 3927 1023 3989 corporum
1037 3918 1222 3980 nostrorum,
1241 3923 1308 3968 nam

193 4001 265 4064 dum
288 3997 393 4084 aliquis
412 4004 500 4078 valet,
514 4003 626 4074 nullum
642 4022 679 4063 ex
694 4003 771 4076 male
791 4001 904 4062 affectis
918 4003 1049 4082 partibus
1064 4002 1202 4074 dolorem
1219 4017 1308 4062 sensu

192 4097 336 4177 percipit;
358 4099 401 4157 sin
416 4097 601 4170 decubuerit,
621 4105 843 4158 commoventur
856 4095 965 4168 omnia,
986 4096 1047 4155 sire
1066 4104 1188 4175 ruptum
1205 4094 1247 4156 sit
1259 4091 1309 4152 ali-¹

193 4191 275 4271 quid,
290 4190 352 4251 sire
366 4192 510 4265 luxatum,
526 4191 587 4252 sive
601 4191 681 4271 quod
693 4189 774 4250 aliud
788 4192 950 4262 membrum
963 4189 1096 4269 perfecta
1110 4187 1242 4250 sanitate
1256 4183 1312 4244 de-'

192 4285 350 4352 stituatur:
372 4283 413 4344 sic
435 4285 523 4344 etiarn
543 4285 577 4344 fit
597 4285 628 4344 in
648 4283 746 4364 regnis
766 4293 797 4343 et
819 4280 1158 4362 quibuslibetimperiis,
1182 4281 1257 4340 dum
1278 4275 1307 4338 in'

189 4377 275 4438 bellis
286 4377 409 4438 victoria
421 4378 582 4456 potiuntur,
597 4395 698 4436 eorum
713 4375 793 4436 mala
805 4377 912 4456 vulgus
927 4395 984 4436 non
995 4374 1140 4458 perspicit
1143 4394 1154 4444 3
1177 4375 1226 4436 siu
1237 4371 1306 4434 alic-

191 4471 241 4530 ubi
255 4471 437 4554 impegerint,
453 4469 482 4530 id
498 4471 579 4549 quod
602 4471 629 4532 ei
643 4491 721 4532 nunc
743 4491 800 4532 usu
814 4482 970 4534 venturum
984 4470 1136 4532 verisimile
1158 4477 1210 4530 est
1223 4475 1304 4550 post-
