<?xml version="1.0" encoding="UTF-8"?>
<!DOCTYPE html PUBLIC "-//W3C//DTD XHTML 1.0 Transitional//EN"
    "http://www.w3.org/TR/xhtml1/DTD/xhtml1-transitional.dtd">
<html xmlns="http://www.w3.org/1999/xhtml" xml:lang="en" lang="en">
 <head>
  <title>
</title>
<meta http-equiv="Content-Type" content="text/html;charset=utf-8" />
  <meta name='ocr-system' content='tesseract 3.04.00' />
  <meta name='ocr-capabilities' content='ocr_page ocr_carea ocr_par ocr_line ocrx_word'/>
</head>
<body>
  <div class='ocr_page' id='page_1' title='image "./demosthenisetsc08ulpigoog/demosthenisetsc08ulpigoog_0090.png"; bbox 0 0 2920 4950; ppageno 0'>
   <div class='ocr_carea' id='block_1_1' title="bbox 286 255 1232 368">
    <p class='ocr_par' dir='ltr' id='par_1_1' title="bbox 286 255 1232 368">
     <span class='ocr_line' id='line_1_1' title="bbox 286 255 1232 368; baseline 0.005 -15"><span class='ocrx_word' id='word_1_1' title='bbox 286 255 288 260; x_wconf 68' lang='grc'><strong>’</strong></span> <span class='ocrx_word' id='word_1_2' title='bbox 401 291 561 368; x_wconf 76' lang='lat' dir='ltr'>oerum</span> <span class='ocrx_word' id='word_1_3' title='bbox 582 293 641 354; x_wconf 86' lang='lat' dir='ltr'>nn</span> <span class='ocrx_word' id='word_1_4' title='bbox 659 293 950 358; x_wconf 75' lang='lat' dir='ltr'>cllffltsollltsr).</span> <span class='ocrx_word' id='word_1_5' title='bbox 1191 297 1232 360; x_wconf 81' lang='lat' dir='ltr'>re</span> 
     </span>
    </p>
   </div>
   <div class='ocr_carea' id='block_1_2' title="bbox 120 447 1314 2022">
    <p class='ocr_par' dir='ltr' id='par_1_2' title="bbox 120 447 1314 1742">
     <span class='ocr_line' id='line_1_2' title="bbox 126 447 1231 532; baseline 0.004 -22"><span class='ocrx_word' id='word_1_6' title='bbox 126 449 205 518; x_wconf 83' lang='lat' dir='ltr'>Quid</span> <span class='ocrx_word' id='word_1_7' title='bbox 220 447 312 530; x_wconf 84' lang='lat' dir='ltr'>igitur</span> <span class='ocrx_word' id='word_1_8' title='bbox 323 449 512 532; x_wconf 82' lang='lat' dir='ltr'>prudentium</span> <span class='ocrx_word' id='word_1_9' title='bbox 524 447 677 512; x_wconf 87' lang='lat' dir='ltr'>bominum</span> <span class='ocrx_word' id='word_1_10' title='bbox 699 449 766 512; x_wconf 86' lang='lat' dir='ltr'>estl</span> <span class='ocrx_word' id='word_1_11' title='bbox 807 451 885 512; x_wconf 85' lang='lat' dir='ltr'>Cum</span> <span class='ocrx_word' id='word_1_12' title='bbox 895 450 962 512; x_wconf 79' lang='lat' dir='ltr'>berc</span> <span class='ocrx_word' id='word_1_13' title='bbox 969 450 1067 512; x_wconf 79' lang='lat' dir='ltr'>sciant</span> <span class='ocrx_word' id='word_1_14' title='bbox 1075 458 1107 512; x_wconf 88' lang='lat' dir='ltr'>et</span> <span class='ocrx_word' id='word_1_15' title='bbox 1119 469 1231 531; x_wconf 78' lang='lat' dir='ltr'>cogno·</span> 
     </span>
     <span class='ocr_line' id='line_1_3' title="bbox 125 543 1314 631; baseline -0.001 -24"><span class='ocrx_word' id='word_1_16' title='bbox 125 545 190 618; x_wconf 88' lang='lat' dir='ltr'>rint,</span> <span class='ocrx_word' id='word_1_17' title='bbox 204 543 354 624; x_wconf 83' lang='lat' dir='ltr'>insignem</span> <span class='ocrx_word' id='word_1_18' title='bbox 369 543 454 604; x_wconf 82' lang='lat' dir='ltr'>istam</span> <span class='ocrx_word' id='word_1_19' title='bbox 466 543 893 624; x_wconf 82' lang='lat' dir='ltr'>perniciosemqnesocordiem</span> <span class='ocrx_word' id='word_1_20' title='bbox 907 545 1064 624; x_wconf 82' lang='lat' dir='ltr'>deponere,</span> <span class='ocrx_word' id='word_1_21' title='bbox 1075 545 1229 623; x_wconf 80' lang='lat' dir='ltr'>pecuniam</span> <span class='ocrx_word' id='word_1_22' title='bbox 1278 624 1282 631; x_wconf 59' lang='lat'><em>„</em></span> <span class='ocrx_word' id='word_1_23' title='bbox 1310 591 1314 598; x_wconf 84' lang='lat'>.</span> 
     </span>
     <span class='ocr_line' id='line_1_4' title="bbox 124 627 1231 718; baseline -0.002 -16"><span class='ocrx_word' id='word_1_24' title='bbox 124 647 221 702; x_wconf 81' lang='lat' dir='ltr'>autem</span> <span class='ocrx_word' id='word_1_25' title='bbox 236 639 371 698; x_wconf 82' lang='lat' dir='ltr'>conferre</span> <span class='ocrx_word' id='word_1_26' title='bbox 385 638 505 715; x_wconf 75' lang='lat' dir='ltr'><strong><em>idemque</em></strong></span> <span class='ocrx_word' id='word_1_27' title='bbox 523 638 720 718; x_wconf 65' lang='lat' dir='ltr'>ursinianus</span> <span class='ocrx_word' id='word_1_28' title='bbox 738 638 824 698; x_wconf 86' lang='lat' dir='ltr'>sociis</span> <span class='ocrx_word' id='word_1_29' title='bbox 846 627 1058 718; x_wconf 78' lang='lat' dir='ltr'>postolare,&#39;ec</span> <span class='ocrx_word' id='word_1_30' title='bbox 1079 638 1231 718; x_wconf 86' lang='lat' dir='ltr'>providere</span> 
     </span>
     <span class='ocr_line' id='line_1_5' title="bbox 124 725 1230 811; baseline 0.001 -20"><span class='ocrx_word' id='word_1_31' title='bbox 124 742 212 810; x_wconf 85' lang='lat' dir='ltr'>etque</span> <span class='ocrx_word' id='word_1_32' title='bbox 220 751 314 810; x_wconf 76' lang='lat' dir='ltr'>agere</span> <span class='ocrx_word' id='word_1_33' title='bbox 323 731 430 803; x_wconf 89' lang='lat' dir='ltr'>omnia,</span> <span class='ocrx_word' id='word_1_34' title='bbox 441 731 619 792; x_wconf 84' lang='lat' dir='ltr'>constitutus</span> <span class='ocrx_word' id='word_1_35' title='bbox 631 731 686 792; x_wconf 84' lang='lat' dir='ltr'>iste</span> <span class='ocrx_word' id='word_1_36' title='bbox 700 731 850 793; x_wconf 80' lang='lat' dir='ltr'>exercitus</span> <span class='ocrx_word' id='word_1_37' title='bbox 861 751 899 792; x_wconf 89' lang='lat' dir='ltr'>ne</span> <span class='ocrx_word' id='word_1_38' title='bbox 912 725 1069 805; x_wconf 86' lang='lat' dir='ltr'>dilabetur,</span> <span class='ocrx_word' id='word_1_39' title='bbox 1082 741 1116 790; x_wconf 89' lang='lat' dir='ltr'>ut</span> <span class='ocrx_word' id='word_1_40' title='bbox 1126 751 1230 811; x_wconf 89' lang='lat' dir='ltr'>quern·</span> 
     </span>
     <span class='ocr_line' id='line_1_6' title="bbox 124 825 1231 906; baseline 0.002 -20"><span class='ocrx_word' id='word_1_41' title='bbox 124 825 287 886; x_wconf 77' lang='lat' dir='ltr'><strong>admodum</strong></span> <span class='ocrx_word' id='word_1_42' title='bbox 305 825 357 888; x_wconf 90' lang='lat' dir='ltr'>ille</span> <span class='ocrx_word' id='word_1_43' title='bbox 375 834 493 906; x_wconf 82' lang='lat' dir='ltr'>paratas</span> <span class='ocrx_word' id='word_1_44' title='bbox 510 825 641 904; x_wconf 84' lang='lat' dir='ltr'>legiones</span> <span class='ocrx_word' id='word_1_45' title='bbox 662 827 753 886; x_wconf 88' lang='lat' dir='ltr'>habet</span> <span class='ocrx_word' id='word_1_46' title='bbox 770 826 810 886; x_wconf 89' lang='lat' dir='ltr'>ad</span> <span class='ocrx_word' id='word_1_47' title='bbox 823 825 978 886; x_wconf 85' lang='lat' dir='ltr'>violandus</span> <span class='ocrx_word' id='word_1_48' title='bbox 1002 835 1034 886; x_wconf 50' lang='lat' dir='ltr'>et*</span> <span class='ocrx_word' id='word_1_49' title='bbox 1051 825 1231 904; x_wconf 82' lang='lat' dir='ltr'>subigendos</span> 
     </span>
     <span class='ocr_line' id='line_1_7' title="bbox 124 917 1232 1000; baseline 0.004 -22"><span class='ocrx_word' id='word_1_50' title='bbox 124 937 226 980; x_wconf 87' lang='lat' dir='ltr'>omnes</span> <span class='ocrx_word' id='word_1_51' title='bbox 247 917 385 992; x_wconf 70' lang='lat' dir='ltr'>Grecos,</span> <span class='ocrx_word' id='word_1_52' title='bbox 403 917 445 978; x_wconf 79' lang='lat' dir='ltr'>ita</span> <span class='ocrx_word' id='word_1_53' title='bbox 461 937 514 980; x_wconf 85' lang='lat' dir='ltr'>ves</span> <span class='ocrx_word' id='word_1_54' title='bbox 534 919 664 1000; x_wconf 78' lang='lat' dir='ltr'>legiones</span> <span class='ocrx_word' id='word_1_55' title='bbox 684 918 819 980; x_wconf 78' lang='lat' dir='ltr'>babeatis</span> <span class='ocrx_word' id='word_1_56' title='bbox 841 918 880 978; x_wconf 85' lang='lat' dir='ltr'>ed</span> <span class='ocrx_word' id='word_1_57' title='bbox 901 919 1061 986; x_wconf 83' lang='lat' dir='ltr'>servandos</span> <span class='ocrx_word' id='word_1_58' title='bbox 1078 937 1180 978; x_wconf 87' lang='lat' dir='ltr'>omnes</span> <span class='ocrx_word' id='word_1_59' title='bbox 1199 928 1232 982; x_wconf 89' lang='lat' dir='ltr'>et</span> 
     </span>
     <span class='ocr_line' id='line_1_8' title="bbox 121 1011 1229 1093; baseline -0.002 -22"><span class='ocrx_word' id='word_1_60' title='bbox 121 1011 251 1072; x_wconf 85' lang='lat' dir='ltr'>tuendos</span> <span class='ocrx_word' id='word_1_61' title='bbox 269 1022 399 1092; x_wconf 76' lang='lat' dir='ltr'>penates</span> <span class='ocrx_word' id='word_1_62' title='bbox 440 1011 517 1072; x_wconf 83' lang='lat' dir='ltr'>Fieri</span> <span class='ocrx_word' id='word_1_63' title='bbox 537 1011 643 1093; x_wconf 80' lang='lat' dir='ltr'>quippe</span> <span class='ocrx_word' id='word_1_64' title='bbox 658 1013 774 1092; x_wconf 86' lang='lat' dir='ltr'>nequit,</span> <span class='ocrx_word' id='word_1_65' title='bbox 795 1020 829 1072; x_wconf 88' lang='lat' dir='ltr'>nt</span> <span class='ocrx_word' id='word_1_66' title='bbox 846 1011 898 1090; x_wconf 87' lang='lat' dir='ltr'>qni</span> <span class='ocrx_word' id='word_1_67' title='bbox 916 1011 1072 1092; x_wconf 79' lang='lat' dir='ltr'>repentinis</span> <span class='ocrx_word' id='word_1_68' title='bbox 1091 1011 1229 1080; x_wconf 84' lang='lat' dir='ltr'>subsidiis</span> 
     </span>
     <span class='ocr_line' id='line_1_9' title="bbox 121 1103 1231 1184; baseline 0.004 -22"><span class='ocrx_word' id='word_1_69' title='bbox 121 1112 256 1177; x_wconf 88' lang='lat' dir='ltr'>ntnntnr,</span> <span class='ocrx_word' id='word_1_70' title='bbox 279 1103 423 1183; x_wconf 84' lang='lat' dir='ltr'>quioquid</span> <span class='ocrx_word' id='word_1_71' title='bbox 440 1103 519 1166; x_wconf 82' lang='lat' dir='ltr'>recte</span> <span class='ocrx_word' id='word_1_72' title='bbox 536 1105 677 1184; x_wconf 85' lang='lat' dir='ltr'>perticere</span> <span class='ocrx_word' id='word_1_73' title='bbox 696 1105 819 1184; x_wconf 84' lang='lat' dir='ltr'>possint,</span> <span class='ocrx_word' id='word_1_74' title='bbox 833 1104 887 1166; x_wconf 81' lang='lat' dir='ltr'>sed</span> <span class='ocrx_word' id='word_1_75' title='bbox 906 1104 1090 1165; x_wconf 72' lang='lat' dir='ltr'>conscribere</span> <span class='ocrx_word' id='word_1_76' title='bbox 1117 1113 1231 1182; x_wconf 81' lang='lat' dir='ltr'>oportet</span> 
     </span>
     <span class='ocr_line' id='line_1_10' title="bbox 121 1197 1230 1277; baseline 0.003 -21"><span class='ocrx_word' id='word_1_77' title='bbox 121 1197 235 1276; x_wconf 85' lang='lat' dir='ltr'>copias,</span> <span class='ocrx_word' id='word_1_78' title='bbox 249 1205 283 1254; x_wconf 87' lang='lat' dir='ltr'>et</span> <span class='ocrx_word' id='word_1_79' title='bbox 294 1205 476 1256; x_wconf 84' lang='lat' dir='ltr'>commeatus</span> <span class='ocrx_word' id='word_1_80' title='bbox 495 1197 553 1257; x_wconf 86' lang='lat' dir='ltr'>illis</span> <span class='ocrx_word' id='word_1_81' title='bbox 573 1197 770 1277; x_wconf 79' lang='lat' dir='ltr'>suppeditare,</span> <span class='ocrx_word' id='word_1_82' title='bbox 783 1207 814 1256; x_wconf 92' lang='lat' dir='ltr'>et</span> <span class='ocrx_word' id='word_1_83' title='bbox 825 1206 988 1275; x_wconf 70' lang='lat' dir='ltr'>questores</span> <span class='ocrx_word' id='word_1_84' title='bbox 1007 1197 1138 1276; x_wconf 77' lang='lat' dir='ltr'>deligere,</span> <span class='ocrx_word' id='word_1_85' title='bbox 1152 1207 1184 1257; x_wconf 89' lang='lat' dir='ltr'>et</span> <span class='ocrx_word' id='word_1_86' title='bbox 1195 1208 1230 1259; x_wconf 89' lang='lat' dir='ltr'>ut</span> 
     </span>
     <span class='ocr_line' id='line_1_11' title="bbox 123 1285 1231 1371; baseline 0.002 -23"><span class='ocrx_word' id='word_1_87' title='bbox 123 1309 214 1369; x_wconf 82' lang='lat' dir='ltr'>quem</span> <span class='ocrx_word' id='word_1_88' title='bbox 227 1287 458 1368; x_wconf 79' lang='lat' dir='ltr'>diligentissime</span> <span class='ocrx_word' id='word_1_89' title='bbox 469 1289 521 1350; x_wconf 83' lang='lat' dir='ltr'>list</span> <span class='ocrx_word' id='word_1_90' title='bbox 533 1289 628 1350; x_wconf 75' lang='lat' dir='ltr'>cerarii</span> <span class='ocrx_word' id='word_1_91' title='bbox 640 1289 787 1363; x_wconf 75' lang='lat' dir='ltr'>custodie,</span> <span class='ocrx_word' id='word_1_92' title='bbox 804 1289 836 1349; x_wconf 89' lang='lat' dir='ltr'>id</span> <span class='ocrx_word' id='word_1_93' title='bbox 849 1285 926 1352; x_wconf 64' lang='lat' dir='ltr'>vero*</span> <span class='ocrx_word' id='word_1_94' title='bbox 933 1300 1086 1365; x_wconf 78' lang='lat' dir='ltr'>curantes,</span> <span class='ocrx_word' id='word_1_95' title='bbox 1095 1291 1231 1371; x_wconf 72' lang='lat' dir='ltr'>pecnmsr</span> 
     </span>
     <span class='ocr_line' id='line_1_12' title="bbox 120 1382 1230 1462; baseline 0.002 -20"><span class='ocrx_word' id='word_1_96' title='bbox 120 1382 253 1442; x_wconf 83' lang='lat' dir='ltr'>rationes</span> <span class='ocrx_word' id='word_1_97' title='bbox 267 1400 287 1441; x_wconf 86' lang='lat' dir='ltr'>e</span> <span class='ocrx_word' id='word_1_98' title='bbox 302 1382 508 1460; x_wconf 74' lang='lat' dir='ltr'>questoribns,</span> <span class='ocrx_word' id='word_1_99' title='bbox 518 1401 615 1444; x_wconf 85' lang='lat' dir='ltr'>rerum</span> <span class='ocrx_word' id='word_1_100' title='bbox 635 1392 784 1461; x_wconf 78' lang='lat' dir='ltr'>gestarum</span> <span class='ocrx_word' id='word_1_101' title='bbox 797 1402 817 1442; x_wconf 88' lang='lat' dir='ltr'>e</span> <span class='ocrx_word' id='word_1_102' title='bbox 834 1382 911 1442; x_wconf 89' lang='lat' dir='ltr'>duce</span> <span class='ocrx_word' id='word_1_103' title='bbox 931 1401 1098 1462; x_wconf 88' lang='lat' dir='ltr'>reposcere.</span> <span class='ocrx_word' id='word_1_104' title='bbox 1139 1385 1230 1451; x_wconf 82' lang='lat' dir='ltr'>Quod</span> 
     </span>
     <span class='ocr_line' id='line_1_13' title="bbox 122 1475 1232 1556; baseline 0.002 -18"><span class='ocrx_word' id='word_1_105' title='bbox 122 1476 147 1538; x_wconf 82' lang='lat' dir='ltr'>si</span> <span class='ocrx_word' id='word_1_106' title='bbox 155 1477 223 1536; x_wconf 76' lang='lat' dir='ltr'>haec</span> <span class='ocrx_word' id='word_1_107' title='bbox 233 1475 320 1536; x_wconf 85' lang='lat' dir='ltr'>vobis</span> <span class='ocrx_word' id='word_1_108' title='bbox 330 1475 413 1537; x_wconf 90' lang='lat' dir='ltr'>cordi</span> <span class='ocrx_word' id='word_1_109' title='bbox 426 1476 542 1549; x_wconf 83' lang='lat' dir='ltr'>luerint,</span> <span class='ocrx_word' id='word_1_110' title='bbox 558 1476 583 1536; x_wconf 91' lang='lat' dir='ltr'>si</span> <span class='ocrx_word' id='word_1_111' title='bbox 595 1476 661 1538; x_wconf 81' lang='lat' dir='ltr'>brec</span> <span class='ocrx_word' id='word_1_112' title='bbox 670 1475 873 1555; x_wconf 69' lang='lat' dir='ltr'>susceperitis,</span> <span class='ocrx_word' id='word_1_113' title='bbox 883 1494 983 1536; x_wconf 86' lang='lat' dir='ltr'>revera</span> <span class='ocrx_word' id='word_1_114' title='bbox 991 1477 1103 1556; x_wconf 77' lang='lat' dir='ltr'>justum</span> <span class='ocrx_word' id='word_1_115' title='bbox 1113 1497 1232 1540; x_wconf 81' lang='lat' dir='ltr'>serrare</span> 
     </span>
     <span class='ocr_line' id='line_1_14' title="bbox 121 1561 1230 1650; baseline 0 -20"><span class='ocrx_word' id='word_1_116' title='bbox 121 1588 241 1649; x_wconf 77' lang='lat' dir='ltr'>pacem,</span> <span class='ocrx_word' id='word_1_117' title='bbox 254 1576 287 1626; x_wconf 90' lang='lat' dir='ltr'>et</span> <span class='ocrx_word' id='word_1_118' title='bbox 299 1567 379 1630; x_wconf 88' lang='lat' dir='ltr'>domi</span> <span class='ocrx_word' id='word_1_119' title='bbox 393 1561 426 1628; x_wconf 80' lang='lat' dir='ltr'>se</span> <span class='ocrx_word' id='word_1_120' title='bbox 443 1568 782 1648; x_wconf 79' lang='lat' dir='ltr'>condaerePhilippum</span> <span class='ocrx_word' id='word_1_121' title='bbox 795 1567 921 1648; x_wconf 84' lang='lat' dir='ltr'>cogetis,-</span> <span class='ocrx_word' id='word_1_122' title='bbox 937 1587 997 1646; x_wconf 88' lang='lat' dir='ltr'>qno</span> <span class='ocrx_word' id='word_1_123' title='bbox 1011 1569 1105 1650; x_wconf 77' lang='lat' dir='ltr'>meins</span> <span class='ocrx_word' id='word_1_124' title='bbox 1119 1570 1230 1630; x_wconf 86' lang='lat' dir='ltr'>bonnus</span> 
     </span>
     <span class='ocr_line' id='line_1_15' title="bbox 120 1661 1128 1742; baseline -0.003 -20"><span class='ocrx_word' id='word_1_125' title='bbox 120 1663 239 1724; x_wconf 87' lang='lat' dir='ltr'>nullum</span> <span class='ocrx_word' id='word_1_126' title='bbox 252 1679 321 1720; x_wconf 87' lang='lat' dir='ltr'>esse</span> <span class='ocrx_word' id='word_1_127' title='bbox 334 1672 597 1741; x_wconf 65' lang='lat' dir='ltr'>queritantisque</span> <span class='ocrx_word' id='word_1_128' title='bbox 610 1661 710 1725; x_wconf 87' lang='lat' dir='ltr'>Marte</span> <span class='ocrx_word' id='word_1_129' title='bbox 723 1662 832 1724; x_wconf 83' lang='lat' dir='ltr'>bellurn</span> <span class='ocrx_word' id='word_1_130' title='bbox 846 1662 967 1742; x_wconf 82' lang='lat' dir='ltr'>geretis.</span> <span class='ocrx_word' id='word_1_131' title='bbox 1125 1715 1128 1719; x_wconf 88' lang='lat'><em>.</em></span> 
     </span>
    </p>

    <p class='ocr_par' dir='ltr' id='par_1_3' title="bbox 122 1752 1231 2022">
     <span class='ocr_line' id='line_1_16' title="bbox 166 1752 1231 1835; baseline 0.005 -21"><span class='ocrx_word' id='word_1_132' title='bbox 166 1757 215 1814; x_wconf 81' lang='lat'>12.</span> <span class='ocrx_word' id='word_1_133' title='bbox 240 1752 352 1835; x_wconf 89' lang='lat' dir='ltr'>Siquis</span> <span class='ocrx_word' id='word_1_134' title='bbox 366 1773 436 1814; x_wconf 86' lang='lat' dir='ltr'>vero</span> <span class='ocrx_word' id='word_1_135' title='bbox 449 1753 513 1814; x_wconf 71' lang='lat' dir='ltr'>bec</span> <span class='ocrx_word' id='word_1_136' title='bbox 526 1755 587 1814; x_wconf 86' lang='lat' dir='ltr'>sine</span> <span class='ocrx_word' id='word_1_137' title='bbox 602 1764 632 1814; x_wconf 91' lang='lat' dir='ltr'>et</span> <span class='ocrx_word' id='word_1_138' title='bbox 650 1755 766 1834; x_wconf 82' lang='lat' dir='ltr'>magnis</span> <span class='ocrx_word' id='word_1_139' title='bbox 785 1755 949 1834; x_wconf 86' lang='lat' dir='ltr'>sumptibus</span> <span class='ocrx_word' id='word_1_140' title='bbox 966 1764 998 1814; x_wconf 91' lang='lat' dir='ltr'>et</span> <span class='ocrx_word' id='word_1_141' title='bbox 1009 1754 1109 1815; x_wconf 88' lang='lat' dir='ltr'>multis</span> <span class='ocrx_word' id='word_1_142' title='bbox 1121 1755 1231 1818; x_wconf 68' lang='lat' dir='ltr'>lobon«</span> 
     </span>
     <span class='ocr_line' id='line_1_17' title="bbox 122 1846 1230 1928; baseline 0 -20"><span class='ocrx_word' id='word_1_143' title='bbox 122 1848 179 1908; x_wconf 86' lang='lat' dir='ltr'>bns</span> <span class='ocrx_word' id='word_1_144' title='bbox 193 1866 286 1928; x_wconf 86' lang='lat' dir='ltr'>posse</span> <span class='ocrx_word' id='word_1_145' title='bbox 299 1846 587 1926; x_wconf 69' lang='lat' dir='ltr'>manducemur,</span> <span class='ocrx_word' id='word_1_146' title='bbox 601 1854 679 1906; x_wconf 87' lang='lat' dir='ltr'>recte</span> <span class='ocrx_word' id='word_1_147' title='bbox 692 1847 811 1916; x_wconf 85' lang='lat' dir='ltr'>omnino</span> <span class='ocrx_word' id='word_1_148' title='bbox 822 1857 925 1926; x_wconf 84' lang='lat' dir='ltr'>putet:</span> <span class='ocrx_word' id='word_1_149' title='bbox 946 1846 1000 1908; x_wconf 90' lang='lat' dir='ltr'>sed</span> <span class='ocrx_word' id='word_1_150' title='bbox 1019 1847 1044 1906; x_wconf 88' lang='lat' dir='ltr'>si</span> <span class='ocrx_word' id='word_1_151' title='bbox 1063 1847 1140 1908; x_wconf 88' lang='lat' dir='ltr'>idem</span> <span class='ocrx_word' id='word_1_152' title='bbox 1156 1867 1230 1908; x_wconf 84' lang='lat' dir='ltr'>con·</span> 
     </span>
     <span class='ocr_line' id='line_1_18' title="bbox 123 1937 1230 2022; baseline 0 -21"><span class='ocrx_word' id='word_1_153' title='bbox 123 1940 246 2012; x_wconf 82' lang='lat' dir='ltr'>rideret,</span> <span class='ocrx_word' id='word_1_154' title='bbox 260 1959 329 2018; x_wconf 77' lang='lat' dir='ltr'>qum</span> <span class='ocrx_word' id='word_1_155' title='bbox 339 1939 463 2015; x_wconf 78' lang='lat' dir='ltr'>periculo</span> <span class='ocrx_word' id='word_1_156' title='bbox 483 1937 551 1998; x_wconf 87' lang='lat' dir='ltr'>buic</span> <span class='ocrx_word' id='word_1_157' title='bbox 573 1937 637 1998; x_wconf 85' lang='lat' dir='ltr'>urbi</span> <span class='ocrx_word' id='word_1_158' title='bbox 652 1937 853 2018; x_wconf 77' lang='lat' dir='ltr'>impendeant,</span> <span class='ocrx_word' id='word_1_159' title='bbox 875 1938 930 1999; x_wconf 88' lang='lat' dir='ltr'>nisi</span> <span class='ocrx_word' id='word_1_160' title='bbox 943 1938 985 1998; x_wconf 84' lang='lat' dir='ltr'>ite</span> <span class='ocrx_word' id='word_1_161' title='bbox 1002 1938 1170 2022; x_wconf 83' lang='lat' dir='ltr'>fecerimus,</span> <span class='ocrx_word' id='word_1_162' title='bbox 1183 1940 1230 2002; x_wconf 64' lang='lat' dir='ltr'>irs-¹</span> 
     </span>
    </p>
   </div>
   <div class='ocr_carea' id='block_1_3' title="bbox 122 2010 1410 2112">
    <p class='ocr_par' dir='ltr' id='par_1_4' title="bbox 122 2010 1410 2112">
     <span class='ocr_line' id='line_1_19' title="bbox 122 2010 1410 2112; baseline -0.004 -18"><span class='ocrx_word' id='word_1_163' title='bbox 122 2033 222 2094; x_wconf 84' lang='lat' dir='ltr'>veniet</span> <span class='ocrx_word' id='word_1_164' title='bbox 237 2031 387 2112; x_wconf 82' lang='lat' dir='ltr'>expedire,</span> <span class='ocrx_word' id='word_1_165' title='bbox 408 2041 442 2090; x_wconf 90' lang='lat' dir='ltr'>ut</span> <span class='ocrx_word' id='word_1_166' title='bbox 459 2030 536 2091; x_wconf 91' lang='lat' dir='ltr'>ultro</span> <span class='ocrx_word' id='word_1_167' title='bbox 556 2029 638 2109; x_wconf 88' lang='lat' dir='ltr'>quod</span> <span class='ocrx_word' id='word_1_168' title='bbox 655 2031 718 2090; x_wconf 84' lang='lat' dir='ltr'>lieri</span> <span class='ocrx_word' id='word_1_169' title='bbox 739 2031 826 2090; x_wconf 88' lang='lat' dir='ltr'>debet</span> <span class='ocrx_word' id='word_1_170' title='bbox 839 2031 992 2092; x_wconf 83' lang='lat' dir='ltr'>iaciamus.</span> <span class='ocrx_word' id='word_1_171' title='bbox 1035 2031 1112 2092; x_wconf 80' lang='lat' dir='ltr'>Nem</span> <span class='ocrx_word' id='word_1_172' title='bbox 1126 2032 1230 2112; x_wconf 84' lang='lat' dir='ltr'>siquis</span> <span class='ocrx_word' id='word_1_173' title='bbox 1349 2057 1351 2063; x_wconf 70' lang='lat'>,</span> <span class='ocrx_word' id='word_1_174' title='bbox 1407 2010 1410 2018; x_wconf 40' lang='lat'>¹</span> 
     </span>
    </p>
   </div>
   <div class='ocr_carea' id='block_1_4' title="bbox 82 2122 1255 4533">
    <p class='ocr_par' dir='ltr' id='par_1_5' title="bbox 122 2122 1255 3881">
     <span class='ocr_line' id='line_1_20' title="bbox 124 2122 1228 2203; baseline 0.001 -17"><span class='ocrx_word' id='word_1_175' title='bbox 124 2125 251 2186; x_wconf 89' lang='lat' dir='ltr'>deorum</span> <span class='ocrx_word' id='word_1_176' title='bbox 264 2125 351 2186; x_wconf 90' lang='lat' dir='ltr'>nobis</span> <span class='ocrx_word' id='word_1_177' title='bbox 363 2125 522 2203; x_wconf 82' lang='lat' dir='ltr'>sponderet</span> <span class='ocrx_word' id='word_1_178' title='bbox 533 2127 601 2202; x_wconf 82' lang='lat' dir='ltr'>(nec</span> <span class='ocrx_word' id='word_1_179' title='bbox 623 2122 701 2183; x_wconf 89' lang='lat' dir='ltr'>enirn</span> <span class='ocrx_word' id='word_1_180' title='bbox 716 2123 881 2192; x_wconf 81' lang='lat' dir='ltr'>mortalium</span> <span class='ocrx_word' id='word_1_181' title='bbox 894 2123 946 2182; x_wconf 90' lang='lat' dir='ltr'>ulli</span> <span class='ocrx_word' id='word_1_182' title='bbox 958 2132 1042 2184; x_wconf 86' lang='lat' dir='ltr'>tanta</span> <span class='ocrx_word' id='word_1_183' title='bbox 1054 2124 1093 2196; x_wconf 88' lang='lat' dir='ltr'>de</span> <span class='ocrx_word' id='word_1_184' title='bbox 1106 2145 1138 2186; x_wconf 85' lang='lat' dir='ltr'>re</span> <span class='ocrx_word' id='word_1_185' title='bbox 1152 2126 1228 2187; x_wconf 79' lang='lat' dir='ltr'>fides</span> 
     </span>
     <span class='ocr_line' id='line_1_21' title="bbox 122 2215 1228 2297; baseline 0.001 -18"><span class='ocrx_word' id='word_1_186' title='bbox 122 2218 224 2280; x_wconf 81' lang='lat' dir='ltr'>baberi</span> <span class='ocrx_word' id='word_1_187' title='bbox 238 2227 305 2278; x_wconf 85' lang='lat' dir='ltr'>trrto</span> <span class='ocrx_word' id='word_1_188' title='bbox 317 2219 441 2297; x_wconf 88' lang='lat' dir='ltr'>posset),</span> <span class='ocrx_word' id='word_1_189' title='bbox 451 2217 479 2284; x_wconf 58' lang='lat' dir='ltr'>si,</span> <span class='ocrx_word' id='word_1_190' title='bbox 485 2215 651 2295; x_wconf 87' lang='lat' dir='ltr'>quieveritis</span> <span class='ocrx_word' id='word_1_191' title='bbox 665 2225 696 2276; x_wconf 86' lang='lat' dir='ltr'>et</span> <span class='ocrx_word' id='word_1_192' title='bbox 704 2217 804 2277; x_wconf 88' lang='lat' dir='ltr'>omnia</span> <span class='ocrx_word' id='word_1_193' title='bbox 815 2215 1012 2296; x_wconf 80' lang='lat' dir='ltr'>neglexeritis,</span> <span class='ocrx_word' id='word_1_194' title='bbox 1026 2236 1096 2278; x_wconf 88' lang='lat' dir='ltr'>eum</span> <span class='ocrx_word' id='word_1_195' title='bbox 1108 2219 1228 2280; x_wconf 78' lang='lat' dir='ltr'>tandem</span> 
     </span>
     <span class='ocr_line' id='line_1_22' title="bbox 124 2309 1229 2391; baseline 0.002 -21"><span class='ocrx_word' id='word_1_196' title='bbox 124 2310 154 2370; x_wconf 91' lang='lat' dir='ltr'>in</span> <span class='ocrx_word' id='word_1_197' title='bbox 168 2312 385 2390; x_wconf 86' lang='lat' dir='ltr'>nosmetipsos</span> <span class='ocrx_word' id='word_1_198' title='bbox 398 2309 539 2390; x_wconf 81' lang='lat' dir='ltr'>impetum</span> <span class='ocrx_word' id='word_1_199' title='bbox 549 2327 688 2370; x_wconf 81' lang='lat' dir='ltr'>nonense</span> <span class='ocrx_word' id='word_1_200' title='bbox 702 2309 859 2383; x_wconf 84' lang='lat' dir='ltr'>iacturum,</span> <span class='ocrx_word' id='word_1_201' title='bbox 873 2321 958 2390; x_wconf 89' lang='lat' dir='ltr'>turpe</span> <span class='ocrx_word' id='word_1_202' title='bbox 972 2310 1098 2389; x_wconf 88' lang='lat' dir='ltr'>quidem,</span> <span class='ocrx_word' id='word_1_203' title='bbox 1111 2311 1229 2391; x_wconf 82' lang='lat' dir='ltr'>Jupiter</span> 
     </span>
     <span class='ocr_line' id='line_1_23' title="bbox 124 2401 1229 2485; baseline -0.01 -17"><span class='ocrx_word' id='word_1_204' title='bbox 124 2406 224 2485; x_wconf 89' lang='lat' dir='ltr'>diique</span> <span class='ocrx_word' id='word_1_205' title='bbox 238 2408 358 2466; x_wconf 85' lang='lat' dir='ltr'>omnes!</span> <span class='ocrx_word' id='word_1_206' title='bbox 372 2403 460 2464; x_wconf 84' lang='lat' dir='ltr'>inerit</span> <span class='ocrx_word' id='word_1_207' title='bbox 473 2416 562 2485; x_wconf 80' lang='lat' dir='ltr'>atque</span> <span class='ocrx_word' id='word_1_208' title='bbox 574 2401 727 2480; x_wconf 88' lang='lat' dir='ltr'>indignum</span> <span class='ocrx_word' id='word_1_209' title='bbox 736 2404 818 2464; x_wconf 84' lang='lat' dir='ltr'>robis</span> <span class='ocrx_word' id='word_1_210' title='bbox 832 2414 863 2463; x_wconf 89' lang='lat' dir='ltr'>et</span> <span class='ocrx_word' id='word_1_211' title='bbox 872 2407 1001 2481; x_wconf 78' lang='lat' dir='ltr'>presenti</span> <span class='ocrx_word' id='word_1_212' title='bbox 1014 2403 1157 2484; x_wconf 75' lang='lat' dir='ltr'>dignitate</span> <span class='ocrx_word' id='word_1_213' title='bbox 1170 2406 1229 2476; x_wconf 66' lang='lat' dir='ltr'>rei„</span> 
     </span>
     <span class='ocr_line' id='line_1_24' title="bbox 124 2485 1229 2580; baseline 0 -22"><span class='ocrx_word' id='word_1_214' title='bbox 124 2498 257 2580; x_wconf 81' lang='lat' dir='ltr'>publices</span> <span class='ocrx_word' id='word_1_215' title='bbox 270 2506 304 2558; x_wconf 88' lang='lat' dir='ltr'>et</span> <span class='ocrx_word' id='word_1_216' title='bbox 315 2498 407 2558; x_wconf 83' lang='lat' dir='ltr'>rebus</span> <span class='ocrx_word' id='word_1_217' title='bbox 420 2496 512 2576; x_wconf 86' lang='lat' dir='ltr'>gestis</span> <span class='ocrx_word' id='word_1_218' title='bbox 527 2495 683 2576; x_wconf 80' lang='lat' dir='ltr'>majorum,</span> <span class='ocrx_word' id='word_1_219' title='bbox 698 2497 737 2556; x_wconf 90' lang='lat' dir='ltr'>ob</span> <span class='ocrx_word' id='word_1_220' title='bbox 750 2485 894 2576; x_wconf 81' lang='lat' dir='ltr'>privatum</span> <span class='ocrx_word' id='word_1_221' title='bbox 907 2507 1037 2558; x_wconf 84' lang='lat' dir='ltr'>vestrum</span> <span class='ocrx_word' id='word_1_222' title='bbox 1055 2496 1146 2558; x_wconf 89' lang='lat' dir='ltr'>otium</span> <span class='ocrx_word' id='word_1_223' title='bbox 1160 2498 1229 2558; x_wconf 88' lang='lat' dir='ltr'>reli·</span> 
     </span>
     <span class='ocr_line' id='line_1_25' title="bbox 124 2587 1231 2670; baseline 0 -20"><span class='ocrx_word' id='word_1_224' title='bbox 124 2609 197 2670; x_wconf 86' lang='lat' dir='ltr'>qnos</span> <span class='ocrx_word' id='word_1_225' title='bbox 212 2589 341 2650; x_wconf 85' lang='lat' dir='ltr'>Greacos</span> <span class='ocrx_word' id='word_1_226' title='bbox 355 2609 455 2652; x_wconf 88' lang='lat' dir='ltr'>ornnes</span> <span class='ocrx_word' id='word_1_227' title='bbox 468 2589 604 2650; x_wconf 82' lang='lat' dir='ltr'>desertos</span> <span class='ocrx_word' id='word_1_228' title='bbox 616 2587 744 2667; x_wconf 89' lang='lat' dir='ltr'>objicere</span> <span class='ocrx_word' id='word_1_229' title='bbox 758 2589 900 2660; x_wconf 86' lang='lat' dir='ltr'>servituti,</span> <span class='ocrx_word' id='word_1_230' title='bbox 915 2609 951 2650; x_wconf 89' lang='lat' dir='ltr'>ac</span> <span class='ocrx_word' id='word_1_231' title='bbox 962 2610 1019 2668; x_wconf 86' lang='lat' dir='ltr'>ego</span> <span class='ocrx_word' id='word_1_232' title='bbox 1031 2589 1150 2668; x_wconf 85' lang='lat' dir='ltr'>quidem</span> <span class='ocrx_word' id='word_1_233' title='bbox 1163 2591 1231 2670; x_wconf 83' lang='lat' dir='ltr'>ipre</span> 
     </span>
     <span class='ocr_line' id='line_1_26' title="bbox 124 2681 1231 2762; baseline 0.002 -18"><span class='ocrx_word' id='word_1_234' title='bbox 124 2692 253 2744; x_wconf 87' lang='lat' dir='ltr'>mortem</span> <span class='ocrx_word' id='word_1_235' title='bbox 266 2692 404 2762; x_wconf 88' lang='lat' dir='ltr'>oppetere</span> <span class='ocrx_word' id='word_1_236' title='bbox 418 2681 534 2754; x_wconf 67' lang='lat' dir='ltr'>malim,</span> <span class='ocrx_word' id='word_1_237' title='bbox 547 2699 636 2762; x_wconf 80' lang='lat' dir='ltr'>qnam</span> <span class='ocrx_word' id='word_1_238' title='bbox 651 2683 721 2744; x_wconf 82' lang='lat' dir='ltr'>tulis</span> <span class='ocrx_word' id='word_1_239' title='bbox 736 2682 881 2746; x_wconf 75' lang='lat' dir='ltr'>suaderes</span> <span class='ocrx_word' id='word_1_240' title='bbox 901 2694 1014 2742; x_wconf 75' lang='lat' dir='ltr'>vernm‘</span> <span class='ocrx_word' id='word_1_241' title='bbox 1024 2683 1049 2743; x_wconf 88' lang='lat' dir='ltr'>si</span> <span class='ocrx_word' id='word_1_242' title='bbox 1067 2682 1132 2761; x_wconf 87' lang='lat' dir='ltr'>quis</span> <span class='ocrx_word' id='word_1_243' title='bbox 1152 2684 1231 2746; x_wconf 83' lang='lat' dir='ltr'>alins</span> 
     </span>
     <span class='ocr_line' id='line_1_27' title="bbox 123 2776 1231 2856; baseline -0.004 -16"><span class='ocrx_word' id='word_1_244' title='bbox 123 2779 181 2840; x_wconf 83' lang='lat' dir='ltr'>iste</span> <span class='ocrx_word' id='word_1_245' title='bbox 194 2776 270 2836; x_wconf 91' lang='lat' dir='ltr'>dicit</span> <span class='ocrx_word' id='word_1_246' title='bbox 282 2787 313 2841; x_wconf 88' lang='lat' dir='ltr'>et</span> <span class='ocrx_word' id='word_1_247' title='bbox 326 2777 410 2838; x_wconf 84' lang='lat' dir='ltr'>vobis</span> <span class='ocrx_word' id='word_1_248' title='bbox 422 2777 590 2856; x_wconf 77' lang='lat' dir='ltr'>persuadet,</span> <span class='ocrx_word' id='word_1_249' title='bbox 601 2788 678 2849; x_wconf 85' lang='lat' dir='ltr'>esto,</span> <span class='ocrx_word' id='word_1_250' title='bbox 699 2797 736 2836; x_wconf 90' lang='lat' dir='ltr'>ne</span> <span class='ocrx_word' id='word_1_251' title='bbox 749 2777 898 2838; x_wconf 86' lang='lat' dir='ltr'>defendite</span> <span class='ocrx_word' id='word_1_252' title='bbox 912 2795 976 2850; x_wconf 87' lang='lat' dir='ltr'>vos,</span> <span class='ocrx_word' id='word_1_253' title='bbox 990 2776 1106 2852; x_wconf 80' lang='lat' dir='ltr'>abjicite</span> <span class='ocrx_word' id='word_1_254' title='bbox 1119 2779 1231 2850; x_wconf 72' lang='lat' dir='ltr'>omnin.</span> 
     </span>
     <span class='ocr_line' id='line_1_28' title="bbox 126 2869 1226 2952; baseline -0.005 -17"><span class='ocrx_word' id='word_1_255' title='bbox 126 2871 177 2935; x_wconf 86' lang='lat' dir='ltr'>Sin</span> <span class='ocrx_word' id='word_1_256' title='bbox 195 2869 256 2930; x_wconf 86' lang='lat' dir='ltr'>hoc</span> <span class='ocrx_word' id='word_1_257' title='bbox 275 2869 442 2933; x_wconf 81' lang='lat' dir='ltr'>consultum</span> <span class='ocrx_word' id='word_1_258' title='bbox 460 2889 525 2930; x_wconf 87' lang='lat' dir='ltr'>esse</span> <span class='ocrx_word' id='word_1_259' title='bbox 538 2887 626 2933; x_wconf 85' lang='lat' dir='ltr'>nemo</span> <span class='ocrx_word' id='word_1_260' title='bbox 644 2880 739 2951; x_wconf 79' lang='lat' dir='ltr'>putet,</span> <span class='ocrx_word' id='word_1_261' title='bbox 755 2880 916 2952; x_wconf 85' lang='lat' dir='ltr'>contraque</span> <span class='ocrx_word' id='word_1_262' title='bbox 929 2870 1101 2950; x_wconf 76' lang='lat' dir='ltr'>preeseimus</span> <span class='ocrx_word' id='word_1_263' title='bbox 1115 2889 1226 2952; x_wconf 88' lang='lat' dir='ltr'>pmnes,</span> 
     </span>
     <span class='ocr_line' id='line_1_29' title="bbox 125 2961 1255 3046; baseline -0.004 -18"><span class='ocrx_word' id='word_1_264' title='bbox 125 2964 342 3046; x_wconf 64' lang='lat' dir='ltr'>quintuplum</span> <span class='ocrx_word' id='word_1_265' title='bbox 355 2983 423 3026; x_wconf 85' lang='lat' dir='ltr'>cnm</span> <span class='ocrx_word' id='word_1_266' title='bbox 439 2961 494 3025; x_wconf 90' lang='lat' dir='ltr'>sibi</span> <span class='ocrx_word' id='word_1_267' title='bbox 513 2963 657 3043; x_wconf 86' lang='lat' dir='ltr'>subjicere</span> <span class='ocrx_word' id='word_1_268' title='bbox 676 2963 901 3044; x_wconf 81' lang='lat' dir='ltr'>permiserimus,</span> <span class='ocrx_word' id='word_1_269' title='bbox 919 2971 1001 3022; x_wconf 84' lang='lat' dir='ltr'>tanto</span> <span class='ocrx_word' id='word_1_270' title='bbox 1016 2981 1086 3022; x_wconf 87' lang='lat' dir='ltr'>curn</span> <span class='ocrx_word' id='word_1_271' title='bbox 1095 2963 1230 3040; x_wconf 75' lang='lat' dir='ltr'>graviore</span> <span class='ocrx_word' id='word_1_272' title='bbox 1242 2961 1255 2976; x_wconf 51' lang='lat'>⁸</span> 
     </span>
     <span class='ocr_line' id='line_1_30' title="bbox 125 3054 1230 3144; baseline -0.003 -25"><span class='ocrx_word' id='word_1_273' title='bbox 125 3069 155 3129; x_wconf 84' lang='lat' dir='ltr'>et</span> <span class='ocrx_word' id='word_1_274' title='bbox 170 3059 340 3144; x_wconf 84' lang='lat' dir='ltr'>pptentiore</span> <span class='ocrx_word' id='word_1_275' title='bbox 358 3056 455 3118; x_wconf 89' lang='lat' dir='ltr'>hoste.</span> <span class='ocrx_word' id='word_1_276' title='bbox 466 3055 549 3116; x_wconf 84' lang='lat' dir='ltr'>nob&#39;rr</span> <span class='ocrx_word' id='word_1_277' title='bbox 562 3055 624 3118; x_wconf 84' lang='lat' dir='ltr'>iore</span> <span class='ocrx_word' id='word_1_278' title='bbox 644 3055 882 3128; x_wconf 86' lang='lat' dir='ltr'>conflictandum,</span> <span class='ocrx_word' id='word_1_279' title='bbox 903 3073 963 3132; x_wconf 94' lang='lat' dir='ltr'>qno</span> <span class='ocrx_word' id='word_1_280' title='bbox 976 3054 1230 3144; x_wconf 75' lang='lat' dir='ltr'>subterfugimuei</span> 
     </span>
     <span class='ocr_line' id='line_1_31' title="bbox 125 3148 1229 3234; baseline -0.004 -20"><span class='ocrx_word' id='word_1_281' title='bbox 125 3153 350 3234; x_wconf 86' lang='lat' dir='ltr'>antqnidlente</span> <span class='ocrx_word' id='word_1_282' title='bbox 359 3149 494 3230; x_wconf 68' lang='lat' dir='ltr'>agimus?</span> <span class='ocrx_word' id='word_1_283' title='bbox 514 3161 566 3210; x_wconf 87' lang='lat' dir='ltr'>ent</span> <span class='ocrx_word' id='word_1_284' title='bbox 575 3151 706 3228; x_wconf 86' lang='lat' dir='ltr'>quando,</span> <span class='ocrx_word' id='word_1_285' title='bbox 721 3148 926 3220; x_wconf 83' lang='lat' dir='ltr'>Athenienses,</span> <span class='ocrx_word' id='word_1_286' title='bbox 940 3167 1037 3208; x_wconf 86' lang='lat' dir='ltr'>rernm</span> <span class='ocrx_word' id='word_1_287' title='bbox 1046 3167 1147 3210; x_wconf 83' lang='lat' dir='ltr'>curum</span> <span class='ocrx_word' id='word_1_288' title='bbox 1160 3165 1229 3210; x_wconf 79' lang='lat' dir='ltr'>sus-</span> 
     </span>
     <span class='ocr_line' id='line_1_32' title="bbox 125 3240 1231 3326; baseline -0.002 -18"><span class='ocrx_word' id='word_1_289' title='bbox 125 3245 292 3326; x_wconf 83' lang='lat' dir='ltr'>cipiemnsi</span> <span class='ocrx_word' id='word_1_290' title='bbox 311 3263 391 3317; x_wconf 86' lang='lat' dir='ltr'>curu,</span> <span class='ocrx_word' id='word_1_291' title='bbox 405 3241 506 3316; x_wconf 87' lang='lat' dir='ltr'>credo,</span> <span class='ocrx_word' id='word_1_292' title='bbox 519 3245 678 3307; x_wconf 78' lang='lat' dir='ltr'>nenessitee</span> <span class='ocrx_word' id='word_1_293' title='bbox 693 3242 792 3321; x_wconf 84' lang='lat' dir='ltr'>eliqua</span> <span class='ocrx_word' id='word_1_294' title='bbox 804 3240 963 3321; x_wconf 67' lang='lat' dir='ltr'>ingruerit?</span> <span class='ocrx_word' id='word_1_295' title='bbox 984 3242 1065 3320; x_wconf 82' lang='lat' dir='ltr'>etqui</span> <span class='ocrx_word' id='word_1_296' title='bbox 1077 3261 1113 3304; x_wconf 82' lang='lat' dir='ltr'>ee</span> <span class='ocrx_word' id='word_1_297' title='bbox 1125 3263 1231 3323; x_wconf 46' lang='lat' dir='ltr'>necas</span> 
     </span>
     <span class='ocr_line' id='line_1_33' title="bbox 126 3335 1231 3418; baseline -0.003 -18"><span class='ocrx_word' id='word_1_298' title='bbox 126 3339 207 3414; x_wconf 85' lang='lat' dir='ltr'>sitas,</span> <span class='ocrx_word' id='word_1_299' title='bbox 221 3357 313 3418; x_wconf 87' lang='lat' dir='ltr'>quarn</span> <span class='ocrx_word' id='word_1_300' title='bbox 325 3337 416 3399; x_wconf 82' lang='lat' dir='ltr'>borne</span> <span class='ocrx_word' id='word_1_301' title='bbox 428 3337 503 3398; x_wconf 84' lang='lat' dir='ltr'>liber</span> <span class='ocrx_word' id='word_1_302' title='bbox 514 3337 560 3398; x_wconf 85' lang='lat' dir='ltr'>ite</span> <span class='ocrx_word' id='word_1_303' title='bbox 570 3336 709 3410; x_wconf 84' lang='lat' dir='ltr'>nominet,</span> <span class='ocrx_word' id='word_1_304' title='bbox 719 3354 779 3396; x_wconf 87' lang='lat' dir='ltr'>non</span> <span class='ocrx_word' id='word_1_305' title='bbox 792 3344 908 3396; x_wconf 87' lang='lat' dir='ltr'>tantum</span> <span class='ocrx_word' id='word_1_306' title='bbox 917 3335 980 3414; x_wconf 87' lang='lat' dir='ltr'>jam</span> <span class='ocrx_word' id='word_1_307' title='bbox 993 3335 1089 3408; x_wconf 85' lang='lat' dir='ltr'>adest,</span> <span class='ocrx_word' id='word_1_308' title='bbox 1104 3337 1158 3397; x_wconf 86' lang='lat' dir='ltr'>sed</span> <span class='ocrx_word' id='word_1_309' title='bbox 1166 3337 1231 3417; x_wconf 86' lang='lat' dir='ltr'>jam</span> 
     </span>
     <span class='ocr_line' id='line_1_34' title="bbox 125 3427 1231 3512; baseline -0.001 -20"><span class='ocrx_word' id='word_1_310' title='bbox 125 3431 240 3512; x_wconf 83' lang='lat' dir='ltr'>pridem</span> <span class='ocrx_word' id='word_1_311' title='bbox 253 3430 388 3492; x_wconf 67' lang='lat' dir='ltr'>utiense</span> <span class='ocrx_word' id='word_1_312' title='bbox 402 3427 526 3490; x_wconf 86' lang='lat' dir='ltr'>obtulit:</span> <span class='ocrx_word' id='word_1_313' title='bbox 548 3428 660 3490; x_wconf 80' lang='lat' dir='ltr'>servilis</span> <span class='ocrx_word' id='word_1_314' title='bbox 673 3448 743 3490; x_wconf 86' lang='lat' dir='ltr'>vero</span> <span class='ocrx_word' id='word_1_315' title='bbox 757 3428 919 3488; x_wconf 82' lang='lat' dir='ltr'>necessitas</span> <span class='ocrx_word' id='word_1_316' title='bbox 932 3447 970 3487; x_wconf 87' lang='lat' dir='ltr'>ne</span> <span class='ocrx_word' id='word_1_317' title='bbox 986 3428 1114 3508; x_wconf 80' lang='lat' dir='ltr'>ingruet,</span> <span class='ocrx_word' id='word_1_318' title='bbox 1127 3431 1231 3510; x_wconf 84' lang='lat' dir='ltr'>ntique</span> 
     </span>
     <span class='ocr_line' id='line_1_35' title="bbox 126 3519 1234 3604; baseline -0.002 -20"><span class='ocrx_word' id='word_1_319' title='bbox 126 3535 173 3592; x_wconf 85' lang='lat' dir='ltr'>est</span> <span class='ocrx_word' id='word_1_320' title='bbox 184 3522 363 3604; x_wconf 78' lang='lat' dir='ltr'>optandum.</span> <span class='ocrx_word' id='word_1_321' title='bbox 404 3521 484 3590; x_wconf 87' lang='lat' dir='ltr'>Quid</span> <span class='ocrx_word' id='word_1_322' title='bbox 494 3539 562 3583; x_wconf 82' lang='lat' dir='ltr'>sero</span> <span class='ocrx_word' id='word_1_323' title='bbox 572 3521 711 3584; x_wconf 74' lang='lat' dir='ltr'>intuerer</span> <span class='ocrx_word' id='word_1_324' title='bbox 730 3519 810 3602; x_wconf 84' lang='lat' dir='ltr'>quod</span> <span class='ocrx_word' id='word_1_325' title='bbox 822 3519 933 3580; x_wconf 88' lang='lat' dir='ltr'>bomini</span> <span class='ocrx_word' id='word_1_326' title='bbox 946 3519 1038 3582; x_wconf 89' lang='lat' dir='ltr'>libero</span> <span class='ocrx_word' id='word_1_327' title='bbox 1048 3520 1175 3582; x_wconf 81' lang='lat' dir='ltr'>maxims</span> <span class='ocrx_word' id='word_1_328' title='bbox 1183 3532 1234 3584; x_wconf 89' lang='lat' dir='ltr'>est</span> 
     </span>
     <span class='ocr_line' id='line_1_36' title="bbox 126 3615 1231 3696; baseline -0.002 -18"><span class='ocrx_word' id='word_1_329' title='bbox 126 3615 294 3678; x_wconf 79' lang='lat' dir='ltr'>necessitas</span> <span class='ocrx_word' id='word_1_330' title='bbox 312 3633 407 3676; x_wconf 81' lang='lat' dir='ltr'>rerum</span> <span class='ocrx_word' id='word_1_331' title='bbox 422 3617 498 3676; x_wconf 76' lang='lat' dir='ltr'>ercle</span> <span class='ocrx_word' id='word_1_332' title='bbox 510 3615 712 3695; x_wconf 79' lang='lat' dir='ltr'>gerendarum</span> <span class='ocrx_word' id='word_1_333' title='bbox 729 3615 835 3696; x_wconf 87' lang='lat' dir='ltr'>pudor,</span> <span class='ocrx_word' id='word_1_334' title='bbox 855 3634 915 3694; x_wconf 85' lang='lat' dir='ltr'>qus</span> <span class='ocrx_word' id='word_1_335' title='bbox 934 3616 1111 3676; x_wconf 80' lang='lat' dir='ltr'>necessitate</span> <span class='ocrx_word' id='word_1_336' title='bbox 1128 3617 1231 3676; x_wconf 85' lang='lat' dir='ltr'>nescio</span> 
     </span>
     <span class='ocr_line' id='line_1_37' title="bbox 126 3707 1232 3789; baseline -0.002 -19"><span class='ocrx_word' id='word_1_337' title='bbox 126 3729 165 3770; x_wconf 89' lang='lat' dir='ltr'>an</span> <span class='ocrx_word' id='word_1_338' title='bbox 175 3710 245 3789; x_wconf 88' lang='lat' dir='ltr'>quis</span> <span class='ocrx_word' id='word_1_339' title='bbox 257 3709 398 3788; x_wconf 80' lang='lat' dir='ltr'>majorem</span> <span class='ocrx_word' id='word_1_340' title='bbox 414 3707 637 3788; x_wconf 77' lang='lat' dir='ltr'>pessitdieere:</span> <span class='ocrx_word' id='word_1_341' title='bbox 658 3728 743 3774; x_wconf 84' lang='lat' dir='ltr'>servo</span> <span class='ocrx_word' id='word_1_342' title='bbox 761 3717 860 3768; x_wconf 85' lang='lat' dir='ltr'>autem</span> <span class='ocrx_word' id='word_1_343' title='bbox 876 3708 973 3788; x_wconf 84' lang='lat' dir='ltr'>plegre</span> <span class='ocrx_word' id='word_1_344' title='bbox 992 3720 1023 3768; x_wconf 88' lang='lat' dir='ltr'>et</span> <span class='ocrx_word' id='word_1_345' title='bbox 1035 3707 1165 3788; x_wconf 79' lang='lat' dir='ltr'>eorporis</span> <span class='ocrx_word' id='word_1_346' title='bbox 1180 3729 1232 3770; x_wconf 82' lang='lat' dir='ltr'>ex-</span> 
     </span>
     <span class='ocr_line' id='line_1_38' title="bbox 127 3800 1024 3881; baseline -0.006 -17"><span class='ocrx_word' id='word_1_347' title='bbox 127 3801 324 3872; x_wconf 78' lang='lat' dir='ltr'>cmnideetio,</span> <span class='ocrx_word' id='word_1_348' title='bbox 338 3821 406 3881; x_wconf 72' lang='lat' dir='ltr'>quse</span> <span class='ocrx_word' id='word_1_349' title='bbox 420 3800 517 3862; x_wconf 75' lang='lat' dir='ltr'>abdat</span> <span class='ocrx_word' id='word_1_350' title='bbox 529 3811 564 3862; x_wconf 91' lang='lat' dir='ltr'>nt</span> <span class='ocrx_word' id='word_1_351' title='bbox 575 3802 657 3874; x_wconf 81' lang='lat' dir='ltr'>fient,</span> <span class='ocrx_word' id='word_1_352' title='bbox 670 3811 703 3864; x_wconf 88' lang='lat' dir='ltr'>et</span> <span class='ocrx_word' id='word_1_353' title='bbox 715 3800 933 3880; x_wconf 83' lang='lat' dir='ltr'>diotnindigna</span> <span class='ocrx_word' id='word_1_354' title='bbox 946 3811 1024 3862; x_wconf 86' lang='lat' dir='ltr'>sunt.</span> 
     </span>
    </p>

    <p class='ocr_par' dir='ltr' id='par_1_6' title="bbox 82 3891 1239 4533">
     <span class='ocr_line' id='line_1_39' title="bbox 168 3891 1235 3974; baseline 0 -20"><span class='ocrx_word' id='word_1_355' title='bbox 168 3897 219 3956; x_wconf 79' lang='lat'>13.</span> <span class='ocrx_word' id='word_1_356' title='bbox 240 3896 423 3974; x_wconf 68' lang='lat' dir='ltr'>Quanquam·</span> <span class='ocrx_word' id='word_1_357' title='bbox 437 3903 537 3954; x_wconf 80' lang='lat' dir='ltr'>entem</span> <span class='ocrx_word' id='word_1_358' title='bbox 555 3893 669 3974; x_wconf 82' lang='lat' dir='ltr'>relique</span> <span class='ocrx_word' id='word_1_359' title='bbox 686 3894 783 3954; x_wconf 85' lang='lat' dir='ltr'>omnis</span> <span class='ocrx_word' id='word_1_360' title='bbox 800 3893 924 3956; x_wconf 84' lang='lat' dir='ltr'>libenter</span> <span class='ocrx_word' id='word_1_361' title='bbox 945 3893 1041 3954; x_wconf 86' lang='lat' dir='ltr'>dicere</span> <span class='ocrx_word' id='word_1_362' title='bbox 1061 3891 1182 3970; x_wconf 85' lang='lat' dir='ltr'>possim,</span> <span class='ocrx_word' id='word_1_363' title='bbox 1203 3902 1235 3954; x_wconf 84' lang='lat' dir='ltr'>et</span> 
     </span>
     <span class='ocr_line' id='line_1_40' title="bbox 127 3984 1236 4068; baseline -0.003 -19"><span class='ocrx_word' id='word_1_364' title='bbox 127 3987 361 4068; x_wconf 78' lang='lat' dir='ltr'>ostendereqrro</span> <span class='ocrx_word' id='word_1_365' title='bbox 380 3996 470 4067; x_wconf 77' lang='lat' dir='ltr'>perte</span> <span class='ocrx_word' id='word_1_366' title='bbox 485 3987 517 4048; x_wconf 88' lang='lat' dir='ltr'>iu</span> <span class='ocrx_word' id='word_1_367' title='bbox 534 4005 588 4050; x_wconf 81' lang='lat' dir='ltr'>ros</span> <span class='ocrx_word' id='word_1_368' title='bbox 606 3985 739 4050; x_wconf 87' lang='lat' dir='ltr'>nonnulli</span> <span class='ocrx_word' id='word_1_369' title='bbox 757 3986 788 4046; x_wconf 92' lang='lat' dir='ltr'>in</span> <span class='ocrx_word' id='word_1_370' title='bbox 808 3984 1039 4046; x_wconf 80' lang='lat' dir='ltr'>administranda</span> <span class='ocrx_word' id='word_1_371' title='bbox 1056 4003 1117 4063; x_wconf 86' lang='lat' dir='ltr'>rep</span> <span class='ocrx_word' id='word_1_372' title='bbox 1137 3984 1236 4046; x_wconf 78' lang='lat' dir='ltr'>delin—</span> 
     </span>
     <span class='ocr_line' id='line_1_41' title="bbox 126 4078 1235 4160; baseline -0.004 -18"><span class='ocrx_word' id='word_1_373' title='bbox 126 4091 232 4160; x_wconf 84' lang='lat' dir='ltr'>quant,</span> <span class='ocrx_word' id='word_1_374' title='bbox 246 4091 355 4142; x_wconf 68' lang='lat' dir='ltr'>neten</span> <span class='ocrx_word' id='word_1_375' title='bbox 367 4080 454 4140; x_wconf 84' lang='lat' dir='ltr'>misse</span> <span class='ocrx_word' id='word_1_376' title='bbox 465 4081 588 4142; x_wconf 76' lang='lat' dir='ltr'>faeiem</span> <span class='ocrx_word' id='word_1_377' title='bbox 609 4080 663 4142; x_wconf 86' lang='lat' dir='ltr'>sed</span> <span class='ocrx_word' id='word_1_378' title='bbox 676 4100 745 4142; x_wconf 84' lang='lat' dir='ltr'>cum</span> <span class='ocrx_word' id='word_1_379' title='bbox 757 4079 881 4160; x_wconf 87' lang='lat' dir='ltr'>primum</span> <span class='ocrx_word' id='word_1_380' title='bbox 892 4078 988 4156; x_wconf 85' lang='lat' dir='ltr'>alique</span> <span class='ocrx_word' id='word_1_381' title='bbox 996 4078 1104 4138; x_wconf 89' lang='lat' dir='ltr'>mentio</span> <span class='ocrx_word' id='word_1_382' title='bbox 1114 4078 1148 4138; x_wconf 84' lang='lat' dir='ltr'>fit</span> <span class='ocrx_word' id='word_1_383' title='bbox 1162 4079 1235 4138; x_wconf 87' lang='lat' dir='ltr'>Phi-</span> 
     </span>
     <span class='ocr_line' id='line_1_42' title="bbox 82 4153 1230 4253; baseline 0 -21"><span class='ocrx_word' id='word_1_384' title='bbox 82 4203 85 4210; x_wconf 92' lang='lat'>·</span> <span class='ocrx_word' id='word_1_385' title='bbox 126 4153 420 4252; x_wconf 80' lang='lat' dir='ltr'>lippicsrurirrernm,</span> <span class='ocrx_word' id='word_1_386' title='bbox 434 4173 554 4252; x_wconf 77' lang='lat' dir='ltr'>quidam</span> <span class='ocrx_word' id='word_1_387' title='bbox 564 4191 690 4253; x_wconf 85' lang='lat' dir='ltr'>surgens</span> <span class='ocrx_word' id='word_1_388' title='bbox 704 4172 786 4243; x_wconf 84' lang='lat' dir='ltr'>dicit,</span> <span class='ocrx_word' id='word_1_389' title='bbox 800 4191 904 4251; x_wconf 84' lang='lat' dir='ltr'>pacem</span> <span class='ocrx_word' id='word_1_390' title='bbox 918 4171 995 4230; x_wconf 88' lang='lat' dir='ltr'>tueri</span> <span class='ocrx_word' id='word_1_391' title='bbox 1008 4171 1136 4251; x_wconf 74' lang='lat' dir='ltr'>optabile</span> <span class='ocrx_word' id='word_1_392' title='bbox 1151 4190 1230 4244; x_wconf 82' lang='lat' dir='ltr'>esse,</span> 
     </span>
     <span class='ocr_line' id='line_1_43' title="bbox 126 4263 1232 4348; baseline -0.001 -21"><span class='ocrx_word' id='word_1_393' title='bbox 126 4277 158 4328; x_wconf 91' lang='lat' dir='ltr'>et</span> <span class='ocrx_word' id='word_1_394' title='bbox 177 4286 321 4347; x_wconf 80' lang='lat' dir='ltr'>magnum</span> <span class='ocrx_word' id='word_1_395' title='bbox 343 4266 604 4330; x_wconf 77' lang='lat' dir='ltr'>exercitumalere</span> <span class='ocrx_word' id='word_1_396' title='bbox 626 4267 794 4336; x_wconf 83' lang='lat' dir='ltr'>molestum,</span> <span class='ocrx_word' id='word_1_397' title='bbox 816 4274 847 4326; x_wconf 86' lang='lat' dir='ltr'>et</span> <span class='ocrx_word' id='word_1_398' title='bbox 867 4263 1029 4348; x_wconf 84' lang='lat' dir='ltr'>diripere</span> <span class='ocrx_word' id='word_1_399' title='bbox 1050 4265 1232 4345; x_wconf 87' lang='lat' dir='ltr'>quosdam</span> 
     </span>
     <span class='ocr_line' id='line_1_44' title="bbox 127 4357 1239 4440; baseline 0 -20"><span class='ocrx_word' id='word_1_400' title='bbox 127 4360 293 4432; x_wconf 73' lang='lat' dir='ltr'>serarium</span> <span class='ocrx_word' id='word_1_401' title='bbox 306 4358 420 4429; x_wconf 71' lang='lat' dir='ltr'>velles</span> <span class='ocrx_word' id='word_1_402' title='bbox 442 4359 556 4440; x_wconf 81' lang='lat' dir='ltr'>elinque</span> <span class='ocrx_word' id='word_1_403' title='bbox 571 4359 675 4420; x_wconf 82' lang='lat' dir='ltr'>similis</span> <span class='ocrx_word' id='word_1_404' title='bbox 687 4361 787 4433; x_wconf 77' lang='lat' dir='ltr'>rerba,</span> <span class='ocrx_word' id='word_1_405' title='bbox 808 4357 917 4438; x_wconf 85' lang='lat' dir='ltr'>quibus</span> <span class='ocrx_word' id='word_1_406' title='bbox 931 4379 984 4420; x_wconf 87' lang='lat' dir='ltr'>vos</span> <span class='ocrx_word' id='word_1_407' title='bbox 998 4367 1189 4430; x_wconf 80' lang='lat' dir='ltr'>remorentur,</span> <span class='ocrx_word' id='word_1_408' title='bbox 1200 4368 1239 4420; x_wconf 82' lang='lat' dir='ltr'>et</span> 
     </span>
     <span class='ocr_line' id='line_1_45' title="bbox 127 4443 1233 4533; baseline 0.002 -23"><span class='ocrx_word' id='word_1_409' title='bbox 127 4449 197 4514; x_wconf 88' lang='lat' dir='ltr'>huic</span> <span class='ocrx_word' id='word_1_410' title='bbox 209 4443 399 4516; x_wconf 78' lang='lat' dir='ltr'>ooessinnem</span> <span class='ocrx_word' id='word_1_411' title='bbox 406 4451 542 4533; x_wconf 73' lang='lat' dir='ltr'>prebent</span> <span class='ocrx_word' id='word_1_412' title='bbox 554 4471 609 4522; x_wconf 84' lang='lat' dir='ltr'>suo</span> <span class='ocrx_word' id='word_1_413' title='bbox 619 4452 759 4514; x_wconf 68' lang='lat' dir='ltr'>amittere</span> <span class='ocrx_word' id='word_1_414' title='bbox 773 4471 826 4532; x_wconf 88' lang='lat' dir='ltr'>per</span> <span class='ocrx_word' id='word_1_415' title='bbox 838 4450 931 4512; x_wconf 85' lang='lat' dir='ltr'>otium</span> <span class='ocrx_word' id='word_1_416' title='bbox 940 4451 1054 4530; x_wconf 82' lang='lat' dir='ltr'>quidvis</span> <span class='ocrx_word' id='word_1_417' title='bbox 1061 4449 1233 4531; x_wconf 76' lang='lat' dir='ltr'>pengendi.</span> 
     </span>
    </p>
   </div>
   <div class='ocr_carea' id='block_1_5' title="bbox 0 0 1467 4950">
    <p class='ocr_par' dir='ltr' id='par_1_7' title="bbox 0 0 1467 4950">
     <span class='ocr_line' id='line_1_46' title="bbox 0 0 1467 4950; baseline 0 0"><span class='ocrx_word' id='word_1_418' title='bbox 0 0 1467 4950; x_wconf 95' lang='lat' dir='ltr'> </span> 
     </span>
    </p>
   </div>
  </div>
 </body>
</html>
