2932 4952
211 257 272 314 aaa
492 211 1024 322 oournsaarsroenrrnrr.

714 445 810 530 LEX,
909 464 915 477 ¹

245 563 373 642 Decretum
381 593 469 642 nullum
480 608 556 654 nequo
568 599 662 642 acuatur
674 607 750 655 nequa
761 591 844 654 populi
853 555 985 640 auctoritati
997 594 1142 655 praeferatur.

213 718 351 798 Depone.
394 717 479 778 Brevi
493 718 612 776 omnino
627 727 657 780 et
670 718 747 776 facili
761 718 893 778 oratione
917 719 986 776 mihi
1008 739 1083 798 opus
1105 735 1171 779 esse
1189 729 1271 799 puto,
1284 729 1312 781 ut

213 811 379 882 ostendam,
398 811 474 868 hanc
495 829 612 888 quoque
636 810 762 889 legem
755 820 812 869 rsto
782 811 951 869 tdecreto
969 831 1035 870 esse
1048 810 1205 872 violatam.
1239 813 1312 872 Nanr

213 903 263 981 qui
281 903 396 981 leg-ibus
404 901 556 972 omnibus,
569 921 693 988 quarum
707 911 790 960 tanta
807 903 882 961 mult
884 901 966 964 itudo
988 912 1043 976 cst,
1056 903 1154 964 violat'
1134 913 1183 975 t,1s
1197 903 1312 964 decreto

213 953 369 1074 inscripsit,
390 1006 420 1055 et
443 996 562 1058 inclusit
582 1013 644 1054 rem
668 995 834 1073 quampiam
857 983 1046 1073 peculiarem,
1061 1014 1130 1061 auur
1145 995 1214 1073 quid
1236 996 1313 1055 aliud

214 1091 326 1148 facere
333 1089 522 1148 statuendum
542 1099 600 1160 est,
622 1104 711 1164 quam
739 1087 906 1166 postulare,
912 1098 946 1146 ut
966 1087 1115 1148 decretum
1135 1087 1200 1167 lege
1219 1089 1313 1167 potius

213 1181 382 1241 habeatur?
423 1180 591 1240 Ostendam
605 1192 704 1238 autem
718 1179 801 1238 vobis
815 1199 905 1250 unum
928 1191 1016 1258 atque
1038 1180 1161 1239 alterurn
1182 1191 1314 1240 senatus*¹

215 1274 397 1345 consultum,
407 1273 512 1350 quibus
522 1272 574 1330 viri
588 1271 628 1330 de
642 1272 872 1350 republica·vere
885 1271 962 1350 hehe
975 1271 1067 1332 meriti
1082 1283 1156 1332 sunt
1163 1274 1270 1344 ornati,
1283 1284 1314 1344 ut

214 1367 397 1445 intelligatis,
411 1366 497 1425 facile
511 1377 573 1424 esse
585 1383 670 1443 aqua
684 1365 820 1435 scribere,
832 1365 857 1424 si
870 1365 934 1444 quis
948 1367 986 1424 ob
1000 1365 1071 1425 illud
1090 1367 1187 1445 ipsum
1200 1356 1315 1440 scribat,

188 1513 190 1519 ,
216 1469 251 1518 ut
264 1457 350 1518 alicui
363 1457 457 1517 honos
466 1458 620 1529 habeatur,
634 1468 726 1535 utque
745 1457 770 1516 is
785 1457 813 1515 in
828 1458 916 1516 vestri
925 1457 1000 1536 juris
1014 1458 1183 1517 societatem
1196 1458 1315 1537 recipia-

216 1561 320 1623 tur„et
336 1571 395 1610 non
414 1555 467 1630 per'
481 1550 608 1629 speciem
623 1550 723 1609 talium
737 1550 881 1609 honorum
900 1549 1009 1627 aliquid
1029 1549 1153 1629 improbi
1167 1552 1269 1610 conari
1289 1562 1318 1611 et

216 1643 390 1704 malefacere
404 1643 531 1702 studeat.
573 1642 652 1720 Lege
664 1643 925 1702 senatusconsulta
944 1643 1019 1701 hacc.
1061 1643 1120 1702 Sed
1143 1661 1181 1702 ne
1199 1643 1319 1722 prolixi-

216 1745 262 1796 tas
277 1736 499 1796 auscultationis
514 1735 640 1794 molesta
652 1735 736 1794 vobis
759 1747 848 1806 esset,
870 1755 887 1795 e
909 1735 1032 1815 singulis
1056 1737 1321 1806 senatusconsultis,

217 1827 248 1886 id
262 1839 309 1888 est
321 1829 459 1902 electum,
473 1827 503 1885 in
517 1845 583 1922 quo
587 1828 677 1902 istum
692 1845 809 1888 accuso.
853 1827 943 1908 Lege.

569 2021 1047 2096 assuerusdousunrrs.
1131 2019 1133 2024 '

218 2189 346 2262 Vrdetrs,
357 2189 563 2260 Athenienses,
587 2189 691 2248 eodem
710 2186 799 2248 modo
819 2147 970 2266 scripsisse
990 2206 1101 2248 omnes.
1144 2189 1267 2264 Eadem,
1279 2193 1322 2251 ine

217 2286 291 2363 quit,
305 2283 449 2344 afficiatur
470 2299 566 2362 poena,
592 2299 660 2361 qua,
684 2281 709 2340 si
734 2281 943 2344 Atheniensem
963 2280 1140 2350 occidisset;
1162 2283 1261 2343 valere
1281 2285 1323 2348 illi

217 2388 351 2458 receptas
364 2378 446 2454 leges
465 2387 577 2434 vestras
592 2376 700 2445 sinunt,
716 2373 893 2451 easdemque
907 2373 1128 2451 magnifaciunt,
1142 2393 1210 2434 cum
1229 2377 1323 2436 horso*

217 2471 330 2530 riiicurn
342 2485 408 2529 esse
419 2469 595 2543 existiment,
610 2469 769 2533 earundem
788 2466 876 2534 alicui
894 2467 944 2546 jus
959 2467 1107 2545 impertiri.
1148 2469 1244 2529 Aliter
1254 2473 1323 2531 Ari-

217 2573 372 2635 stocrates,
391 2562 441 2641 qui
461 2563 515 2623 has
532 2579 708 2640 quocunque
722 2559 810 2618 modo
830 2569 939 2637 potest,
953 2560 1123 2620 contemnit
1167 2561 1219 2621 Sic
1233 2559 1325 2636 certe}

219 2656 302 2734 quasi
329 2654 375 2712 hae
398 2654 506 2714 nullius
531 2647 614 2732 pretii
641 2653 708 2727 sint,
725 2651 874 2732 peculiare
898 2651 1007 2730 aliquid
1029 2653 1155 2712 scribere
1179 2654 1323 2716 institnit:

220 2755 308 2826 atque
334 2745 407 2804 illud
431 2765 547 2824 quoque
571 2766 689 2818 munus,
711 2765 769 2823 quo
798 2744 916 2803 civitate
943 2743 1156 2814 ‚Charidemum
1180 2747 1323 2825 donastis,

219 2847 370 2899 extenuat.
411 2839 488 2897 Nam
512 2838 561 2916 qui
585 2836 734 2917 sic,'quasi
748 2857 800 2904 ros
826 2837 883 2904 hoc
905 2836 932 2902 ei
953 2837 1089 2896 tribuisse
1114 2859 1174 2898 non
1192 2843 1324 2908 contenti

165 2921 166 2926 ἵ
216 2934 304 3012 plura
317 2932 405 3007 etiam
419 2931 563 3003 debeatis,
574 2930 648 2988 illud
669 2950 785 3016 quoque
808 2929 926 3008 adjecit,
941 2939 1073 3008 oportere
1095 2933 1250 3010 providere
1263 2955 1325 3005 ros,

217 3036 253 3084 ut
266 3024 307 3084 illi
317 3023 457 3105 quicquid
470 3023 551 3094 libet,
561 3023 679 3100 impune
691 3023 787 3092 liceat,
797 3041 893 3091 nonne
903 3021 933 3082 id
948 3021 1064 3088 molitur
1073 3024 1150 3100 quod
1165 3045 1223 3103 ego
1237 3027 1325 3086 dieo?

223 3167 227 3174 .
260 3120 310 3179 24.
332 3117 437 3198 Neque
452 3135 520 3174 vero
533 3115 645 3194 ignora
660 3114 866 3187 Athenienses,
883 3112 1036 3172 decretum
1055 3114 1113 3175 hoe
1132 3116 1251 3194 legibus
1265 3141 1325 3179 non

217 3210 316 3291 palam
330 3229 396 3270 esse
410 3207 597 3279 contrarium,
610 3207 841 3285 haudquaquam
862 3217 1050 3271 ostensurum
1074 3228 1139 3268 esse
1160 3209 1326 3274 Aristocra-

218 3312 299 3363 tem:
322 3302 376 3360 sed
399 3299 472 3360 illud
476 3300 576 3378 ,quod
591 3310 638 3360 est
651 3299 779 3358 omniurn
802 3299 1024 3378 iniquissimum,
1038 3300 1119 3378 quod
1140 3301 1171 3360 in
1191 3313 1256 3364 toto
1275 3307 1328 3367 de-

219 3403 311 3464 cret,o
328 3391 425 3453 causae
437 3392 607 3465 dicendae,'
600 3413 629 3451 rn
652 3392 703 3452 tali
726 3392 856 3464 crimine,
869 3402 1045 3471 potestatem
1064 3414 1211 3473 nusquam
1234 3397 1328 3474 dedit,
1397 3445 1401 3452 .

221 3487 366 3584 surripere
381 3487 542 3545 conabitur.
586 3485 633 3544 De
648 3505 706 3562 quo
725 3503 781 3563 ego
805 3483 899 3543 multa
917 3483 987 3543 mihi
1000 3487 1090 3545 verba
1111 3505 1178 3546 csse
1191 3489 1331 3550 facienda

181 3570 186 3576 ⁸
218 3579 280 3641 non
303 3579 395 3658 puto:
417 3597 483 3636 curn
504 3565 625 3658 exejus
648 3573 767 3636 decreto
793 3575 943 3635 evidenter
964 3577 1073 3656 possim
1098 3581 1269 3656 ostendere,
1291 3604 1331 3644 na

218 3675 315 3754 ipsum
335 3670 454 3750 quidem
468 3669 645 3753 existimare,
659 3669 749 3728 ullam
762 3669 850 3773 hujus
873 3665 1000 3728 criminis
1021 3689 1070 3728 reo
1085 3669 1149 3729 dari
1165 3693 1269 3734 causae
1284 3676 1330 3736 di-

219 3761 321 3828 cendae
337 3770 434 3866 potest
422 3773 522 3850 tatem.
566 3755 687 3842 Scripsit
702 3762 788 3834 euim,
810 3762 843 3821 si
863 3761 948 3842 quis
970 3763 1173 3824 occiderit
1195 3767 1331 3827 Chari-

219 3853 367 3944 demum,
390 3843 469 3917 euni
491 3855 789 3944 abduciliceat;
815 3873 918 3932 quem
951 3855 980 3913 si
1009 3855 1094 3934 quis
1127 3859 1336 3940 eripuerit,

219 3951 302 4014 sive
330 3951 423 4010 civis
448 3938 529 4008 sive
554 3949 753 4029 privatae,
764 3938 972 4006 foederibus
997 3946 1242 4011 excludatur:
1267 3973 1332 4020 non

219 4045 245 4106 si
259 4039 509 4122 ereptumjudicio
524 4061 582 4101 non
596 4041 710 4110 stiterit,
727 4041 780 4099 sed
796 4039 914 4100 omnino
929 4035 1040 4100 statim
1083 4041 1213 4145 Atqui
1189 4063 1214 4102 ει
1228 4065 1334 4106 causae

220 4135 379 4206 dictionem
394 4134 487 4207 d‘aret,
501 4145 553 4209 aut
567 4131 683 4194 saltem
685 4151 745 4194 non
764 4131 892 4204 tolleret,
906 4141 970 4191 tum
988 4150 1104 4210 poenam
1118 4133 1148 4191 in
1163 4147 1333 4198 assertores

221 4226 381 4296 statuisset,
392 4246 458 4284 curn
472 4245 538 4285 eum
553 4245 639 4305 quem
654 4225 831 4305 eripuissent
838 4223 952 4306 judicio
966 4244 1024 4285 non
1039 4225 1195 4287 stitissent.

157 4351 162 4356 -
262 4323 312 4378 25.
334 4317 468 4377 Arbitror
474 4328 615 4396 praeterea
625 4311 697 4377 illud
709 4333 826 4396 quoque
837 4317 993 4390 dicturum,
1008 4328 1038 4378 et
1051 4317 1107 4378 hac
1121 4315 1211 4398 parte
1220 4313 1332 4388 obnixe

204 4412 359 4476 'daturum
385 4429 514 4490 operam,
534 4409 691 4473 utssfucum
714 4411 797 4471 vobis
818 4410 918 4485 faciat,
938 4409 1053 4506 irritum
1070 4431 1138 4489 essa
1160 4413 1331 4487 decretum,

1032 4511 1042 4546 f
