2932 4952
226 203 285 270 dii
309 305 311 310 Ι
510 212 677 273 CONTRA
698 213 1038 274 ARISTOCRATEM.

183 357 199 436 ¹*
225 382 253 412 ex
265 365 400 414 narmtrcne
433 365 492 413 Com
502 371 577 413 autern
587 366 690 414 futurum
699 373 748 414 crat
758 373 783 413 nt
793 366 884 414 auditor
893 365 1043 420 Chersoneso
1052 365 1175 420 nominata,
1187 365 1265 412 statiis
1280 379 1322 426 pc·

224 443 351 490 ιιιιιιιιιιιιι
358 451 408 490 erat
415 442 700 512 argumentapersectrora
707 442 741 489 rhr
749 443 880 504 ingrenaet
888 444 964 504 sugam
976 441 1160 497 (ιιιιιιιιιιιιιιι,Ι
1140 457 1175 488 ers
1183 443 1320 488 electionem

224 520 273 574 dat,
285 527 361 568 atrum
373 521 459 568 vellent
476 519 575 580 primurn
585 519 615 564 de
625 505 729 579 legitimo
740 520 831 576 audire,
838 535 866 566 an
878 519 908 565 de
920 522 994 579 justo,
1003 533 1031 566 an
1043 520 1072 566 de
1084 519 1143 565 ιιιιΙι.
1175 518 1223 564 Sed
1233 533 1289 565 curn
1299 517 1321 563 ei

222 595 442 656 bgitimumtortius
450 602 508 650 erat,
515 603 539 642 et
550 594 690 646 accusationi
700 595 840 655 proximius,
850 588 904 642 ideo
915 595 1070 642 necessarium
1078 593 1222 654 existimarit
1232 594 1320 640 eolccc
1383 600 1385 604 ’

222 673 323 734 primam
342 673 385 720 nti.
417 671 559 733 Jamigircr,
568 671 609 720 vei
620 671 685 732 qnasi
695 687 740 719 non
750 673 922 720 contradicente
935 673 1048 760 apditore,
1058 673 1097 719 vel
1110 671 1275 733 expostulante
1286 669 1320 716 ita

222 749 345 818 diciJnxta
353 756 457 798 tenorem
468 747 633 804 accusationis,
641 748 673 795 ait
683 749 831 812 [inlegitima
840 749 911 796 vultis
920 747 1037 812 primnm'
1056 751 1092 795 De
1101 749 1144 794 hcc
1153 749 1266 794 dicemus.
1290 747 1320 792 Et

222 841 276 876 cnm
288 826 409 878 videretur
424 841 492 890 pone
509 823 581 886 objici
592 841 621 871 ex
631 825 693 886 iege,
703 825 817 888 hospitem
826 841 879 874 esse
891 825 1062 914 Charidemum,
1070 831 1093 870 et
1104 824 1193 872 idcirco
1205 840 1228 869 er
1220 823 1319 869 decre-

222 910 271 950 tnnr
282 919 336 952 essa
346 903 487 964 peculim
499 903 612 964 quendam
622 901 751 949 honorem
743 918 768 948 rc
779 903 897 963 rogatione
912 901 990 966 (leges
1002 899 1063 948 enim
1074 901 1105 946 de
1120 901 1184 948 caede
1196 889 1255 946 latas
1266 913 1318 946 esse
1384 890 1391 904 '

222 984 302 1026 contra
307 978 492 1042 οι,ιιι)ιιιοοιιιι
500 979 528 1025 ad
540 977 677 1028 solutionem
690 979 833 1040 objectorum
845 994 905 1051 opus
917 986 966 1026 erat
977 977 1155 1038 praeparatione,
1165 973 1319 1039 qnaanditori

145 1037 158 1062 Χ
221 1059 330 1120 probam
341 1066 364 1108 et
373 1058 448 1108 civem
460 1073 512 1109 aare
522 1055 709 1121 [Charidemum]
717 1066 742 1106 ct
752 1057 815 1106 de
794 1073 846 1106 cruc
857 1045 957 1106 habitem
968 1057 1103 1106 oraticnem.

521 1331 1019 1374 :w

411 1605 458 1640 «
548 1561 986 1650 onnossnnurs
1059 1499 1062 1504 ⁵

351 1769 635 1878 wuournn
678 1773 1158 1879 Aaronoonnrnn

633 2009 637 2014 -
667 1973 866 2038 ORATIO.

255 2137 282 2193 l.
304 2132 402 2193 Narro
412 2141 552 2206 vestrum,
563 2130 767 2203 Athenienses,
777 2143 862 2211 putet
871 2151 917 2192 me
931 2133 1049 2193 vetolio
1062 2135 1315 2213 privatoodioad-·

137 2259 141 2276 ·
215 2225 451 2304 ductumvenire
473 2225 512 2284 ad
534 2225 744 2284 Anstccratem
758 2223 970 2296 accusandum,
984 2226 1032 2284 vel
1043 2245 1110 2285 cum
1124 2237 1248 2306 parvum
1263 2232 1314 2290 ali·

216 2319 297 2396 quod
312 2318 418 2378 atlete
433 2317 572 2378 delictum
585 2313 709 2390 videam,
723 2323 840 2396 propter
854 2317 926 2376 illud
940 2317 1016 2403 adeo
1034 2329 1168 2398 paratum
1191 2343 1256 2384 esse
1277 2325 1314 2384 ad

214 2410 380 2472 inimicitias
391 2409 608 2488 suscipiendas:
625 2409 688 2482 sed,
703 2407 727 2468 si
740 2409 828 2468 modo
839 2429 936 2468 meum
948 2408 1145 2486 mejudicium
1157 2434 1217 2474 non
1228 2416 1313 2487 fallit,

213 2501 245 2561 in
256 2501 315 2564 hcc
329 2520 415 2562 omne
425 2520 521 2574 meum
535 2499 663 2560 studium
677 2501 828 2572 incumbit,
841 2512 875 2560 ιιι
887 2501 1104 2562 Chersonesum
1117 2491 1224 2570 secure
1233 2511 1311 2577 tene-

216 2595 283 2667 atis,
297 2611 392 2671 neque
405 2591 698 2670 phaleratisdecepti
710 2592 806 2651 verbis
819 2610 921 2652 rursus
945 2611 982 2651 ea
1001 2594 1174 2672 spoliamini.
1217 2599 1314 2662 Decet

214 2685 303 2764 igitur
314 2701 417 2752 omnes
430 2702 493 2757 vos,
507 2684 532 2742 si
551 2683 615 2742 haec
636 2691 715 2742 recte
735 2701 914 2764 cognoscere
928 2683 1043 2757 valetis,
1057 2696 1088 2744 et
1107 2706 1126 2746 e
1143 2695 1311 2772 praecripto

213 2775 343 2856 legum
328 2775 556 2839 controversiam
570 2795 638 2834 vere
652 2775 822 2854 dijudicare,
839 2796 898 2846 non
920 2786 1036 2835 tantum
1056 2779 1166 2858 scripta
1186 2783 1215 2840 in
1230 2803 1311 2844 sena-

214 2869 400 2933 tusconsulto
419 2869 510 2928 verba
528 2867 724 2938 considerare,
740 2869 793 2928 sed
807 2869 894 2928 etiam
915 2857 986 2948 quid
999 2881 1172 2932 eventurum
1191 2875 1262 2936 inde
1276 2879 1311 2939 sit

212 2961 376 3042 providere.
419 2959 547 3032 Nam,
523 2979 549 3020 cr
570 2980 600 3019 rc
619 2960 719 3020 statim
744 2960 845 3022 audita
867 2960 981 3020 callidae
1005 2963 1237 3029 machinationes
1251 2972 1310 3034 ani-

212 3053 356 3113 madverti
368 3052 542 3131 potuissent,
553 3069 695 3130 principio
706 3052 831 3111 sonasse
839 3051 956 3131 decepti
964 3072 1023 3112 non
1031 3057 1152 3116 essetis
1166 3063 1309 3138 quievero

212 3145 270 3205 hoc
280 3163 340 3204 non
352 3145 504 3204 minimum
512 3139 663 3203 artificium
673 3153 718 3202 est
727 3144 919 3223 quorundam,
931 3145 972 3204 ita
983 3155 1013 3205 et
1023 3147 1119 3206 dicere
1131 3159 1164 3209 et
1178 3155 1309 3232 scribere,

213 3245 249 3296 ut
261 3256 314 3296 vos
327 3237 454 3296 latentes
468 3234 588 3294 insidias
611 3229 728 3293 minime
747 3235 930 3314 perspicietis
945 3246 996 3296 aut
1011 3241 1150 3314 caveatis,
1164 3263 1224 3302 non
1239 3249 1309 3308 adeo

211 3326 318 3388 mirum
331 3327 423 3387 videri
436 3307 569 3398 debet,
546 3346 571 3386 ιι
584 3326 671 3386 ctiam
680 3326 737 3386 hoc
746 3325 898 3386 decretum
908 3347 963 3386 nos
971 3327 1162 3409 itascriptum
1172 3340 1308 3400 ostende-

212 3437 290 3491 mus,
303 3428 347 3491 ut,
360 3435 429 3480 cum
444 3418 613 3480 Charidemi
628 3418 751 3478 salntem
764 3418 840 3478 tueri
851 3403 995 3492 videatur,
1009 3421 1309 3511 Chersonesumque

211 3521 313 3573 revera
326 3519 370 3571 est
377 3514 488 3585 justum
499 3520 530 3569 ut
541 3509 656 3570 firmum
670 3510 742 3589 reip.
752 3509 933 3588 presidium,
946 3512 1031 3570 nobis
1045 3515 1159 3592 eripiat.

252 3605 283 3662 2
304 3603 376 3663 Jnre
389 3612 496 3672 autern,
511 3602 717 3673 Athenienses,
731 3601 801 3661 mihi
822 3619 940 3680 operam
964 3603 1040 3662 hanc
1064 3605 1182 3683 dabitis,
1210 3623 1244 3672 nt
1267 3635 1309 3675 me

212 3693 359 3756 dicentem
374 3714 443 3758 cum
455 3693 663 3753 benevolentia
672 3693 809 3753 audiatis.
852 3693 931 3762 Quia
945 3694 1021 3752 enim
1032 3713 1099 3775 ego,
1114 3717 1175 3759 non
1189 3722 1268 3764 unus
1278 3725 1310 3765 ex

210 3788 461 3848 illorum'numero
476 3785 526 3864 qui
547 3785 629 3845 vobis
652 3785 819 3858 obturbant,
842 3783 937 3864 neque
960 3785 1060 3869 rursus
1081 3789 1188 3850 horum
1212 3797 1309 3874 quiin

211 3880 342 3958 gerenda
353 3879 651 3959 republicamagnam
666 3876 744 3956 apud
757 3896 809 3938 vos
823 3877 933 3944 hahent
945 3860 1157 3954 auctoritatem,
1172 3903 1237 3947 rem
1247 3899 1308 3951 tan·

211 3982 272 4032 tam
294 3991 359 4032 esse
379 3983 476 4032 actam
489 3981 675 4031 ostensurum
693 3989 759 4028 erse
775 3989 822 4028 me
841 3971 988 4048 profiteor,
1002 3988 1066 4044 vos,
1079 3974 1104 4030 si
1118 3993 1166 4036 me
1187 3981 1289 4056 quod
1281 4002 1308 4040 ιιι

211 4063 300 4123 vobis
308 4075 352 4125 est
361 4064 505 4155 juveritis,
521 4069 690 4140 attenteque
705 4061 863 4134 audieritis,
876 4071 938 4120 tum
949 4062 1049 4136 hanc
1041 4083 1134 4142 ipsam
1149 4072 1254 4136 nemin
1269 4074 1307 4131 in-

210 4164 326 4234 tegrum
344 4143 510 4242 restituetis,
522 4163 587 4213 tum
605 4153 716 4212 animos
735 4147 850 4212 addetis
864 4153 978 4242 catena,
989 4164 1022 4212 ut
1023 4157 1141 4234 ,siquid
1156 4161 1244 4221 etiam
1259 4173 1316 4224 ιιιι·

210 4257 305 4308 strum
327 4246 429 4324 aliquis
454 4266 486 4305 se
506 4245 673 4348 reipublicae
688 4243 833 4326 prodesse
855 4265 943 4325 posse
965 4247 1083 4324 putarit,
1096 4250 1237 4313 facereid
1252 4275 1304 4316 non

191 4363 197 4376 ⁴
213 4348 368 4418 gravatur:
389 4338 505 4415 putabit
517 4348 625 4409 autem,
640 4357 664 4396 ar
657 4335 854 4400 audientiam
877 4339 1031 4417 impetrare
1046 4343 1159 4408 anobis
1173 4365 1232 4410 uon
1245 4367 1303 4408 esse
