2912 4946
199 247 259 319 roe
471 247 515 314 ru
537 249 781 350 onerosior·
799 245 920 316 nune
940 253 983 315 vr
1005 253 1049 316 1..
1089 279 1093 284 -

198 421 289 484 meur,
314 409 352 472 de
391 409 638 472 discreturum
667 410 774 473 somus
805 413 1000 493 questionem
1020 409 1135 478 ‘honere
1163 411 1311 488 sciuisse,

199 503 300 566 vitam
313 511 383 586 post
393 502 541 584 judicium
555 503 699 565 nudamur
713 521 779 564 esso
791 504 999 580 instrumento,
1013 505 1092 567 versiax
1101 506 1246 589 exceptis,
1260 507 1312 568 ut'r

199 604 323 672 constet,
338 613 413 676 cepe
427 595 593 658 testimonis
606 605 637 658 et
650 597 726 678 lega.

614 817 883 882 TESTIMONIA.

240 965 290 1024 10.
312 961 377 1023 Etsi
400 961 499 1024 autem
514 981 570 1044 ego
591 973 636 1024 tot
658 967 839 1044 argumentis
862 967 949 1042 nitor,
970 965 1083 1029 Onetor
1100 977 1200 1029 nmen
1213 969 1262 1030 vel
1275 969 1311 1030 in

197 1053 298 1134 primis
316 1054 381 1136 ipse
394 1055 526 1117 ostendit
538 1056 667 1118 simulari
680 1057 849 1121 divortium.
892 1059 990 1131 Quem
1003 1062 1082 1124 enim
1095 1081 1150 1142 par
1163 1072 1238 1137 erat,
1252 1081 1312 1123 uu·

197 1158 310 1212 mereto
325 1147 406 1223 dote,
419 1158 453 1210 ut
465 1148 528 1229 ipse
543 1149 594 1225 ait,
603 1149 729 1213 moleste
741 1149 828 1226 istro,
844 1171 875 1216 oe
884 1171 938 1234 pro
948 1166 1074 1235 argento
1083 1164 1314 1224 controversam

196 1240 343 1336 prredium
356 1242 496 1321 recipere,
510 1242 546 1314 is,
559 1262 621 1304 nou
634 1243 865 1308 utadverserius
876 1237 930 1306 aut
939 1257 973 1306 ut
983 1246 1108 1310 affectus
1122 1247 1244 1327 injuria,
1254 1249 1313 1310 sed

198 1343 233 1394 ut
245 1331 504 1414 conjunctissimus
515 1334 658 1408 omnium,
672 1335 829 1414 injudicio
842 1347 1005 1400 contremo
1020 1327 1058 1400 ab
1072 1338 1125 1400 ilio
1139 1340 1234 1400 stetit.
1254 1341 1316 1402 »Ac

197 1445 246 1486 rue
260 1426 311 1486 ilio
322 1425 456 1507 adjutore
469 1425 607 1486 fraudare
621 1427 796 1506 patrimonio
809 1428 947 1501 instituit,
963 1440 1107 1509 quantum
1122 1431 1153 1492 ie
1167 1433 1234 1512 ipso
1243 1433 1315 1512 qui,-
1340 1431 1342 1436 ’
1452 1453 1453 1484 1

198 1518 267 1579 dem
290 1518 356 1594 init,
381 1537 399 1579 a
423 1536 484 1598 quo
504 1517 587 1578 nulla
610 1517 637 1578 ei
657 1537 789 1596 unquam
807 1529 872 1582 orta
890 1521 988 1583 iuerat
1000 1523 1126 1604 injuriat
1146 1525 1315 1604 ephebum

198 1620 309 1684 autem,
323 1629 410 1692 quem
432 1603 561 1672 alienum
585 1629 604 1670 a
624 1628 657 1672 se
674 1610 808 1688 judicare
826 1612 967 1689 debebat,
982 1614 1007 1676 si
1028 1614 1100 1695 qnid
1123 1633 1226 1676 eorum
1241 1635 1315 1697 prm

198 1718 278 1766 nuuc
288 1703 391 1764 dicunt
399 1717 501 1764 rerum
512 1712 602 1778 esset,
613 1703 685 1765 meis
699 1704 805 1784 opibus
812 1705 936 1787 adjectis
943 1705 1175 1788 collocupletare
1183 1710 1318 1784 studuit,

198 1811 297 1876 neque
308 1796 357 1858 hio
371 1796 468 1858 solum
478 1795 510 1857 id
519 1796 599 1870 iecit,
608 1796 668 1880 'sed
679 1796 741 1857 lata
749 1797 813 1878 jam
824 1798 983 1872 sententia,
994 1817 1160 1864 conscenso
1171 1802 1318 1882 pretorio
1453 1835 1454 1886 3

199 1889 325 1972 supplex
339 1891 443 1976 erubet
455 1899 486 1954 et
499 1889 702 1952 obtestabatur
710 1889 828 1971 judices
842 1911 912 1956 enm
923 1892 995 1954 fletu
1006 1902 1040 1956 et
1051 1893 1182 1974 ploratu,
1195 1895 1318 1975 tuleuto

198 1982 281 2044 litem
293 1991 327 2044 ut
339 1983 531 2056 estimarent,
546 1991 636 2062 atque
649 1983 714 2064 ipse
728 1999 901 2064 sponsorem
915 1985 979 2066 ejus
993 2003 1025 2048 so
1036 1984 1189 2048 offerebat
1234 1987 1315 2056 Qum

199 2074 317 2136 tametsi
330 2075 431 2136 multis
444 2074 539 2136 modis
549 2082 697 2148 constent,
706 2093 777 2137 uam
789 2084 821 2138 et
830 2077 881 2156 qui
895 2086 959 2138 tum
969 2077 1001 2137 in
1014 2077 1154 2158 pretorio
1162 2077 1215 2158 jus
1230 2078 1317 2140 dices

198 2168 283 2240 bunt,
303 2176 334 2232 et
355 2169 406 2248 qni
430 2167 549 2230 aliunde
572 2167 704 2241 ederant,
724 2169 892 2251 complures
909 2189 946 2232 sa
965 2178 1093 2241 noruatr
1119 2169 1319 2234 nihilomiuus

199 2272 299 2326 tamen
311 2263 395 2326 vobis
407 2263 498 2324 ctiam
511 2272 603 2326 testes
614 2262 772 2326 adducam.
815 2263 896 2343 Cape
910 2263 968 2324 hoe
982 2262 1194 2334 testimonium,
1312 2319 1316 2326 .

508 2523 512 2529 ·
596 2475 916 2582 Tusssmouruuu

127 2657 133 2669 ·
244 2628 293 2686 ll.
315 2626 363 2688 Ad
373 2627 448 2703 hec,
461 2627 593 2703 iudices,
606 2625 717 2708 magno
728 2626 839 2690 iudicio
851 2626 938 2688 iaciie
949 2625 1149 2708 cognoscitur,
1157 2625 1316 2708 mulierem

200 2735 302 2779 revera
314 2718 405 2780 inisse
418 2719 668 2782 matremfamilias
682 2739 718 2782 ec
730 2740 768 2780 ne
782 2719 872 2781 hodic
883 2719 1002 2800 quidem
1015 2711 1124 2780 iecisse
1138 2715 1311 2778 divortium.

201 2808 281 2870 Num
302 2810 368 2873 haec
382 2812 448 2893 ipsa
460 2813 575 2890 mulier,
590 2823 749 2892 antequam
770 2812 809 2872 ad
830 2812 988 2891 Aphoburn
1001 2811 1124 2884 veniret,
1138 2831 1199 2870 uec
1220 2829 1317 2872 enum

201 2902 281 2966 diem
303 2905 394 2968 vidua
417 2906 499 2976 vixit,
515 2906 570 2964 sed
593 2905 727 2966 madente
751 2905 915 2964 Timocrate
935 2904 975 2964 ad
997 2903 1082 2962 illum
1105 2922 1138 2964 se
1163 2903 1313 2964 contulit:

200 3016 281 3058 nunc
293 3015 364 3058 vero
378 2998 504 3056 triennio
522 3001 586 3055 toto
604 2996 654 3056 alii
673 2995 774 3074 nupsit
796 2995 907 3055 nemini
923 2993 1045 3054 scilieet.
1086 2995 1129 3054 At
1146 3013 1216 3056 eam
1239 3007 1314 3070 tum,

150 3123 156 3135 ·
200 3088 313 3152 treviri
336 3086 551 3150 consuetudine
572 3095 695 3159 careret,
709 3103 729 3146 a
743 3087 850 3146 merito
870 3085 909 3146 ad
923 3087 1061 3147 maritum
1076 3105 1108 3147 se
1131 3086 1315 3156 contulisset

200 3201 292 3256 nunc,
307 3181 332 3242 si
344 3200 445 3254 revere
457 3177 637 3252 discesserit,
658 3187 721 3238 tem
737 3177 858 3262 longum
878 3187 996 3260 tempus
1009 3178 1130 3240 viduam
1144 3178 1245 3240 vivere
1258 3199 1313 3246 voe

201 3274 384 3355 inisse„quis
397 3271 523 3336 credat?
543 3291 612 3334 cum
623 3281 654 3332 et
668 3270 715 3330 elii
730 3271 848 3354 nubere‘
854 3269 967 3354 liceret,
982 3282 1013 3334 et
1025 3273 1114 3332 irater
1126 3281 1227 3332 tantas
1241 3292 1315 3352 opes

200 3366 378 3448 possideret,
390 3376 422 3429 et
442 3369 508 3446 ipsa
529 3384 566 3426 ea
587 3372 667 3426 esset
684 3374 792 3444 estate„
824 3363 924 3424 Adde
936 3364 1078 3438 veritatis,
1091 3363 1229 3444 Judices,
1244 3365 1314 3452 iroec

202 3460 373 3535 abhorrent,
385 3459 553 3539 seboimque
575 3468 645 3519 suut
664 3457 740 3538 hem
780 3456 821 3516 Et
841 3457 946 3518 mulier
968 3467 1070 3538 aperte
1090 3456 1314 3520 masenceium

203 3549 260 3627 est,
273 3573 371 3633 neque
387 3571 451 3614 rem
475 3553 603 3614 obscure
622 3547 689 3612 fert.
726 3549 829 3630 ¹Atque
851 3550 927 3612 odeo
950 3549 1140 3630 Pasipheutis
1153 3551 1238 3611 vebis
1258 3571 1312 3611 ex-

203 3647 311 3709 hibebo
324 3632 534 3720 testimouium,
553 3644 687 3724 quicum
700 3663 765 3706 eam
779 3653 973 3725 mgrotautem
989 3655 1106 3704 curaret
1127 3644 1313 3706 assidentem

203 3741 231 3804 ei
244 3741 316 3802 vidit
329 3739 499 3821 Aphobnm,
511 3737 569 3799 hoc
582 3749 721 3820 prsetore,
731 3738 791 3799 hoc
800 3737 863 3819 jem
876 3737 924 3800 isti
932 3736 1045 3818 judicio
1058 3736 1182 3798 dictato.
1225 3731 1313 3820 ‘capa

173 3885 175 3890 .
204 3833 393 3917 Pasiphoutis
409 3833 620 3898 testimenium.
721 3829 724 3834 ’

597 4048 905 4114 ΤΕΒἩΜΟΝΙΠΜ.

250 4177 298 4256 ῙΞ.
320 4195 385 4278 Ego
399 4197 499 4277 igitur,
511 4181 644 4272 iudices,
658 4197 740 4278 quod
754 4207 782 4257 et
796 4205 864 4283 post
874 4179 1019 4286 judicium
1044 4193 1132 4253 istum
1154 4188 1253 4254 statim
1269 4212 1319 4253 re-

208 4289 321 4368 cepisse
334 4289 373 4350 ad
396 4309 427 4350 se
450 4291 604 4369 pecuniam
621 4291 783 4354 eu‘eedibus
802 4287 969 4371 Aphobiret
989 4297 1052 4348 tum
1074 4282 1151 4346 iilius
1165 4296 1226 4344 urm
1242 4300 1317 4346 mea

166 4405 170 4411 ·
211 4381 308 4442 omnia
320 4383 350 4443 in
364 4401 417 4442 sua
431 4371 575 4462 potestate
588 4377 749 4460 heberaei
758 4373 909 4446 mulierem
920 4401 1038 4444 manere
1048 4377 1132 4462 'apud
1140 4373 1317 4458 Aphobum,
