<?xml version="1.0" encoding="UTF-8"?>
<!DOCTYPE html PUBLIC "-//W3C//DTD XHTML 1.0 Transitional//EN"
    "http://www.w3.org/TR/xhtml1/DTD/xhtml1-transitional.dtd">
<html xmlns="http://www.w3.org/1999/xhtml" xml:lang="en" lang="en">
 <head>
  <title>
</title>
<meta http-equiv="Content-Type" content="text/html;charset=utf-8" />
  <meta name='ocr-system' content='tesseract 3.04.00' />
  <meta name='ocr-capabilities' content='ocr_page ocr_carea ocr_par ocr_line ocrx_word'/>
</head>
<body>
  <div class='ocr_page' id='page_1' title='image "./demosthenisetsc08ulpigoog/demosthenisetsc08ulpigoog_0230.png"; bbox 0 0 2946 4954; ppageno 0'>
   <div class='ocr_carea' id='block_1_1' title="bbox 409 257 1235 378">
    <p class='ocr_par' dir='ltr' id='par_1_1' title="bbox 409 257 1235 382">
     <span class='ocr_line' id='line_1_1' title="bbox 409 257 1235 378; baseline -0.008 -31"><span class='ocrx_word' id='word_1_1' title='bbox 409 365 410 368; x_wconf 4' lang='grc' dir='ltr'><strong><em>Ν</em></strong></span> <span class='ocrx_word' id='word_1_2' title='bbox 540 261 837 378; x_wconf 30' lang='lat' dir='ltr'><strong>xlus-conone.¹</strong></span> <span class='ocrx_word' id='word_1_3' title='bbox 1166 257 1235 363; x_wconf 76' lang='grc' dir='ltr'><strong>ἰιιΙ</strong></span> 
     </span>
    </p>
   </div>
   <div class='ocr_carea' id='block_1_2' title="bbox 122 434 1261 2002">
    <p class='ocr_par' dir='ltr' id='par_1_2' title="bbox 122 434 1234 1238">
     <span class='ocr_line' id='line_1_2' title="bbox 125 434 1234 519; baseline 0 -23"><span class='ocrx_word' id='word_1_4' title='bbox 125 434 268 519; x_wconf 77' lang='lat' dir='ltr'><strong>habebas,</strong></span> <span class='ocrx_word' id='word_1_5' title='bbox 281 438 363 516; x_wconf 89' lang='lat' dir='ltr'><strong>quod</strong></span> <span class='ocrx_word' id='word_1_6' title='bbox 377 438 472 518; x_wconf 84' lang='lat' dir='ltr'><strong>legem</strong></span> <span class='ocrx_word' id='word_1_7' title='bbox 490 439 706 504; x_wconf 86' lang='lat' dir='ltr'><strong>trierarcbicam</strong></span> <span class='ocrx_word' id='word_1_8' title='bbox 724 439 918 502; x_wconf 75' lang='lat' dir='ltr'><strong>labefactatis.</strong></span> <span class='ocrx_word' id='word_1_9' title='bbox 960 439 1069 500; x_wconf 86' lang='lat' dir='ltr'><strong>Verum</strong></span> <span class='ocrx_word' id='word_1_10' title='bbox 1082 456 1118 496; x_wconf 89' lang='lat' dir='ltr'><strong>ne</strong></span> <span class='ocrx_word' id='word_1_11' title='bbox 1136 435 1234 496; x_wconf 85' lang='lat' dir='ltr'><strong>alium</strong></span> 
     </span>
     <span class='ocr_line' id='line_1_3' title="bbox 125 523 1234 606; baseline -0.002 -18"><span class='ocrx_word' id='word_1_12' title='bbox 125 549 160 588; x_wconf 85' lang='lat' dir='ltr'><strong>ex</strong></span> <span class='ocrx_word' id='word_1_13' title='bbox 168 523 169 526; x_wconf 55' lang='grc'>’</span> <span class='ocrx_word' id='word_1_14' title='bbox 178 529 237 606; x_wconf 78' lang='lat' dir='ltr'><strong>alio</strong></span> <span class='ocrx_word' id='word_1_15' title='bbox 261 549 424 590; x_wconf 89' lang='lat' dir='ltr'><strong>sermonem</strong></span> <span class='ocrx_word' id='word_1_16' title='bbox 440 532 557 596; x_wconf 84' lang='lat' dir='ltr'><strong>trahens</strong></span> <span class='ocrx_word' id='word_1_17' title='bbox 572 535 609 593; x_wconf 88' lang='lat' dir='ltr'><strong>ab</strong></span> <span class='ocrx_word' id='word_1_18' title='bbox 622 533 756 593; x_wconf 90' lang='lat' dir='ltr'><strong>instituto</strong></span> <span class='ocrx_word' id='word_1_19' title='bbox 770 542 879 594; x_wconf 83' lang='lat' dir='ltr'><strong>memet</strong></span> <span class='ocrx_word' id='word_1_20' title='bbox 891 533 1046 603; x_wconf 86' lang='lat' dir='ltr'><strong>excutiam,</strong></span> <span class='ocrx_word' id='word_1_21' title='bbox 1058 530 1149 590; x_wconf 86' lang='lat' dir='ltr'><strong>missa</strong></span> <span class='ocrx_word' id='word_1_22' title='bbox 1162 529 1234 604; x_wconf 28' lang='lat' dir='ltr'><strong>haec&#39;</strong></span> 
     </span>
     <span class='ocr_line' id='line_1_4' title="bbox 125 616 1226 704; baseline -0.001 -24"><span class='ocrx_word' id='word_1_23' title='bbox 125 621 243 682; x_wconf 83' lang='lat' dir='ltr'><strong>faciam.</strong></span> <span class='ocrx_word' id='word_1_24' title='bbox 287 623 377 702; x_wconf 80' lang='lat' dir='ltr'>Atqui</span> <span class='ocrx_word' id='word_1_25' title='bbox 395 644 454 684; x_wconf 92' lang='lat' dir='ltr'><strong>non</strong></span> <span class='ocrx_word' id='word_1_26' title='bbox 469 625 521 685; x_wconf 89' lang='lat' dir='ltr'><strong>tibi</strong></span> <span class='ocrx_word' id='word_1_27' title='bbox 533 616 731 704; x_wconf 77' lang='lat' dir='ltr'><strong>¹indigentiam</strong></span> <span class='ocrx_word' id='word_1_28' title='bbox 745 625 894 700; x_wconf 85' lang='lat' dir='ltr'><strong>obstitisse</strong></span> <span class='ocrx_word' id='word_1_29' title='bbox 905 625 1061 704; x_wconf 85' lang='lat' dir='ltr'>quominus</span> <span class='ocrx_word' id='word_1_30' title='bbox 1073 619 1226 702; x_wconf 85' lang='lat' dir='ltr'><strong>pecuniam</strong></span> 
     </span>
     <span class='ocr_line' id='line_1_5' title="bbox 124 709 1226 797; baseline 0 -25"><span class='ocrx_word' id='word_1_31' title='bbox 124 714 153 772; x_wconf 91' lang='lat' dir='ltr'><strong>in</strong></span> <span class='ocrx_word' id='word_1_32' title='bbox 176 709 271 794; x_wconf 86' lang='lat' dir='ltr'><strong>remp.</strong></span> <span class='ocrx_word' id='word_1_33' title='bbox 296 715 455 791; x_wconf 81' lang='lat' dir='ltr'><strong>conserues,</strong></span> <span class='ocrx_word' id='word_1_34' title='bbox 477 737 512 777; x_wconf 84' lang='lat' dir='ltr'><strong>ex</strong></span> <span class='ocrx_word' id='word_1_35' title='bbox 525 719 572 778; x_wconf 91' lang='lat' dir='ltr'><strong>his</strong></span> <span class='ocrx_word' id='word_1_36' title='bbox 592 718 775 797; x_wconf 86' lang='lat' dir='ltr'><strong>perspicuum</strong></span> <span class='ocrx_word' id='word_1_37' title='bbox 787 727 845 792; x_wconf 83' lang='lat' dir='ltr'><strong>est,</strong></span> <span class='ocrx_word' id='word_1_38' title='bbox 857 718 909 778; x_wconf 89' lang='lat' dir='ltr'><strong>sed</strong></span> <span class='ocrx_word' id='word_1_39' title='bbox 924 716 1004 795; x_wconf 92' lang='lat' dir='ltr'><strong>quod</strong></span> <span class='ocrx_word' id='word_1_40' title='bbox 1017 715 1120 776; x_wconf 91' lang='lat' dir='ltr'><strong>sedulo</strong></span> <span class='ocrx_word' id='word_1_41' title='bbox 1140 731 1226 773; x_wconf 86' lang='lat' dir='ltr'><strong>eave·</strong></span> 
     </span>
     <span class='ocr_line' id='line_1_6' title="bbox 124 804 1227 892; baseline -0.002 -27"><span class='ocrx_word' id='word_1_42' title='bbox 124 826 180 879; x_wconf 86' lang='lat' dir='ltr'><strong>res,</strong></span> <span class='ocrx_word' id='word_1_43' title='bbox 192 827 230 866; x_wconf 92' lang='lat' dir='ltr'><strong>ne</strong></span> <span class='ocrx_word' id='word_1_44' title='bbox 246 807 319 886; x_wconf 85' lang='lat' dir='ltr'><strong>quid</strong></span> <span class='ocrx_word' id='word_1_45' title='bbox 338 810 390 868; x_wconf 88' lang='lat' dir='ltr'><strong>abs</strong></span> <span class='ocrx_word' id='word_1_46' title='bbox 411 820 440 868; x_wconf 92' lang='lat' dir='ltr'><strong>te</strong></span> <span class='ocrx_word' id='word_1_47' title='bbox 454 809 547 884; x_wconf 77' lang='lat' dir='ltr'><strong>fieret,</strong></span> <span class='ocrx_word' id='word_1_48' title='bbox 563 804 830 892; x_wconf 51' lang='lat' dir='ltr'><strong>quod&#39;iissobesset</strong></span> <span class='ocrx_word' id='word_1_49' title='bbox 850 829 975 889; x_wconf 90' lang='lat' dir='ltr'><strong>quorum</strong></span> <span class='ocrx_word' id='word_1_50' title='bbox 993 806 1111 867; x_wconf 89' lang='lat' dir='ltr'><strong>arbitrio</strong></span> <span class='ocrx_word' id='word_1_51' title='bbox 1128 805 1227 866; x_wconf 87' lang='lat' dir='ltr'><strong>omnia</strong></span> 
     </span>
     <span class='ocr_line' id='line_1_7' title="bbox 123 899 1228 998; baseline 0 -42"><span class='ocrx_word' id='word_1_52' title='bbox 123 899 153 956; x_wconf 90' lang='lat' dir='ltr'><strong>in</strong></span> <span class='ocrx_word' id='word_1_53' title='bbox 176 899 330 978; x_wconf 86' lang='lat' dir='ltr'><strong>republica</strong></span> <span class='ocrx_word' id='word_1_54' title='bbox 353 903 485 978; x_wconf 84' lang='lat' dir='ltr'><strong>gerebas.</strong></span> <span class='ocrx_word' id='word_1_55' title='bbox 507 925 509 930; x_wconf 66' lang='grc'>’</span> <span class='ocrx_word' id='word_1_56' title='bbox 533 901 567 961; x_wconf 90' lang='lat' dir='ltr'><strong>In</strong></span> <span class='ocrx_word' id='word_1_57' title='bbox 588 903 694 998; x_wconf 86' lang='lat' dir='ltr'><strong>quibus</strong></span> <span class='ocrx_word' id='word_1_58' title='bbox 714 903 803 994; x_wconf 88' lang='lat' dir='ltr'><strong>igitur</strong></span> <span class='ocrx_word' id='word_1_59' title='bbox 824 913 856 963; x_wconf 92' lang='lat' dir='ltr'><strong>tu</strong></span> <span class='ocrx_word' id='word_1_60' title='bbox 875 903 960 963; x_wconf 88' lang='lat' dir='ltr'><strong>rebus</strong></span> <span class='ocrx_word' id='word_1_61' title='bbox 977 901 1022 962; x_wconf 82' lang='lat' dir='ltr'><strong>vir</strong></span> <span class='ocrx_word' id='word_1_62' title='bbox 1042 899 1123 959; x_wconf 85' lang='lat' dir='ltr'><strong>fortis</strong></span> <span class='ocrx_word' id='word_1_63' title='bbox 1146 907 1228 958; x_wconf 91' lang='lat' dir='ltr'><strong>eset</strong></span> 
     </span>
     <span class='ocr_line' id='line_1_8' title="bbox 125 991 1226 1077; baseline 0 -25"><span class='ocrx_word' id='word_1_64' title='bbox 125 993 249 1072; x_wconf 88' lang='lat' dir='ltr'><strong>quando</strong></span> <span class='ocrx_word' id='word_1_65' title='bbox 274 996 472 1074; x_wconf 74' lang='lat' dir='ltr'><strong>magnificus?</strong></span> <span class='ocrx_word' id='word_1_66' title='bbox 513 996 571 1056; x_wconf 88' lang='lat' dir='ltr'><strong>Ubi</strong></span> <span class='ocrx_word' id='word_1_67' title='bbox 586 1007 688 1058; x_wconf 89' lang='lat' dir='ltr'><strong>contra</strong></span> <span class='ocrx_word' id='word_1_68' title='bbox 709 999 799 1060; x_wconf 89' lang='lat' dir='ltr'><strong>hosce</strong></span> <span class='ocrx_word' id='word_1_69' title='bbox 820 998 928 1077; x_wconf 88' lang='lat' dir='ltr'><strong>aliquid</strong></span> <span class='ocrx_word' id='word_1_70' title='bbox 944 991 1101 1057; x_wconf 85' lang='lat' dir='ltr'><strong>dicendum</strong></span> <span class='ocrx_word' id='word_1_71' title='bbox 1114 994 1163 1068; x_wconf 86' lang='lat' dir='ltr'><strong>sit,</strong></span> <span class='ocrx_word' id='word_1_72' title='bbox 1176 992 1226 1052; x_wconf 92' lang='lat' dir='ltr'><strong>hic</strong></span> 
     </span>
     <span class='ocr_line' id='line_1_9' title="bbox 122 1085 1226 1210; baseline 0 -66"><span class='ocrx_word' id='word_1_73' title='bbox 122 1095 155 1144; x_wconf 91' lang='lat' dir='ltr'><strong>tu</strong></span> <span class='ocrx_word' id='word_1_74' title='bbox 178 1085 356 1147; x_wconf 89' lang='lat' dir='ltr'><strong>clarissimus</strong></span> <span class='ocrx_word' id='word_1_75' title='bbox 370 1106 454 1162; x_wconf 86' lang='lat' dir='ltr'><strong>voce,</strong></span> <span class='ocrx_word' id='word_1_76' title='bbox 468 1091 624 1150; x_wconf 87' lang='lat' dir='ltr'><strong>acerrimus</strong></span> <span class='ocrx_word' id='word_1_77' title='bbox 637 1110 671 1152; x_wconf 90' lang='lat' dir='ltr'><strong>es</strong></span> <span class='ocrx_word' id='word_1_78' title='bbox 684 1093 834 1163; x_wconf 88' lang='lat' dir='ltr'><strong>memoria,</strong></span> <span class='ocrx_word' id='word_1_79' title='bbox 849 1101 930 1152; x_wconf 88' lang='lat' dir='ltr'><strong>actor</strong></span> <span class='ocrx_word' id='word_1_80' title='bbox 943 1089 1080 1170; x_wconf 90' lang='lat' dir='ltr'><strong>optimus,</strong></span> <span class='ocrx_word' id='word_1_81' title='bbox 1097 1087 1226 1210; x_wconf 85' lang='lat' dir='ltr'><strong>tragicus</strong></span> 
     </span>
     <span class='ocr_line' id='line_1_10' title="bbox 124 1177 314 1238; baseline -0.011 0"><span class='ocrx_word' id='word_1_82' title='bbox 124 1177 314 1238; x_wconf 87' lang='lat' dir='ltr'><strong>Theocriues.</strong></span> 
     </span>
    </p>

    <p class='ocr_par' dir='ltr' id='par_1_3' title="bbox 124 1261 1261 2002">
     <span class='ocr_line' id='line_1_11' title="bbox 164 1261 1261 1357; baseline 0 -29"><span class='ocrx_word' id='word_1_83' title='bbox 164 1271 218 1328; x_wconf 88' lang='grc'><strong>98.</strong></span> <span class='ocrx_word' id='word_1_84' title='bbox 239 1269 355 1330; x_wconf 85' lang='lat' dir='ltr'><strong>Deinde</strong></span> <span class='ocrx_word' id='word_1_85' title='bbox 369 1261 554 1349; x_wconf 83' lang='lat' dir='ltr'><strong>clarorum</strong></span> <span class='ocrx_word' id='word_1_86' title='bbox 528 1295 653 1348; x_wconf 75' lang='lat' dir='ltr'><strong>utrorum</strong></span> <span class='ocrx_word' id='word_1_87' title='bbox 667 1278 718 1357; x_wconf 92' lang='lat' dir='ltr'><strong>qui</strong></span> <span class='ocrx_word' id='word_1_88' title='bbox 734 1277 803 1350; x_wconf 89' lang='lat' dir='ltr'><strong>olim</strong></span> <span class='ocrx_word' id='word_1_89' title='bbox 817 1278 936 1338; x_wconf 82' lang='lat' dir='ltr'><strong>fuerunt</strong></span> <span class='ocrx_word' id='word_1_90' title='bbox 950 1277 1128 1348; x_wconf 81' lang='lat' dir='ltr'><strong>mentionem</strong></span> <span class='ocrx_word' id='word_1_91' title='bbox 1140 1271 1226 1332; x_wconf 85' lang='lat' dir='ltr'><strong>facis.</strong></span> <span class='ocrx_word' id='word_1_92' title='bbox 1258 1265 1261 1274; x_wconf 79' lang='grc'><strong>’</strong></span> 
     </span>
     <span class='ocr_line' id='line_1_12' title="bbox 125 1361 1228 1448; baseline 0.002 -28"><span class='ocrx_word' id='word_1_93' title='bbox 125 1361 169 1421; x_wconf 83' lang='lat' dir='ltr'><strong>Ac</strong></span> <span class='ocrx_word' id='word_1_94' title='bbox 182 1362 286 1442; x_wconf 90' lang='lat' dir='ltr'><strong>pulcre</strong></span> <span class='ocrx_word' id='word_1_95' title='bbox 298 1361 382 1422; x_wconf 79' lang='lat' dir='ltr'><strong>facis.</strong></span> <span class='ocrx_word' id='word_1_96' title='bbox 413 1363 624 1427; x_wconf 68' lang='lat' dir='ltr'><strong>Veruntamen</strong></span> <span class='ocrx_word' id='word_1_97' title='bbox 633 1389 819 1448; x_wconf 90' lang='lat' dir='ltr'><strong>nequaquam</strong></span> <span class='ocrx_word' id='word_1_98' title='bbox 832 1366 1228 1447; x_wconf 71' lang='lat' dir='ltr'><strong>oequumssesi,Athenienses·,</strong></span> 
     </span>
     <span class='ocr_line' id='line_1_13' title="bbox 125 1455 1227 1540; baseline 0 -26"><span class='ocrx_word' id='word_1_99' title='bbox 125 1463 272 1533; x_wconf 86' lang='lat' dir='ltr'><strong>occupata</strong></span> <span class='ocrx_word' id='word_1_100' title='bbox 290 1475 325 1514; x_wconf 89' lang='lat' dir='ltr'><strong>ea</strong></span> <span class='ocrx_word' id='word_1_101' title='bbox 342 1475 401 1534; x_wconf 87' lang='lat' dir='ltr'><strong>qua</strong></span> <span class='ocrx_word' id='word_1_102' title='bbox 414 1477 466 1516; x_wconf 91' lang='lat' dir='ltr'><strong>vos</strong></span> <span class='ocrx_word' id='word_1_103' title='bbox 488 1459 644 1520; x_wconf 84' lang='lat' dir='ltr'><strong>defunctos</strong></span> <span class='ocrx_word' id='word_1_104' title='bbox 661 1461 871 1540; x_wconf 84' lang='lat' dir='ltr'><strong>prosequimini</strong></span> <span class='ocrx_word' id='word_1_105' title='bbox 886 1460 1101 1536; x_wconf 80' lang='lat' dir='ltr'><strong>benevolentia,</strong></span> <span class='ocrx_word' id='word_1_106' title='bbox 1115 1478 1164 1516; x_wconf 90' lang='lat' dir='ltr'><strong>me</strong></span> <span class='ocrx_word' id='word_1_107' title='bbox 1176 1455 1227 1533; x_wconf 92' lang='lat' dir='ltr'><strong>qui</strong></span> 
     </span>
     <span class='ocr_line' id='line_1_14' title="bbox 124 1547 1227 1630; baseline 0.002 -26"><span class='ocrx_word' id='word_1_108' title='bbox 124 1547 276 1606; x_wconf 80' lang='lat' dir='ltr'><strong>vobiscum</strong></span> <span class='ocrx_word' id='word_1_109' title='bbox 292 1547 358 1607; x_wconf 89' lang='lat' dir='ltr'><strong>vivo</strong></span> <span class='ocrx_word' id='word_1_110' title='bbox 382 1568 449 1606; x_wconf 89' lang='lat' dir='ltr'><strong>cum</strong></span> <span class='ocrx_word' id='word_1_111' title='bbox 476 1549 533 1608; x_wconf 91' lang='lat' dir='ltr'><strong>illis</strong></span> <span class='ocrx_word' id='word_1_112' title='bbox 554 1571 730 1629; x_wconf 87' lang='lat' dir='ltr'><strong>componere</strong></span> <span class='ocrx_word' id='word_1_113' title='bbox 752 1562 782 1612; x_wconf 93' lang='lat' dir='ltr'><strong>et</strong></span> <span class='ocrx_word' id='word_1_114' title='bbox 800 1571 979 1630; x_wconf 85' lang='lat' dir='ltr'><strong>comparare.</strong></span> <span class='ocrx_word' id='word_1_115' title='bbox 1021 1550 1133 1628; x_wconf 82' lang='lat' dir='ltr'><strong>Ecquis</strong></span> <span class='ocrx_word' id='word_1_116' title='bbox 1148 1549 1227 1610; x_wconf 88' lang='lat' dir='ltr'><strong>euim</strong></span> 
     </span>
     <span class='ocr_line' id='line_1_15' title="bbox 124 1638 1228 1722; baseline 0.001 -25"><span class='ocrx_word' id='word_1_117' title='bbox 124 1638 292 1699; x_wconf 75' lang='lat' dir='ltr'><strong>mortalium</strong></span> <span class='ocrx_word' id='word_1_118' title='bbox 305 1639 410 1710; x_wconf 88' lang='lat' dir='ltr'><strong>nescit,</strong></span> <span class='ocrx_word' id='word_1_119' title='bbox 424 1638 496 1698; x_wconf 86' lang='lat' dir='ltr'><strong>vivis</strong></span> <span class='ocrx_word' id='word_1_120' title='bbox 510 1641 643 1702; x_wconf 87' lang='lat' dir='ltr'><strong>omnibus</strong></span> <span class='ocrx_word' id='word_1_121' title='bbox 664 1642 775 1720; x_wconf 86' lang='lat' dir='ltr'><strong>aliquid</strong></span> <span class='ocrx_word' id='word_1_122' title='bbox 800 1643 867 1722; x_wconf 93' lang='lat' dir='ltr'><strong>plus</strong></span> <span class='ocrx_word' id='word_1_123' title='bbox 888 1643 1023 1702; x_wconf 85' lang='lat' dir='ltr'><strong>minusve</strong></span> <span class='ocrx_word' id='word_1_124' title='bbox 1043 1657 1228 1712; x_wconf 75' lang='lat' dir='ltr'><strong>succrescere</strong></span> 
     </span>
     <span class='ocr_line' id='line_1_16' title="bbox 125 1729 1226 1813; baseline -0.001 -23"><span class='ocrx_word' id='word_1_125' title='bbox 125 1729 254 1801; x_wconf 76' lang='lat' dir='ltr'><strong>iuvidioe,</strong></span> <span class='ocrx_word' id='word_1_126' title='bbox 262 1729 295 1786; x_wconf 89' lang='lat' dir='ltr'><strong>in</strong></span> <span class='ocrx_word' id='word_1_127' title='bbox 308 1738 440 1799; x_wconf 82' lang='lat' dir='ltr'><strong>mortuos</strong></span> <span class='ocrx_word' id='word_1_128' title='bbox 453 1740 551 1790; x_wconf 89' lang='lat' dir='ltr'><strong>autem</strong></span> <span class='ocrx_word' id='word_1_129' title='bbox 564 1751 601 1791; x_wconf 89' lang='lat' dir='ltr'><strong>ne</strong></span> <span class='ocrx_word' id='word_1_130' title='bbox 610 1733 791 1793; x_wconf 90' lang='lat' dir='ltr'><strong>inimicorum</strong></span> <span class='ocrx_word' id='word_1_131' title='bbox 800 1734 920 1811; x_wconf 89' lang='lat' dir='ltr'><strong>quidem</strong></span> <span class='ocrx_word' id='word_1_132' title='bbox 930 1734 1029 1794; x_wconf 91' lang='lat' dir='ltr'><strong>odium</strong></span> <span class='ocrx_word' id='word_1_133' title='bbox 1038 1730 1226 1813; x_wconf 72' lang='lat' dir='ltr'><strong>permaneret</strong></span> 
     </span>
     <span class='ocr_line' id='line_1_17' title="bbox 126 1815 1227 1905; baseline 0.003 -24"><span class='ocrx_word' id='word_1_134' title='bbox 126 1823 202 1882; x_wconf 80' lang='lat' dir='ltr'><strong>Haec</strong></span> <span class='ocrx_word' id='word_1_135' title='bbox 216 1821 306 1900; x_wconf 84' lang='lat' dir='ltr'><strong>igitur</strong></span> <span class='ocrx_word' id='word_1_136' title='bbox 319 1839 387 1880; x_wconf 86' lang='lat' dir='ltr'><strong>oum</strong></span> <span class='ocrx_word' id='word_1_137' title='bbox 406 1815 446 1880; x_wconf 86' lang='lat' dir='ltr'><strong>ita</strong></span> <span class='ocrx_word' id='word_1_138' title='bbox 469 1821 528 1883; x_wconf 91' lang='lat' dir='ltr'><strong>sint</strong></span> <span class='ocrx_word' id='word_1_139' title='bbox 548 1833 653 1884; x_wconf 85' lang='lat' dir='ltr'><strong>natura</strong></span> <span class='ocrx_word' id='word_1_140' title='bbox 676 1836 854 1904; x_wconf 86' lang='lat' dir='ltr'><strong>comparata,</strong></span> <span class='ocrx_word' id='word_1_141' title='bbox 874 1845 942 1886; x_wconf 90' lang='lat' dir='ltr'><strong>cum</strong></span> <span class='ocrx_word' id='word_1_142' title='bbox 965 1827 1000 1887; x_wconf 92' lang='lat' dir='ltr'><strong>iis</strong></span> <span class='ocrx_word' id='word_1_143' title='bbox 1021 1819 1157 1905; x_wconf 81' lang='lat' dir='ltr'><strong>quiante</strong></span> <span class='ocrx_word' id='word_1_144' title='bbox 1178 1845 1227 1894; x_wconf 81' lang='lat' dir='ltr'><strong>me</strong></span> 
     </span>
     <span class='ocr_line' id='line_1_18' title="bbox 124 1905 1229 2002; baseline -0.001 -26"><span class='ocrx_word' id='word_1_145' title='bbox 124 1916 261 1976; x_wconf 80' lang='lat' dir='ltr'><strong>vixerunt</strong></span> <span class='ocrx_word' id='word_1_146' title='bbox 272 1932 430 1992; x_wconf 82' lang='lat' dir='ltr'><strong>componat</strong></span> <span class='ocrx_word' id='word_1_147' title='bbox 440 1933 496 1993; x_wconf 84' lang='lat' dir='ltr'><strong>ego</strong></span> <span class='ocrx_word' id='word_1_148' title='bbox 504 1923 534 1974; x_wconf 90' lang='lat' dir='ltr'><strong>et</strong></span> <span class='ocrx_word' id='word_1_149' title='bbox 543 1916 719 1994; x_wconf 76' lang='lat' dir='ltr'><strong>spectabunt</strong></span> <span class='ocrx_word' id='word_1_150' title='bbox 761 1905 903 2002; x_wconf 81' lang='lat' dir='ltr'><strong>Minime:</strong></span> <span class='ocrx_word' id='word_1_151' title='bbox 928 1937 997 1980; x_wconf 88' lang='lat' dir='ltr'><strong>nam</strong></span> <span class='ocrx_word' id='word_1_152' title='bbox 1010 1936 1106 1996; x_wconf 87' lang='lat' dir='ltr'><strong>neque</strong></span> <span class='ocrx_word' id='word_1_153' title='bbox 1112 1918 1229 1997; x_wconf 80' lang='lat' dir='ltr'><strong>justum</strong></span> 
     </span>
    </p>
   </div>
   <div class='ocr_carea' id='block_1_3' title="bbox 125 2003 1336 2089">
    <p class='ocr_par' dir='ltr' id='par_1_4' title="bbox 125 2003 1336 2089">
     <span class='ocr_line' id='line_1_19' title="bbox 125 2003 1336 2089; baseline 0.001 -21"><span class='ocrx_word' id='word_1_154' title='bbox 125 2027 221 2087; x_wconf 89' lang='lat' dir='ltr'><strong>neque</strong></span> <span class='ocrx_word' id='word_1_155' title='bbox 235 2025 355 2086; x_wconf 86' lang='lat' dir='ltr'><strong>aequum</strong></span> <span class='ocrx_word' id='word_1_156' title='bbox 369 2015 425 2081; x_wconf 87' lang='lat' dir='ltr'><strong>est,</strong></span> <span class='ocrx_word' id='word_1_157' title='bbox 444 2007 659 2079; x_wconf 85' lang='lat' dir='ltr'><strong>AEschiue‚·sed</strong></span> <span class='ocrx_word' id='word_1_158' title='bbox 672 2017 771 2070; x_wconf 82' lang='lat' dir='ltr'><strong>tecum</strong></span> <span class='ocrx_word' id='word_1_159' title='bbox 791 2019 823 2070; x_wconf 90' lang='lat' dir='ltr'><strong>et</strong></span> <span class='ocrx_word' id='word_1_160' title='bbox 842 2029 910 2070; x_wconf 88' lang='lat' dir='ltr'><strong>oum</strong></span> <span class='ocrx_word' id='word_1_161' title='bbox 923 2009 1027 2089; x_wconf 90' lang='lat' dir='ltr'><strong>quovis</strong></span> <span class='ocrx_word' id='word_1_162' title='bbox 1040 2010 1097 2070; x_wconf 86' lang='lat' dir='ltr'><strong>alio</strong></span> <span class='ocrx_word' id='word_1_163' title='bbox 1111 2003 1227 2069; x_wconf 83' lang='lat' dir='ltr'><strong>illorum</strong></span> <span class='ocrx_word' id='word_1_164' title='bbox 1330 2055 1336 2069; x_wconf 84' lang='grc'><em>,</em></span> 
     </span>
    </p>
   </div>
   <div class='ocr_carea' id='block_1_4' title="bbox 124 2093 1312 2180">
    <p class='ocr_par' dir='ltr' id='par_1_5' title="bbox 124 2093 1312 2180">
     <span class='ocr_line' id='line_1_20' title="bbox 124 2093 1312 2180; baseline 0.002 -22"><span class='ocrx_word' id='word_1_165' title='bbox 124 2100 175 2180; x_wconf 89' lang='lat' dir='ltr'><strong>qui</strong></span> <span class='ocrx_word' id='word_1_166' title='bbox 198 2109 251 2160; x_wconf 87' lang='lat' dir='ltr'><strong>tua</strong></span> <span class='ocrx_word' id='word_1_167' title='bbox 266 2098 391 2160; x_wconf 85' lang='lat' dir='ltr'><strong>consilia</strong></span> <span class='ocrx_word' id='word_1_168' title='bbox 405 2107 545 2177; x_wconf 86' lang='lat' dir='ltr'><strong>tuumque</strong></span> <span class='ocrx_word' id='word_1_169' title='bbox 559 2100 626 2166; x_wconf 72' lang='lat' dir='ltr'><strong>uitae</strong></span> <span class='ocrx_word' id='word_1_170' title='bbox 640 2121 735 2179; x_wconf 87' lang='lat' dir='ltr'><strong>genus</strong></span> <span class='ocrx_word' id='word_1_171' title='bbox 748 2111 965 2162; x_wconf 87' lang='lat' dir='ltr'><strong>consectantur.</strong></span> <span class='ocrx_word' id='word_1_172' title='bbox 986 2117 989 2124; x_wconf 92' lang='lat'>·</span> <span class='ocrx_word' id='word_1_173' title='bbox 1006 2101 1099 2160; x_wconf 84' lang='lat' dir='ltr'><strong>Simul</strong></span> <span class='ocrx_word' id='word_1_174' title='bbox 1112 2101 1142 2160; x_wconf 91' lang='lat' dir='ltr'><strong>id</strong></span> <span class='ocrx_word' id='word_1_175' title='bbox 1155 2093 1229 2162; x_wconf 67' lang='lat' dir='ltr'><strong>con-¹</strong></span> <span class='ocrx_word' id='word_1_176' title='bbox 1308 2129 1312 2137; x_wconf 94' lang='lat'><em>·</em></span> 
     </span>
    </p>
   </div>
   <div class='ocr_carea' id='block_1_5' title="bbox 78 2190 1335 2274">
    <p class='ocr_par' dir='ltr' id='par_1_6' title="bbox 78 2190 1335 2274">
     <span class='ocr_line' id='line_1_21' title="bbox 78 2190 1335 2274; baseline 0 -22"><span class='ocrx_word' id='word_1_177' title='bbox 78 2211 82 2214; x_wconf 90' lang='lat'>·</span> <span class='ocrx_word' id='word_1_178' title='bbox 125 2191 233 2270; x_wconf 79' lang='lat' dir='ltr'><strong>sidera.</strong></span> <span class='ocrx_word' id='word_1_179' title='bbox 276 2190 382 2250; x_wconf 91' lang='lat' dir='ltr'><strong>Utrum</strong></span> <span class='ocrx_word' id='word_1_180' title='bbox 391 2190 541 2252; x_wconf 87' lang='lat' dir='ltr'><strong>honestius</strong></span> <span class='ocrx_word' id='word_1_181' title='bbox 555 2212 590 2252; x_wconf 88' lang='lat' dir='ltr'><strong>ac</strong></span> <span class='ocrx_word' id='word_1_182' title='bbox 606 2194 708 2256; x_wconf 88' lang='lat' dir='ltr'><strong>melius</strong></span> <span class='ocrx_word' id='word_1_183' title='bbox 722 2195 759 2253; x_wconf 88' lang='lat' dir='ltr'><strong>sit</strong></span> <span class='ocrx_word' id='word_1_184' title='bbox 777 2193 957 2273; x_wconf 86' lang='lat' dir='ltr'><strong>reipublicae,</strong></span> <span class='ocrx_word' id='word_1_185' title='bbox 968 2202 1082 2274; x_wconf 92' lang='lat' dir='ltr'><strong>propter</strong></span> <span class='ocrx_word' id='word_1_186' title='bbox 1095 2193 1228 2264; x_wconf 80' lang='lat' dir='ltr'><strong>veterum</strong></span> <span class='ocrx_word' id='word_1_187' title='bbox 1333 2195 1335 2209; x_wconf 82' lang='grc'><strong>“</strong></span> 
     </span>
    </p>
   </div>
   <div class='ocr_carea' id='block_1_6' title="bbox 125 2285 1227 2484">
    <p class='ocr_par' dir='ltr' id='par_1_7' title="bbox 125 2285 1227 2460">
     <span class='ocr_line' id='line_1_22' title="bbox 125 2285 1227 2368; baseline 0.003 -23"><span class='ocrx_word' id='word_1_188' title='bbox 125 2285 281 2358; x_wconf 89' lang='lat' dir='ltr'><strong>beneficia,</strong></span> <span class='ocrx_word' id='word_1_189' title='bbox 296 2304 363 2362; x_wconf 79' lang='lat' dir='ltr'><strong>quse</strong></span> <span class='ocrx_word' id='word_1_190' title='bbox 384 2295 453 2346; x_wconf 88' lang='lat' dir='ltr'><strong>sunt</strong></span> <span class='ocrx_word' id='word_1_191' title='bbox 475 2286 627 2359; x_wconf 86' lang='lat' dir='ltr'><strong>immensa,</strong></span> <span class='ocrx_word' id='word_1_192' title='bbox 641 2307 696 2368; x_wconf 80' lang='lat' dir='ltr'><strong>nec</strong></span> <span class='ocrx_word' id='word_1_193' title='bbox 718 2289 813 2368; x_wconf 88' lang='lat' dir='ltr'><strong>possit</strong></span> <span class='ocrx_word' id='word_1_194' title='bbox 831 2287 888 2347; x_wconf 86' lang='lat' dir='ltr'><strong>dici</strong></span> <span class='ocrx_word' id='word_1_195' title='bbox 910 2298 1029 2368; x_wconf 80' lang='lat' dir='ltr'><strong>quanta,</strong></span> <span class='ocrx_word' id='word_1_196' title='bbox 1043 2306 1157 2365; x_wconf 85' lang='lat' dir='ltr'><strong>eaquae</strong></span> <span class='ocrx_word' id='word_1_197' title='bbox 1170 2287 1227 2358; x_wconf 82' lang='lat' dir='ltr'><strong>hac</strong></span> 
     </span>
     <span class='ocr_line' id='line_1_23' title="bbox 128 2377 1226 2484; baseline 0.004 -46"><span class='ocrx_word' id='word_1_198' title='bbox 128 2389 218 2460; x_wconf 76' lang='lat' dir='ltr'><strong>aetate</strong></span> <span class='ocrx_word' id='word_1_199' title='bbox 236 2377 453 2440; x_wconf 82' lang='lat' dir='ltr'><strong>conferuntur</strong></span> <span class='ocrx_word' id='word_1_200' title='bbox 446 2389 600 2484; x_wconf 80' lang='lat' dir='ltr'><strong>ingrato</strong></span> <span class='ocrx_word' id='word_1_201' title='bbox 584 2379 680 2440; x_wconf 87' lang='lat' dir='ltr'><strong>auimo</strong></span> <span class='ocrx_word' id='word_1_202' title='bbox 703 2391 735 2442; x_wconf 89' lang='lat' dir='ltr'><strong>et</strong></span> <span class='ocrx_word' id='word_1_203' title='bbox 758 2381 936 2444; x_wconf 86' lang='lat' dir='ltr'><strong>contumelia</strong></span> <span class='ocrx_word' id='word_1_204' title='bbox 958 2381 1128 2459; x_wconf 83' lang='lat' dir='ltr'><strong>rependere,</strong></span> <span class='ocrx_word' id='word_1_205' title='bbox 1141 2396 1179 2440; x_wconf 89' lang='lat' dir='ltr'><strong>an</strong></span> <span class='ocrx_word' id='word_1_206' title='bbox 1185 2381 1226 2442; x_wconf 87' lang='lat' dir='ltr'><strong>iis</strong></span> 
     </span>
    </p>
   </div>
   <div class='ocr_carea' id='block_1_7' title="bbox 127 2461 1334 2554">
    <p class='ocr_par' dir='ltr' id='par_1_8' title="bbox 127 2461 1334 2554">
     <span class='ocr_line' id='line_1_24' title="bbox 127 2461 1334 2554; baseline 0.007 -24"><span class='ocrx_word' id='word_1_207' title='bbox 127 2471 274 2544; x_wconf 88' lang='lat' dir='ltr'><strong>omnibus,</strong></span> <span class='ocrx_word' id='word_1_208' title='bbox 289 2469 340 2548; x_wconf 81' lang='lat' dir='ltr'><strong>qui</strong></span> <span class='ocrx_word' id='word_1_209' title='bbox 357 2471 497 2532; x_wconf 88' lang='lat' dir='ltr'><strong>benevole</strong></span> <span class='ocrx_word' id='word_1_210' title='bbox 511 2472 666 2552; x_wconf 86' lang='lat' dir='ltr'><strong>quicquam</strong></span> <span class='ocrx_word' id='word_1_211' title='bbox 681 2472 891 2554; x_wconf 82' lang='lat' dir='ltr'><strong>praestiterunt,</strong></span> <span class='ocrx_word' id='word_1_212' title='bbox 905 2461 1022 2536; x_wconf 84' lang='lat' dir='ltr'><strong>honoris</strong></span> <span class='ocrx_word' id='word_1_213' title='bbox 1042 2473 1120 2554; x_wconf 83' lang='lat' dir='ltr'><strong>apud</strong></span> <span class='ocrx_word' id='word_1_214' title='bbox 1137 2473 1228 2542; x_wconf 83' lang='lat' dir='ltr'><strong>hosce</strong></span> <span class='ocrx_word' id='word_1_215' title='bbox 1333 2529 1334 2538; x_wconf 68' lang='grc'>,</span> 
     </span>
    </p>
   </div>
   <div class='ocr_carea' id='block_1_8' title="bbox 117 2561 1319 4508">
    <p class='ocr_par' dir='ltr' id='par_1_9' title="bbox 127 2561 713 2644">
     <span class='ocr_line' id='line_1_25' title="bbox 127 2561 713 2644; baseline 0.007 -21"><span class='ocrx_word' id='word_1_216' title='bbox 127 2571 158 2624; x_wconf 91' lang='lat' dir='ltr'><strong>et</strong></span> <span class='ocrx_word' id='word_1_217' title='bbox 169 2561 361 2640; x_wconf 86' lang='lat' dir='ltr'><strong>benignitatis</strong></span> <span class='ocrx_word' id='word_1_218' title='bbox 375 2563 713 2644; x_wconf 72' lang='lat' dir='ltr'><strong>fructumjmpertirel</strong></span> 
     </span>
    </p>

    <p class='ocr_par' dir='ltr' id='par_1_10' title="bbox 117 2654 1319 4508">
     <span class='ocr_line' id='line_1_26' title="bbox 160 2654 1227 2744; baseline 0.011 -29"><span class='ocrx_word' id='word_1_219' title='bbox 160 2657 211 2715; x_wconf 90' lang='lat'><strong>99</strong></span> <span class='ocrx_word' id='word_1_220' title='bbox 234 2654 363 2729; x_wconf 88' lang='lat' dir='ltr'><strong>Atenim,</strong></span> <span class='ocrx_word' id='word_1_221' title='bbox 378 2675 403 2716; x_wconf 87' lang='lat' dir='ltr'><strong>ss</strong></span> <span class='ocrx_word' id='word_1_222' title='bbox 395 2656 482 2716; x_wconf 89' lang='lat' dir='ltr'><strong>&#39;mihi</strong></span> <span class='ocrx_word' id='word_1_223' title='bbox 494 2658 552 2718; x_wconf 86' lang='lat' dir='ltr'><strong>hoc</strong></span> <span class='ocrx_word' id='word_1_224' title='bbox 562 2678 679 2738; x_wconf 89' lang='lat' dir='ltr'><strong>quoque</strong></span> <span class='ocrx_word' id='word_1_225' title='bbox 698 2661 855 2724; x_wconf 86' lang='lat' dir='ltr'><strong>dicendum</strong></span> <span class='ocrx_word' id='word_1_226' title='bbox 869 2673 923 2737; x_wconf 84' lang='lat' dir='ltr'><strong>est,</strong></span> <span class='ocrx_word' id='word_1_227' title='bbox 937 2683 1003 2744; x_wconf 88' lang='lat' dir='ltr'><strong>mea</strong></span> <span class='ocrx_word' id='word_1_228' title='bbox 1015 2662 1086 2743; x_wconf 92' lang='lat' dir='ltr'><strong>reip.</strong></span> <span class='ocrx_word' id='word_1_229' title='bbox 1102 2662 1227 2726; x_wconf 88' lang='lat' dir='ltr'><strong>admini-</strong></span> 
     </span>
     <span class='ocr_line' id='line_1_27' title="bbox 128 2747 1227 2835; baseline 0.012 -27"><span class='ocrx_word' id='word_1_230' title='bbox 128 2747 259 2808; x_wconf 80' lang='lat' dir='ltr'><strong>straudae</strong></span> <span class='ocrx_word' id='word_1_231' title='bbox 272 2749 347 2808; x_wconf 89' lang='lat' dir='ltr'><strong>ratio</strong></span> <span class='ocrx_word' id='word_1_232' title='bbox 360 2766 517 2828; x_wconf 85' lang='lat' dir='ltr'><strong>meumque</strong></span> <span class='ocrx_word' id='word_1_233' title='bbox 532 2752 710 2828; x_wconf 86' lang='lat' dir='ltr'><strong>institutum,</strong></span> <span class='ocrx_word' id='word_1_234' title='bbox 725 2755 829 2835; x_wconf 87' lang='lat' dir='ltr'><strong>siquis</strong></span> <span class='ocrx_word' id='word_1_235' title='bbox 842 2749 923 2818; x_wconf 82' lang='lat' dir='ltr'><strong>recte</strong></span> <span class='ocrx_word' id='word_1_236' title='bbox 935 2757 1110 2832; x_wconf 84' lang='lat' dir='ltr'><strong>consideret,</strong></span> <span class='ocrx_word' id='word_1_237' title='bbox 1127 2779 1227 2820; x_wconf 91' lang='lat' dir='ltr'><strong>eorum</strong></span> 
     </span>
     <span class='ocr_line' id='line_1_28' title="bbox 126 2840 1228 2929; baseline 0.011 -29"><span class='ocrx_word' id='word_1_238' title='bbox 126 2841 180 2919; x_wconf 87' lang='lat' dir='ltr'><strong>qui</strong></span> <span class='ocrx_word' id='word_1_239' title='bbox 194 2853 257 2898; x_wconf 92' lang='lat' dir='ltr'><strong>tum</strong></span> <span class='ocrx_word' id='word_1_240' title='bbox 269 2840 465 2901; x_wconf 86' lang='lat' dir='ltr'><strong>laudabantur</strong></span> <span class='ocrx_word' id='word_1_241' title='bbox 478 2841 613 2904; x_wconf 78' lang='lat' dir='ltr'><strong>institutis</strong></span> <span class='ocrx_word' id='word_1_242' title='bbox 627 2859 858 2909; x_wconf 85' lang='lat' dir='ltr'><strong>cousentaneum</strong></span> <span class='ocrx_word' id='word_1_243' title='bbox 871 2869 935 2910; x_wconf 90' lang='lat' dir='ltr'><strong>esse</strong></span> <span class='ocrx_word' id='word_1_244' title='bbox 944 2849 1080 2926; x_wconf 88' lang='lat' dir='ltr'><strong>idemque</strong></span> <span class='ocrx_word' id='word_1_245' title='bbox 1094 2862 1228 2929; x_wconf 88' lang='lat' dir='ltr'><strong>spectare</strong></span> 
     </span>
     <span class='ocr_line' id='line_1_29' title="bbox 124 2932 1226 3025; baseline 0.012 -33"><span class='ocrx_word' id='word_1_246' title='bbox 124 2932 325 3012; x_wconf 85' lang='lat' dir='ltr'><strong>reperietur,</strong></span> <span class='ocrx_word' id='word_1_247' title='bbox 310 2944 393 2994; x_wconf 87' lang='lat' dir='ltr'><strong>tuum</strong></span> <span class='ocrx_word' id='word_1_248' title='bbox 407 2944 503 2996; x_wconf 81' lang='lat' dir='ltr'><strong>autem</strong></span> <span class='ocrx_word' id='word_1_249' title='bbox 517 2936 632 3000; x_wconf 87' lang='lat' dir='ltr'><strong>illorum</strong></span> <span class='ocrx_word' id='word_1_250' title='bbox 645 2941 697 3018; x_wconf 90' lang='lat' dir='ltr'><strong>qui</strong></span> <span class='ocrx_word' id='word_1_251' title='bbox 712 2949 782 3004; x_wconf 89' lang='lat' dir='ltr'><strong>tunc</strong></span> <span class='ocrx_word' id='word_1_252' title='bbox 797 2941 907 3000; x_wconf 86' lang='lat' dir='ltr'><strong>tales</strong></span> <span class='ocrx_word' id='word_1_253' title='bbox 880 2961 956 3002; x_wconf 82' lang='lat' dir='ltr'><strong>viros</strong></span> <span class='ocrx_word' id='word_1_254' title='bbox 970 2942 1123 3002; x_wconf 88' lang='lat' dir='ltr'><strong>calumniis</strong></span> <span class='ocrx_word' id='word_1_255' title='bbox 1136 2962 1226 3025; x_wconf 67' lang='lat' dir='ltr'><strong>appe:</strong></span> 
     </span>
     <span class='ocr_line' id='line_1_30' title="bbox 124 3011 1319 3120; baseline 0.009 -32"><span class='ocrx_word' id='word_1_256' title='bbox 124 3027 254 3120; x_wconf 79' lang='lat' dir='ltr'><strong>lebant:</strong></span> <span class='ocrx_word' id='word_1_257' title='bbox 274 3028 479 3088; x_wconf 87' lang='lat' dir='ltr'><strong>constatenim</strong></span> <span class='ocrx_word' id='word_1_258' title='bbox 498 3032 654 3116; x_wconf 84' lang='lat' dir='ltr'><strong>nonnullos</strong></span> <span class='ocrx_word' id='word_1_259' title='bbox 679 3034 766 3092; x_wconf 84' lang='lat' dir='ltr'><strong>etiam</strong></span> <span class='ocrx_word' id='word_1_260' title='bbox 788 3035 844 3094; x_wconf 89' lang='lat' dir='ltr'><strong>illis</strong></span> <span class='ocrx_word' id='word_1_261' title='bbox 865 3011 955 3094; x_wconf 85' lang='lat' dir='ltr'><strong>fuisse</strong></span> <span class='ocrx_word' id='word_1_262' title='bbox 968 3035 1174 3112; x_wconf 88' lang='lat' dir='ltr'><strong>temporibus,</strong></span> <span class='ocrx_word' id='word_1_263' title='bbox 1176 3041 1226 3117; x_wconf 90' lang='lat' dir='ltr'><strong>qui</strong></span> <span class='ocrx_word' id='word_1_264' title='bbox 1315 3071 1319 3080; x_wconf 42' lang='grc' dir='ltr'>ι</span> 
     </span>
     <span class='ocr_line' id='line_1_31' title="bbox 125 3118 1226 3210; baseline 0.011 -32"><span class='ocrx_word' id='word_1_265' title='bbox 125 3138 191 3178; x_wconf 79' lang='lat' dir='ltr'><strong>suae</strong></span> <span class='ocrx_word' id='word_1_266' title='bbox 202 3118 297 3178; x_wconf 79' lang='lat' dir='ltr'><strong>aetatis</strong></span> <span class='ocrx_word' id='word_1_267' title='bbox 311 3119 443 3181; x_wconf 88' lang='lat' dir='ltr'><strong>homines</strong></span> <span class='ocrx_word' id='word_1_268' title='bbox 458 3122 689 3210; x_wconf 87' lang='lat' dir='ltr'><strong>insectabantur,</strong></span> <span class='ocrx_word' id='word_1_269' title='bbox 708 3135 821 3186; x_wconf 90' lang='lat' dir='ltr'><strong>veteres</strong></span> <span class='ocrx_word' id='word_1_270' title='bbox 845 3133 942 3183; x_wconf 87' lang='lat' dir='ltr'><strong>autem</strong></span> <span class='ocrx_word' id='word_1_271' title='bbox 957 3124 1128 3198; x_wconf 84' lang='lat' dir='ltr'><strong>laudabant,</strong></span> <span class='ocrx_word' id='word_1_272' title='bbox 1142 3132 1226 3190; x_wconf 84' lang='lat' dir='ltr'><strong>mali·</strong></span> 
     </span>
     <span class='ocr_line' id='line_1_32' title="bbox 124 3198 1227 3296; baseline 0.014 -27"><span class='ocrx_word' id='word_1_273' title='bbox 124 3211 248 3292; x_wconf 85' lang='lat' dir='ltr'><strong>gnitatis</strong></span> <span class='ocrx_word' id='word_1_274' title='bbox 258 3211 377 3290; x_wconf 86' lang='lat' dir='ltr'><strong>plenam</strong></span> <span class='ocrx_word' id='word_1_275' title='bbox 389 3232 451 3276; x_wconf 86' lang='lat' dir='ltr'><strong>rem</strong></span> <span class='ocrx_word' id='word_1_276' title='bbox 465 3198 647 3296; x_wconf 74' lang='lat' dir='ltr'><strong>eandemque</strong></span> <span class='ocrx_word' id='word_1_277' title='bbox 661 3237 750 3295; x_wconf 89' lang='lat' dir='ltr'><strong>quam</strong></span> <span class='ocrx_word' id='word_1_278' title='bbox 766 3229 796 3276; x_wconf 93' lang='lat' dir='ltr'><strong>tu</strong></span> <span class='ocrx_word' id='word_1_279' title='bbox 808 3217 880 3276; x_wconf 85' lang='lat' dir='ltr'><strong>facis</strong></span> <span class='ocrx_word' id='word_1_280' title='bbox 893 3216 1043 3277; x_wconf 77' lang='lat' dir='ltr'><strong>facientes.</strong></span> <span class='ocrx_word' id='word_1_281' title='bbox 1066 3219 1148 3280; x_wconf 85' lang='lat' dir='ltr'><strong>Itane</strong></span> <span class='ocrx_word' id='word_1_282' title='bbox 1159 3238 1227 3285; x_wconf 83' lang='lat' dir='ltr'><strong>vero</strong></span> 
     </span>
     <span class='ocr_line' id='line_1_33' title="bbox 124 3303 1227 3392; baseline 0.014 -30"><span class='ocrx_word' id='word_1_283' title='bbox 124 3303 214 3376; x_wconf 91' lang='lat' dir='ltr'><strong>dicis,</strong></span> <span class='ocrx_word' id='word_1_284' title='bbox 235 3323 283 3376; x_wconf 87' lang='lat' dir='ltr'><strong>me</strong></span> <span class='ocrx_word' id='word_1_285' title='bbox 307 3305 390 3377; x_wconf 86' lang='lat' dir='ltr'><strong>nulla</strong></span> <span class='ocrx_word' id='word_1_286' title='bbox 409 3325 447 3364; x_wconf 85' lang='lat' dir='ltr'><strong>ex</strong></span> <span class='ocrx_word' id='word_1_287' title='bbox 465 3317 547 3384; x_wconf 87' lang='lat' dir='ltr'><strong>perte</strong></span> <span class='ocrx_word' id='word_1_288' title='bbox 569 3308 684 3366; x_wconf 92' lang='lat' dir='ltr'><strong>illorum</strong></span> <span class='ocrx_word' id='word_1_289' title='bbox 712 3328 777 3367; x_wconf 87' lang='lat' dir='ltr'><strong>esse</strong></span> <span class='ocrx_word' id='word_1_290' title='bbox 802 3308 945 3368; x_wconf 70' lang='lat' dir='ltr'><strong>similem?</strong></span> <span class='ocrx_word' id='word_1_291' title='bbox 988 3311 1030 3369; x_wconf 91' lang='grc' dir='ltr'><strong>Αι</strong></span> <span class='ocrx_word' id='word_1_292' title='bbox 1054 3323 1088 3371; x_wconf 92' lang='lat' dir='ltr'><strong>tu</strong></span> <span class='ocrx_word' id='word_1_293' title='bbox 1112 3316 1227 3392; x_wconf 80' lang='lat' dir='ltr'><strong>similis,</strong></span> 
     </span>
     <span class='ocr_line' id='line_1_34' title="bbox 125 3393 1228 3480; baseline 0.012 -25"><span class='ocrx_word' id='word_1_294' title='bbox 125 3393 288 3455; x_wconf 73' lang='lat' dir='ltr'><strong>AEschinet</strong></span> <span class='ocrx_word' id='word_1_295' title='bbox 308 3404 341 3454; x_wconf 89' lang='lat' dir='ltr'><strong>at</strong></span> <span class='ocrx_word' id='word_1_296' title='bbox 353 3398 440 3460; x_wconf 86' lang='lat' dir='ltr'><strong>frater</strong></span> <span class='ocrx_word' id='word_1_297' title='bbox 449 3398 542 3457; x_wconf 72' lang='lat' dir='ltr'><strong>tuus?</strong></span> <span class='ocrx_word' id='word_1_298' title='bbox 562 3409 594 3458; x_wconf 86' lang='lat' dir='ltr'><strong>at</strong></span> <span class='ocrx_word' id='word_1_299' title='bbox 602 3399 707 3476; x_wconf 86' lang='lat' dir='ltr'><strong>aliquis</strong></span> <span class='ocrx_word' id='word_1_300' title='bbox 718 3419 754 3458; x_wconf 89' lang='lat' dir='ltr'><strong>ex</strong></span> <span class='ocrx_word' id='word_1_301' title='bbox 764 3399 799 3458; x_wconf 87' lang='lat' dir='ltr'><strong>iis</strong></span> <span class='ocrx_word' id='word_1_302' title='bbox 813 3399 951 3478; x_wconf 86' lang='lat' dir='ltr'><strong>qui-nunc</strong></span> <span class='ocrx_word' id='word_1_303' title='bbox 965 3413 1036 3462; x_wconf 89' lang='lat' dir='ltr'><strong>suut</strong></span> <span class='ocrx_word' id='word_1_304' title='bbox 1044 3407 1228 3480; x_wconf 72' lang='lat' dir='ltr'><strong>oratoribus?</strong></span> 
     </span>
     <span class='ocr_line' id='line_1_35' title="bbox 126 3487 1224 3575; baseline 0.016 -30"><span class='ocrx_word' id='word_1_305' title='bbox 126 3488 194 3566; x_wconf 82' lang='lat' dir='ltr'><strong>Ego</strong></span> <span class='ocrx_word' id='word_1_306' title='bbox 213 3487 366 3548; x_wconf 83' lang='lat' dir='ltr'><strong>enimvero</strong></span> <span class='ocrx_word' id='word_1_307' title='bbox 387 3490 531 3563; x_wconf 84' lang='lat' dir='ltr'><strong>nemiuem</strong></span> <span class='ocrx_word' id='word_1_308' title='bbox 555 3510 620 3550; x_wconf 89' lang='lat' dir='ltr'><strong>esse</strong></span> <span class='ocrx_word' id='word_1_309' title='bbox 642 3490 699 3550; x_wconf 87' lang='lat' dir='ltr'><strong>aio.</strong></span> <span class='ocrx_word' id='word_1_310' title='bbox 721 3545 725 3550; x_wconf 93' lang='lat'>.</span> <span class='ocrx_word' id='word_1_311' title='bbox 743 3491 803 3574; x_wconf 86' lang='lat' dir='ltr'><strong>Sed</strong></span> <span class='ocrx_word' id='word_1_312' title='bbox 825 3513 893 3554; x_wconf 91' lang='lat' dir='ltr'><strong>cum</strong></span> <span class='ocrx_word' id='word_1_313' title='bbox 915 3495 1092 3572; x_wconf 81' lang='lat' dir='ltr'><strong>viventibus,</strong></span> <span class='ocrx_word' id='word_1_314' title='bbox 1106 3521 1124 3560; x_wconf 94' lang='lat' dir='ltr'><strong>o</strong></span> <span class='ocrx_word' id='word_1_315' title='bbox 1138 3498 1224 3575; x_wconf 66' lang='lat' dir='ltr'><strong>bone}</strong></span> 
     </span>
     <span class='ocr_line' id='line_1_36' title="bbox 122 3578 1227 3668; baseline 0.011 -28"><span class='ocrx_word' id='word_1_316' title='bbox 122 3579 239 3658; x_wconf 78' lang='lat' dir='ltr'><strong>nequid</strong></span> <span class='ocrx_word' id='word_1_317' title='bbox 252 3579 333 3641; x_wconf 85' lang='lat' dir='ltr'><strong>aliud</strong></span> <span class='ocrx_word' id='word_1_318' title='bbox 347 3578 454 3652; x_wconf 85' lang='lat' dir='ltr'><strong>dicam,</strong></span> <span class='ocrx_word' id='word_1_319' title='bbox 467 3581 612 3642; x_wconf 87' lang='lat' dir='ltr'><strong>viventem</strong></span> <span class='ocrx_word' id='word_1_320' title='bbox 625 3583 782 3668; x_wconf 77' lang='lat' dir='ltr'><strong>contende</strong></span> <span class='ocrx_word' id='word_1_321' title='bbox 793 3595 823 3644; x_wconf 88' lang='lat' dir='ltr'><strong>et</strong></span> <span class='ocrx_word' id='word_1_322' title='bbox 841 3591 908 3645; x_wconf 84' lang='lat' dir='ltr'><strong>c&#39;um</strong></span> <span class='ocrx_word' id='word_1_323' title='bbox 932 3587 977 3647; x_wconf 90' lang='lat' dir='ltr'><strong>sui</strong></span> <span class='ocrx_word' id='word_1_324' title='bbox 994 3592 1091 3650; x_wconf 81' lang='lat' dir='ltr'><strong>¹seculi</strong></span> <span class='ocrx_word' id='word_1_325' title='bbox 1103 3593 1227 3654; x_wconf 69' lang='lat' dir='ltr'><strong>homini:</strong></span> 
     </span>
     <span class='ocr_line' id='line_1_37' title="bbox 121 3664 1226 3760; baseline 0.012 -27"><span class='ocrx_word' id='word_1_326' title='bbox 121 3675 196 3742; x_wconf 87' lang='lat' dir='ltr'><strong>bus,</strong></span> <span class='ocrx_word' id='word_1_327' title='bbox 208 3664 252 3731; x_wconf 86' lang='lat' dir='ltr'><strong>¹ut</strong></span> <span class='ocrx_word' id='word_1_328' title='bbox 273 3669 382 3733; x_wconf 81' lang='lat' dir='ltr'><strong>caetera</strong></span> <span class='ocrx_word' id='word_1_329' title='bbox 405 3673 512 3748; x_wconf 84' lang='lat' dir='ltr'><strong>omnia,</strong></span> <span class='ocrx_word' id='word_1_330' title='bbox 530 3686 645 3754; x_wconf 87' lang='lat' dir='ltr'><strong>poetas,</strong></span> <span class='ocrx_word' id='word_1_331' title='bbox 670 3677 785 3750; x_wconf 87' lang='lat' dir='ltr'><strong>choros,</strong></span> <span class='ocrx_word' id='word_1_332' title='bbox 804 3679 990 3758; x_wconf 70' lang='lat' dir='ltr'><strong>palaestritas.</strong></span> <span class='ocrx_word' id='word_1_333' title='bbox 1032 3681 1226 3760; x_wconf 81' lang='lat' dir='ltr'><strong>Philammon,</strong></span> 
     </span>
     <span class='ocr_line' id='line_1_38' title="bbox 121 3760 1228 3852; baseline 0.014 -27"><span class='ocrx_word' id='word_1_334' title='bbox 121 3784 188 3825; x_wconf 88' lang='lat' dir='ltr'><strong>non</strong></span> <span class='ocrx_word' id='word_1_335' title='bbox 202 3765 272 3842; x_wconf 90' lang='lat' dir='ltr'><strong>quia</strong></span> <span class='ocrx_word' id='word_1_336' title='bbox 284 3764 401 3828; x_wconf 89' lang='lat' dir='ltr'><strong>Glauco</strong></span> <span class='ocrx_word' id='word_1_337' title='bbox 415 3766 553 3845; x_wconf 79' lang='lat' dir='ltr'><strong>Carystio</strong></span> <span class='ocrx_word' id='word_1_338' title='bbox 571 3767 695 3847; x_wconf 88' lang='lat' dir='ltr'><strong>aliisque</strong></span> <span class='ocrx_word' id='word_1_339' title='bbox 716 3760 862 3831; x_wconf 77' lang='lat' dir='ltr'><strong>nonnullis</strong></span> <span class='ocrx_word' id='word_1_340' title='bbox 876 3775 1031 3852; x_wconf 87' lang='lat' dir='ltr'><strong>superioris</strong></span> <span class='ocrx_word' id='word_1_341' title='bbox 1045 3777 1101 3837; x_wconf 82' lang='lat' dir='ltr'><strong>aevi</strong></span> <span class='ocrx_word' id='word_1_342' title='bbox 1111 3778 1228 3841; x_wconf 86' lang='lat' dir='ltr'><strong>athletis</strong></span> 
     </span>
     <span class='ocr_line' id='line_1_39' title="bbox 121 3855 1228 3949; baseline 0.012 -31"><span class='ocrx_word' id='word_1_343' title='bbox 121 3866 192 3918; x_wconf 85' lang='lat' dir='ltr'><strong>erat</strong></span> <span class='ocrx_word' id='word_1_344' title='bbox 204 3855 352 3929; x_wconf 86' lang='lat' dir='ltr'><strong>infirmior,</strong></span> <span class='ocrx_word' id='word_1_345' title='bbox 371 3857 480 3917; x_wconf 85' lang='lat' dir='ltr'><strong>ideirco</strong></span> <span class='ocrx_word' id='word_1_346' title='bbox 501 3858 564 3917; x_wconf 89' lang='lat' dir='ltr'><strong>sine</strong></span> <span class='ocrx_word' id='word_1_347' title='bbox 584 3879 695 3930; x_wconf 43' lang='lat' dir='ltr'><strong>,corona</strong></span> <span class='ocrx_word' id='word_1_348' title='bbox 711 3880 748 3919; x_wconf 86' lang='lat' dir='ltr'><strong>ex</strong></span> <span class='ocrx_word' id='word_1_349' title='bbox 775 3862 912 3944; x_wconf 87' lang='lat' dir='ltr'><strong>Olympia</strong></span> <span class='ocrx_word' id='word_1_350' title='bbox 924 3865 1072 3940; x_wconf 89' lang='lat' dir='ltr'><strong>discessit,</strong></span> <span class='ocrx_word' id='word_1_351' title='bbox 1087 3869 1141 3927; x_wconf 89' lang='lat' dir='ltr'><strong>sed</strong></span> <span class='ocrx_word' id='word_1_352' title='bbox 1159 3873 1228 3949; x_wconf 84' lang='lat' dir='ltr'><strong>quin</strong></span> 
     </span>
     <span class='ocr_line' id='line_1_40' title="bbox 120 3949 1227 4035; baseline 0.014 -23"><span class='ocrx_word' id='word_1_353' title='bbox 120 3969 230 4012; x_wconf 86' lang='lat' dir='ltr'><strong>eorum</strong></span> <span class='ocrx_word' id='word_1_354' title='bbox 244 3949 295 4026; x_wconf 92' lang='lat' dir='ltr'><strong>qui</strong></span> <span class='ocrx_word' id='word_1_355' title='bbox 308 3958 455 4009; x_wconf 86' lang='lat' dir='ltr'><strong>certamen</strong></span> <span class='ocrx_word' id='word_1_356' title='bbox 469 3969 570 4010; x_wconf 88' lang='lat' dir='ltr'><strong>secum</strong></span> <span class='ocrx_word' id='word_1_357' title='bbox 583 3951 711 4012; x_wconf 87' lang='lat' dir='ltr'><strong>inierunt</strong></span> <span class='ocrx_word' id='word_1_358' title='bbox 728 3957 835 4034; x_wconf 88' lang='lat' dir='ltr'><strong>optime</strong></span> <span class='ocrx_word' id='word_1_359' title='bbox 847 3970 1040 4035; x_wconf 81' lang='lat' dir='ltr'><strong>pugnaverat,</strong></span> <span class='ocrx_word' id='word_1_360' title='bbox 1055 3978 1164 4025; x_wconf 87' lang='lat' dir='ltr'><strong>corona</strong></span> <span class='ocrx_word' id='word_1_361' title='bbox 1174 3967 1227 4028; x_wconf 92' lang='lat' dir='ltr'><strong>do·</strong></span> 
     </span>
     <span class='ocr_line' id='line_1_41' title="bbox 118 4042 1229 4132; baseline 0.012 -31"><span class='ocrx_word' id='word_1_362' title='bbox 118 4053 216 4105; x_wconf 89' lang='lat' dir='ltr'><strong>natus</strong></span> <span class='ocrx_word' id='word_1_363' title='bbox 226 4050 273 4100; x_wconf 90' lang='lat' dir='ltr'><strong>est</strong></span> <span class='ocrx_word' id='word_1_364' title='bbox 285 4050 315 4101; x_wconf 89' lang='lat' dir='ltr'><strong>et</strong></span> <span class='ocrx_word' id='word_1_365' title='bbox 328 4042 421 4102; x_wconf 83' lang='lat' dir='ltr'><strong>victor</strong></span> <span class='ocrx_word' id='word_1_366' title='bbox 437 4044 651 4122; x_wconf 84' lang='lat' dir='ltr'><strong>pronuntiatus.</strong></span> <span class='ocrx_word' id='word_1_367' title='bbox 692 4047 737 4105; x_wconf 88' lang='lat' dir='ltr'><strong>Tu</strong></span> <span class='ocrx_word' id='word_1_368' title='bbox 749 4067 866 4127; x_wconf 88' lang='lat' dir='ltr'><strong>quoque</strong></span> <span class='ocrx_word' id='word_1_369' title='bbox 880 4068 927 4108; x_wconf 90' lang='lat' dir='ltr'><strong>me</strong></span> <span class='ocrx_word' id='word_1_370' title='bbox 946 4070 1013 4109; x_wconf 90' lang='lat' dir='ltr'><strong>cum</strong></span> <span class='ocrx_word' id='word_1_371' title='bbox 1025 4050 1071 4112; x_wconf 86' lang='lat' dir='ltr'><strong>his</strong></span> <span class='ocrx_word' id='word_1_372' title='bbox 1084 4054 1135 4132; x_wconf 93' lang='lat' dir='ltr'><strong>qui</strong></span> <span class='ocrx_word' id='word_1_373' title='bbox 1150 4079 1229 4124; x_wconf 71' lang='lat' dir='ltr'><strong>nune</strong></span> 
     </span>
     <span class='ocr_line' id='line_1_42' title="bbox 119 4134 1229 4218; baseline 0.016 -21"><span class='ocrx_word' id='word_1_374' title='bbox 119 4144 201 4198; x_wconf 81' lang='lat' dir='ltr'><strong>sunt</strong></span> <span class='ocrx_word' id='word_1_375' title='bbox 210 4134 373 4194; x_wconf 82' lang='lat' dir='ltr'><strong>oratoribus</strong></span> <span class='ocrx_word' id='word_1_376' title='bbox 386 4134 525 4195; x_wconf 88' lang='lat' dir='ltr'><strong>collatum</strong></span> <span class='ocrx_word' id='word_1_377' title='bbox 539 4146 651 4214; x_wconf 89' lang='lat' dir='ltr'><strong>specta,</strong></span> <span class='ocrx_word' id='word_1_378' title='bbox 664 4147 773 4211; x_wconf 83' lang='lat' dir='ltr'><strong>tecum,</strong></span> <span class='ocrx_word' id='word_1_379' title='bbox 793 4160 859 4199; x_wconf 88' lang='lat' dir='ltr'><strong>cum</strong></span> <span class='ocrx_word' id='word_1_380' title='bbox 879 4160 938 4218; x_wconf 92' lang='lat' dir='ltr'><strong>quo</strong></span> <span class='ocrx_word' id='word_1_381' title='bbox 951 4142 1009 4202; x_wconf 90' lang='lat' dir='ltr'><strong>alio</strong></span> <span class='ocrx_word' id='word_1_382' title='bbox 1021 4145 1104 4206; x_wconf 83' lang='lat' dir='ltr'><strong>voles</strong></span> <span class='ocrx_word' id='word_1_383' title='bbox 1117 4169 1154 4209; x_wconf 85' lang='lat' dir='ltr'><strong>ex</strong></span> <span class='ocrx_word' id='word_1_384' title='bbox 1166 4173 1229 4215; x_wconf 90' lang='lat' dir='ltr'><strong>om·</strong></span> 
     </span>
     <span class='ocr_line' id='line_1_43' title="bbox 120 4225 1228 4320; baseline 0.018 -35"><span class='ocrx_word' id='word_1_385' title='bbox 120 4229 236 4295; x_wconf 85' lang='lat' dir='ltr'><strong>nibus;</strong></span> <span class='ocrx_word' id='word_1_386' title='bbox 259 4225 332 4285; x_wconf 80' lang='lat' dir='ltr'><strong>nulli</strong></span> <span class='ocrx_word' id='word_1_387' title='bbox 341 4226 425 4286; x_wconf 90' lang='lat' dir='ltr'><strong>cedo</strong></span> <span class='ocrx_word' id='word_1_388' title='bbox 468 4229 600 4294; x_wconf 82' lang='lat' dir='ltr'><strong>Quorum</strong></span> <span class='ocrx_word' id='word_1_389' title='bbox 609 4248 748 4303; x_wconf 77' lang='lat' dir='ltr'><strong>omnium</strong></span> <span class='ocrx_word' id='word_1_390' title='bbox 759 4231 829 4288; x_wconf 92' lang='lat' dir='ltr'><strong>dum</strong></span> <span class='ocrx_word' id='word_1_391' title='bbox 840 4249 924 4309; x_wconf 77' lang='lat' dir='ltr'><strong>sequi</strong></span> <span class='ocrx_word' id='word_1_392' title='bbox 938 4234 1047 4312; x_wconf 86' lang='lat' dir='ltr'><strong>optima</strong></span> <span class='ocrx_word' id='word_1_393' title='bbox 1060 4239 1228 4320; x_wconf 84' lang='lat' dir='ltr'><strong>reipublicae</strong></span> 
     </span>
     <span class='ocr_line' id='line_1_44' title="bbox 117 4319 1229 4406; baseline 0.012 -22"><span class='ocrx_word' id='word_1_394' title='bbox 117 4319 249 4394; x_wconf 86' lang='lat' dir='ltr'><strong>licebat,</strong></span> <span class='ocrx_word' id='word_1_395' title='bbox 258 4319 331 4379; x_wconf 89' lang='lat' dir='ltr'><strong>dum</strong></span> <span class='ocrx_word' id='word_1_396' title='bbox 344 4330 493 4381; x_wconf 83' lang='lat' dir='ltr'><strong>certamen</strong></span> <span class='ocrx_word' id='word_1_397' title='bbox 506 4321 544 4382; x_wconf 88' lang='lat' dir='ltr'><strong>de</strong></span> <span class='ocrx_word' id='word_1_398' title='bbox 557 4323 678 4384; x_wconf 86' lang='lat' dir='ltr'><strong>cantate</strong></span> <span class='ocrx_word' id='word_1_399' title='bbox 685 4324 787 4402; x_wconf 73' lang='lat' dir='ltr'><strong>parua</strong></span> <span class='ocrx_word' id='word_1_400' title='bbox 799 4324 830 4383; x_wconf 91' lang='lat' dir='ltr'><strong>in</strong></span> <span class='ocrx_word' id='word_1_401' title='bbox 843 4324 941 4387; x_wconf 87' lang='lat' dir='ltr'><strong>medio</strong></span> <span class='ocrx_word' id='word_1_402' title='bbox 953 4329 1081 4406; x_wconf 87' lang='lat' dir='ltr'><strong>positum</strong></span> <span class='ocrx_word' id='word_1_403' title='bbox 1095 4335 1229 4397; x_wconf 90' lang='lat' dir='ltr'><strong>omnibus</strong></span> 
     </span>
     <span class='ocr_line' id='line_1_45' title="bbox 119 4410 1230 4508; baseline 0.009 -30"><span class='ocrx_word' id='word_1_404' title='bbox 119 4423 204 4491; x_wconf 87' lang='lat' dir='ltr'><strong>erat,</strong></span> <span class='ocrx_word' id='word_1_405' title='bbox 216 4430 274 4498; x_wconf 80' lang='lat' dir='ltr'><strong>ego</strong></span> <span class='ocrx_word' id='word_1_406' title='bbox 285 4410 568 4477; x_wconf 79' lang='lat' dir='ltr'><strong>uulrssumssuadere</strong></span> <span class='ocrx_word' id='word_1_407' title='bbox 579 4425 745 4496; x_wconf 88' lang='lat' dir='ltr'><strong>compertus</strong></span> <span class='ocrx_word' id='word_1_408' title='bbox 757 4433 831 4493; x_wconf 88' lang='lat' dir='ltr'><strong>sum,</strong></span> <span class='ocrx_word' id='word_1_409' title='bbox 841 4418 1106 4500; x_wconf 80' lang='lat' dir='ltr'><strong>meusquadecrstn</strong></span> <span class='ocrx_word' id='word_1_410' title='bbox 1118 4436 1148 4487; x_wconf 91' lang='lat' dir='ltr'><strong>et</strong></span> <span class='ocrx_word' id='word_1_411' title='bbox 1157 4426 1230 4508; x_wconf 78' lang='lat' dir='ltr'><strong>legi</strong></span> 
     </span>
    </p>
   </div>
   <div class='ocr_carea' id='block_1_9' title="bbox 0 0 1478 4954">
    <p class='ocr_par' dir='ltr' id='par_1_11' title="bbox 0 0 1478 4954">
     <span class='ocr_line' id='line_1_46' title="bbox 0 0 1478 4954; baseline 0 1"><span class='ocrx_word' id='word_1_412' title='bbox 0 0 1478 4954; x_wconf 95' lang='lat' dir='ltr'><strong> </strong></span> 
     </span>
    </p>
   </div>
  </div>
 </body>
</html>
