2948 4954
246 301 303 364 164
656 305 713 364 Du
735 303 923 364 CORONA.

245 457 443 519 ιιιιειιιιιιιιιι
460 458 691 539 consulariaque
707 456 871 538 egomodo
882 457 939 522 sim
952 453 1346 532 audiendus—asperrime

247 567 318 612 sane
331 549 363 611 id
374 549 501 627 foret··,
514 553 567 613 sed
575 549 659 632 leges
667 562 698 612 et
706 550 924 632 jusjurandum,
940 549 972 608 in
986 563 1046 628 quo
1060 553 1167 626 preter
1179 543 1237 604 ulia
1250 545 1346 607 aruba

246 641 490 726 equitatisplena
503 643 576 706 illud
586 663 703 726 quoque
724 643 905 728 descriptam
921 652 978 717 est,
987 635 1095 723 pariter
1107 647 1263 719 utrumque
1280 655 1345 700 esse

246 735 436 798 audiendum.
454 737 543 808 Quod
556 738 701 800 nonhauo
710 735 864 800 modovim
874 733 1159 796 babetnullamesse
1170 729 1346 814 praejudica-

245 831 481 910 unopinionem
489 830 677 905 affereudum,
687 840 801 910 autpar
808 829 922 910 utrique
931 819 1062 890 studium
1071 822 1283 907 prestandum,
1291 823 1343 886 sed

246 932 378 982 aetorum
392 924 498 1003 cuique
522 944 589 984 eum
612 924 744 986 ordinem
757 942 882 1002 eamque
896 920 1074 982 defensionis
1086 918 1241 994 rationem,
1253 935 1343 995 quem

245 1013 309 1094 ipse
321 1015 443 1076 voluerit
457 1026 546 1094 atque
560 1013 712 1094 delegerit,
722 1031 789 1075 esse
798 1014 1034 1094 permittendam.

287 1107 317 1169 2.
339 1105 415 1168 Cum
428 1106 528 1167 multis
542 1107 630 1186 igitur
642 1107 729 1167 rebus
744 1105 881 1169 AEschine
895 1123 960 1167 som
974 1104 1006 1164 in
1025 1103 1082 1164 hac
1095 1101 1281 1172 contentione
1299 1103 1342 1162 in-

246 1195 343 1274 ieu'or,
365 1211 429 1259 tum
452 1199 566 1260 duabus
587 1197 781 1262 Athenienses
794 1199 971 1282 permagnis.
1013 1195 1090 1269 Una,
1103 1196 1183 1275 quod
1203 1215 1265 1257 nou
1280 1193 1343 1274 pari

248 1289 286 1351 de
299 1305 409 1368 recum
431 1291 489 1353 isto
510 1293 541 1356 in
563 1291 720 1354 discrimen
742 1293 839 1354 venio.
880 1290 984 1370 Neque
996 1289 1072 1350 enim
1085 1288 1164 1348 idem
1177 1285 1249 1346 nubi
1262 1307 1343 1346 nunc

246 1390 293 1442 est
305 1392 404 1443 vestra
415 1383 622 1445 benevolentia
630 1385 774 1459 excidere,
789 1395 877 1464 atque
886 1382 935 1444 isti
948 1399 1068 1443 causam
1078 1400 1138 1440 non
1148 1389 1259 1452 tenere,
1271 1379 1340 1457 quin

245 1473 317 1554 milri
330 1473 542 1555 quidem-sed
553 1478 622 1538 uolo
635 1479 791 1560 quicquam
802 1477 887 1538 initio
895 1475 1012 1537 dicendi
1020 1471 1340 1550 ominosiusproloqui3

243 1563 287 1627 illi
302 1583 551 1675 supervacaneum
562 1578 608 1629 est
618 1588 664 1628 me
678 1587 828 1632 accusare
870 1567 974 1628 Altera
976 1565 1075 1646 ,qnod
1097 1563 1266 1624 mortalibus
1279 1581 1338 1622 orn·

247 1655 333 1720 nibus
356 1670 461 1722 natura
480 1659 599 1722 insitum
619 1672 664 1722 est
683 1673 717 1722 ut
734 1659 872 1722 conviciis
891 1656 1196 1735 criminationibusque
1215 1655 1341 1716 libenter

247 1771 332 1812 aures
342 1752 549 1824 advertantiis
563 1763 660 1814 autem
672 1754 723 1832 qui
742 1753 842 1832 seipsi
861 1752 981 1812 laudent
1002 1749 1197 1810 offendantur.
1238 1747 1283 1806 Ex
1296 1748 1340 1808 his

246 1843 335 1921 igitur
347 1844 427 1922 quod
440 1845 581 1924 voluptati
595 1855 650 1918 est,
663 1846 758 1906 idisti
771 1845 876 1906 dature
899 1844 979 1924 quod
991 1843 1126 1904 omnibus
1149 1859 1224 1920 peue
1242 1836 1338 1901 dicam

245 1933 401 1994 molestum
415 1936 533 2015 accidit,
545 1938 616 1997 mihi
630 1948 677 1998 est
688 1936 833 1998 relictum.
873 1933 1000 2005 Quodsi
1016 1935 1085 1993 dum
1101 1933 1167 1992 hoec
1181 1951 1283 1992 vereor
1296 1941 1339 1991 at·

245 2045 302 2106 que
315 2027 411 2107 fugio,
429 2048 474 2089 res
488 2049 507 2089 a
520 2049 567 2090 me
581 2040 680 2110 gestas
700 2051 760 2092 non
779 2047 985 2099 commemoro,
998 2045 1053 2086 uec
1066 2023 1156 2086 allata
1174 2026 1205 2084 in
1223 2043 1270 2084 me
1283 2025 1338 2084 cri-

246 2117 422 2200 minaposse
444 2119 576 2182 refellere
589 2119 720 2195 videbor,
735 2143 832 2204 neque
853 2141 905 2182 cnr
924 2121 1036 2181 bonore
1057 2119 1179 2198 dignum
1198 2138 1245 2176 me
1268 2137 1339 2177 cen·

245 2229 328 2272 seam
347 2214 522 2276 ostendere:
544 2216 589 2276 sin
603 2236 649 2276 me
664 2217 703 2276 ad
714 2237 752 2278 ea
762 2236 829 2296 qum
842 2214 900 2276 seci
914 2231 1037 2292 quoeque
1051 2211 1128 2290 gessi
1141 2212 1171 2270 in
1191 2208 1341 2288 republica

246 2305 405 2380 conteram,
418 2323 616 2388 sepenumero
630 2329 719 2390 cogar
731 2311 793 2390 ipse
806 2309 844 2368 de
857 2327 905 2368 me
917 2307 1024 2367 dicere.
1066 2305 1211 2372 Quocirca
1223 2303 1340 2363 debitur

245 2411 323 2457 ame
336 2412 424 2477 opera
436 2409 471 2460 ut
485 2399 517 2459 id
531 2417 619 2479 quam
642 2401 855 2460 modestissime
875 2399 1001 2457 faciam:
1023 2397 1160 2477 quicquid
1180 2405 1275 2456 autem
1290 2413 1339 2453 res

243 2485 308 2572 ipsa
319 2487 417 2551 dicere
431 2493 569 2568 coegerit,
582 2493 667 2568 hujus
682 2489 739 2554 iste
761 2493 878 2572 culpam
891 2489 992 2550 merito
1009 2491 1164 2546 sustinebit
1175 2487 1226 2566 qui
1238 2487 1337 2546 istius-

244 2580 323 2642 modi
332 2593 479 2642 certemen
493 2579 661 2642 instituerit.

285 2675 313 2732 3.
333 2673 465 2734 Arbitror
482 2683 588 2743 autem,
607 2671 733 2751 judices,
755 2693 808 2731 vos
833 2690 935 2731 omnes
955 2670 1140 2731 confessuros
1153 2688 1336 2732 communem

187 2811 192 2820 ,
243 2782 309 2823 esse
328 2764 405 2825 banc
419 2783 539 2825 causam
560 2764 675 2825 etmihi
698 2774 728 2822 et
746 2763 940 2845 ctesiphonti,
953 2783 1048 2843 neque
1061 2762 1164 2822 minori
1184 2763 1214 2821 in
1234 2764 1335 2825 haere

241 2856 313 2916 mihi
324 2877 397 2937 opus
409 2877 474 2918 esse
487 2857 595 2919 studio.
635 2855 712 2916 Nam
727 2875 793 2916 cum
806 2876 983 2936 quacunque
995 2876 1026 2916 re
1039 2854 1144 2934 privari
1156 2875 1244 2933 grave
1257 2857 1294 2916 sit
1307 2867 1336 2917 et

241 2952 388 3024 acerbum,
409 2951 446 3011 ab
469 2950 585 3011 inimico
597 2949 775 3030 praesertim
795 2939 858 3009 tum
878 2967 947 3009 vero
967 2947 1170 3008 benevolentia
1186 2955 1284 3007 restra
1306 2959 1335 3008 et

240 3041 422 3103 humanitate
434 3043 548 3121 spoliari
562 3052 645 3103 tanto
659 3052 700 3101 eet
712 3043 936 3115 molestissimum,
944 3050 1055 3120 quanto
1064 3039 1184 3099 easdem
1196 3041 1334 3120 consequi

240 3147 285 3198 est
297 3138 519 3219 amplissimum.
561 3136 637 3196 Cum
651 3137 689 3196 sit
702 3135 789 3216 igitur
798 3133 877 3196 hisce
887 3135 924 3195 de
932 3135 1019 3196 rebus
1030 3132 1177 3194 contentio
1190 3132 1333 3206 instit-uta,

241 3247 293 3288 vos
307 3250 408 3290 omnes
423 3251 474 3291 oro
489 3239 575 3308 atque
587 3230 726 3302 obtestor,
739 3243 773 3288 ut
796 3247 843 3289 me
863 3247 945 3307 mque
958 3227 1120 3307 pariterque
1140 3225 1267 3286 audiatis
1280 3224 1333 3286 cri·

242 3320 366 3380 minibus
389 3324 418 3380 io
438 3343 479 3380 ore
503 3323 596 3382 allatis
613 3322 691 3402 juste
714 3320 951 3400 respondentem,
966 3318 1112 3398 quomodo
1126 3318 1206 3396 leges
1215 3318 1332 3393 jubent,

240 3431 314 3490 quas
329 3413 376 3492 qui
392 3433 409 3472 a
424 3413 564 3493 principio
578 3414 646 3474 tulit
659 3413 759 3486 Solon,
772 3412 816 3472 vir
827 3413 916 3473 vestri
935 3430 1037 3472 amens
1050 3430 1086 3470 ae
1100 3408 1260 3489 popularis,
1272 3429 1331 3470 non

241 3504 450 3583 perscriptione
472 3515 584 3565 tantum
600 3515 676 3566 ratas
694 3525 760 3565 esse
773 3505 887 3564 censuit
899 3502 1116 3584 oportere,.sed
1129 3513 1159 3562 et
1171 3511 1269 3562 vestro
1283 3501 1332 3582 qui

234 3596 351 3676 judices
362 3596 431 3656 estis
441 3597 630 3677 jurejurando
643 3601 789 3667 firmatas;
811 3617 871 3658 non
888 3598 969 3677 quod
981 3597 1074 3669 vobis,
1085 3605 1118 3655 ut
1130 3594 1200 3655 mihi
1213 3595 1330 3674 quidem

239 3690 362 3762 videtur,
377 3687 527 3762 diffideret,
553 3689 605 3750 sed
624 3693 762 3769 quoniam
778 3691 973 3772 perspiciebat
992 3689 1206 3750 criminationes
1231 3699 1262 3748 et
1280 3709 1329 3750 ca·

238 3781 361 3842 lumnias
374 3801 433 3855 eas,
446 3781 551 3859 quibus
572 3792 726 3843 accusator
738 3783 818 3861 quod
830 3782 953 3862 priorem
966 3778 1082 3841 dicendi
1094 3781 1192 3841 locum
1205 3781 1331 3841 obtinuit

239 3874 369 3951 superior
388 3884 449 3950 est,
459 3891 510 3934 reo
529 3883 706 3938 antevertere
729 3885 756 3932 et
770 3875 876 3934 niuem
889 3895 948 3934 nou
963 3874 1061 3946 licere,
1073 3871 1129 3932 nisi
1145 3873 1269 3952 quisque
1281 3894 1329 3934 ve-

238 3972 330 4023 strum
348 3967 397 4044 qui
412 3961 529 4047 judices
551 3966 665 4037 sedetis,
687 3967 807 4026 deorum
830 3966 1033 4026 immortalium
1052 3965 1190 4044 religione
1204 3975 1329 4039 servata,

236 4063 300 4114 turn
314 4056 375 4135 ejus
387 4059 438 4138 qui
450 4059 609 4139 posteriore
628 4058 693 4121 loco
716 4060 795 4118 dicet
815 4060 1032 4121 excusationem
1041 4057 1181 4118 benevole
1195 4057 1328 4137 accipiet,

236 4156 297 4208 tum
310 4158 501 4229 posteaquam
521 4173 554 4213 se
575 4171 674 4260 parem
694 4171 935 4231 communemque
948 4153 1063 4230 utrique
1077 4150 1233 4229 praebuerit
1244 4150 1329 4210 audi·

236 4251 340 4310 torem,
350 4241 392 4300 ita
404 4242 521 4303 demum
533 4246 570 4306 de
580 4247 717 4308 universa
728 4246 779 4307 lite
788 4245 929 4326 judicium
943 4247 1025 4306 teret

276 4339 305 4394 4
327 4329 436 4394 Verum
457 4338 576 4416 quando
596 4340 665 4399 milri
684 4340 826 4401 hodierno
848 4339 904 4411 die,
918 4339 962 4398 uti
974 4339 1098 4410 videtur,
1110 4349 1142 4396 et
1154 4337 1244 4398 totius
1256 4307 1328 4398 rite

236 4427 367 4505 privatim
381 4437 456 4507 apte
469 4439 606 4491 atterum
618 4433 735 4512 publice
748 4441 896 4514 gestumm
915 4431 1065 4492 reddenda
1079 4430 1152 4492 ratio
1164 4439 1221 4504 est,
1228 4427 1330 4510 placet

1334 4201 1453 4534 q?
