2920 4950
513 143 601 206 =:,1‘ef
680 145 744 204 ,Ὗ

459 207 804 345 ἰιιιιιιιιιιιι
825 241 893 326 (ιι).
1129 271 1154 335 χ
1196 241 1236 310 ιι

128 423 191 480 ems
211 402 446 468 immunem-2
466 401 492 464 si
511 401 583 483 quis.
598 413 697 466 eutem
717 387 872 466 modestus
885 395 1235 479 sutdioquivbbonus,

8 497 9 506 ’
126 497 329 578 quotidianam
340 497 408 558 vitae
421 493 677 576 intemperantiam
687 506 718 558 et
726 495 895 558 ebrietatem
904 492 1112 556 etssltntiones
1120 495 1235 560 obsutus
1271 520 1275 530 ·

125 612 178 654 uss
193 593 270 652 ferre
284 601 423 672 nequeat,
438 611 507 652 eum
521 588 631 672 negligi
649 601 679 650 et
691 591 845 652 nulloesse
854 607 1004 650 numeror
1028 588 1168 668 Reliquos
1182 609 1234 650 eu·

7 750 8 768 ,
124 693 181 746 tem
195 684 306 763 quibus
321 685 502 745 familiariter
522 693 621 745 ututur
641 683 771 744 latrones
787 699 855 744 osse
874 691 905 743 et
921 680 1093 756 adultiores
1109 694 1149 744 et
1155 685 1236 770 ejus-¹
1264 733 1270 748 ,

7 783 8 798 ’
123 778 205 840 modi
227 777 439 858 homines,·qui
452 776 586 838 inebriati
599 775 673 840 tales
688 777 796 858 saltare
816 775 987 838 saltationes
1008 793 1067 842 non
1087 788 1268 852 recusent,
1316 833 1321 848 ,

124 870 230 948 quales
244 891 301 950 ego
315 891 395 934 nunc
416 871 497 950 apud
511 889 563 930 vus
586 869 684 930 dicere
692 889 834 950 uereoro,
851 868 1045 949 Perspicuum
1059 880 1156 934 sutem
1178 880 1233 946 est,

122 963 185 1024 baec
198 983 267 1024 esse
280 984 349 1024 vera
361 983 369 1024 ι
391 964 500 1024 etenim
513 983 589 1041 quos
602 963 670 1022 binc
681 982 784 1023 omnes
796 961 995 1044 expellebant,
1008 971 1043 1023 ut
1052 962 1146 1024 multo
1158 983 1235 1045 praea

123 1057 326 1135 stigiatoribus
343 1058 510 1136 nequiores,
525 1055 651 1116 Csllism
668 1056 759 1140 istum
778 1055 933 1116 missuum
950 1055 1102 1136 publicum
1115 1066 1152 1117 -et
1170 1057 1242 1139 ejus
1276 1057 1278 1062 ’

7 1139 9 1162 '
124 1149 243 1228 generis
257 1149 404 1221 homines,
417 1148 468 1227 qui
479 1145 608 1212 ridiculis
624 1147 662 1209 de
675 1149 770 1208 rebus·
784 1147 889 1209 mimos
906 1158 1001 1228 agunt
1020 1149 1241 1232 obscoenesqus

122 1243 289 1302 cantilenas
298 1243 329 1302 in
343 1241 461 1302 sodales
474 1260 543 1302 suos
556 1251 747 1322 componunt,
755 1241 871 1302 ridendi
880 1261 983 1316 ceusu,
991 1241 1137 1306 bos-omst
1149 1254 1180 1307 et
1189 1266 1238 1316 seq
1301 1285 1306 1301 ι

124 1335 309 1397 cumbahet.
351 1335 439 1406 Qum,
453 1335 569 1402 temetsi
581 1353 673 1414 parvo
682 1335 747 1412 quis
756 1333 915 1407 existimet,
927 1347 1116 1415 magnasunt
1129 1347 1237 1446 tamem

125 1429 336 1503 Athenienses,
349 1427 468 1499 indicis,
487 1427 512 1488 si
524 1427 589 1507 quis
609 1447 680 1492 vere
696 1427 819 1507 cogitet,
832 1427 936 1496 illius'
928 1428 1037 1508 ingenii
1054 1439 1086 1492 et
1100 1431 1235 1500 miserius.

101 1574 105 1584 ,
125 1522 239 1583 Verum
250 1521 317 1582 haec
330 1521 484 1628 nuncejus
496 1520 682 1588 successibus
701 1522 913 1592 obscurantem
936 1523 1175 1604 quandoquidem
1188 1547 1238 1590 res

124 1617 265 1678 secundm
278 1635 419 1694 magnam
432 1614 491 1678 vim
504 1613 616 1684 hebent
635 1613 674 1674 sd
693 1613 873 1682 occultanda
894 1624 927 1698 et
945 1611 1160 1706 obumbrando
1167 1621 1238 1684 talin

125 1712 251 1791 probro:
278 1719 309 1768 st
333 1709 359 1770 si
375 1699 507 1788 paulum
515 1707 684 1786 impegerit,
693 1715 757 1766 tum
770 1706 802 1770 in
819 1725 936 1778 omnem
951 1707 1015 1788 ejus
1029 1701 1118 1780 vitum
1132 1722 1163 1774 et
1175 1714 1237 1782 ior.-

125 1816 213 1864 tunes
222 1801 398 1882 mqmretur
413 1800 455 1860 ld
463 1799 560 1880 quod
552 1817 627 1879 ipse
634 1817 702 1863 mea
715 1799 833 1880 quidem
843 1819 992 1878 oprntone
1003 1801 1128 1876 videtur,
1139 1807 1236 1869 Athe-

127 1897 257 1965 nienses,
271 1893 354 1956 brevi
367 1903 548 1965 ostensurus,
559 1891 585 1952 si
597 1899 629 1952 et
641 1889 683 1956 dii
696 1900 831 1958 annuerit
838 1900 869 1952 et
877 1909 930 1952 vos
939 1894 1055 1957 volens
1098 1897 1139 1958 lit
1157 1901 1237 1964 enim

125 2013 154 2050 ιιι
164 1989 340 2070 corporibus
351 1987 470 2058 nostris
484 1985 555 2046 dum
566 1984 679 2056 velens
692 1984 804 2052 nullum
822 1985 896 2045 adeo
906 2005 1029 2050 sensum
1041 1987 1238 2056 dolorisuffs

126 2095 194 2145 runt
207 2081 336 2162 ninguine
353 2077 675 2159 partesvlsbeiactoe,
652 2097 697 2143 sm
710 2076 886 2138 immorburn
900 2077 1048 2156 incideris,
1061 2085 1161 2146 omniu
1173 2107 1238 2158 mos

126 2189 242 2247 ventur,
257 2176 321 2235 sive
334 2183 454 2252 ruptum
470 2171 510 2230 sit
524 2170 584 2230 ive
594 2169 728 2232 luxatum
748 2171 811 2230 sivo
832 2171 904 2250 quid
927 2171 1009 2236 eliud
1030 2174 1175 2252 vitiatum,
1194 2181 1238 2244 sic

128 2285 157 2334 et
177 2270 332 2333 civitatum
345 2277 376 2326 et
388 2275 589 2345 tyrannorum,
608 2261 676 2322 dum
690 2263 761 2324 foris
779 2263 858 2324 belle
871 2269 987 2343 gerunt,
1006 2268 1134 2330 obscure
1147 2273 1237 2354 vulgo

128 2366 206 2426 mala
221 2371 304 2436 sunt,
324 2359 443 2441 quondo
462 2367 562 2424 sutem
575 2355 730 2433 finitimum
743 2355 856 2417 bellum
874 2358 1047 2438 conseritur,
1063 2347 1238 2446 οιιιιιιιειι,

130 2469 265 2525 noscunt.
1081 2501 1087 2520 ,

168 2558 199 2617 8.
223 2554 257 2614 Si
268 2552 335 2633 quis
350 2560 448 2612 suum
462 2557 601 2624 vestrum,
617 2546 828 2621 Athenienses,
843 2497 1035 2614 eodifflcilern
1051 2573 1119 2618 esse
1141 2575 1238 2651 oppos
1276 2631 1281 2638 ι

128 2658 222 2730 gnatu
237 2645 408 2726 Philippum
422 2645 580 2717 existimet,
594 2641 675 2723 quod
697 2643 878 2704 fortunatum
896 2663 963 2706 esse
975 2647 1087 2724 vidsst,
1106 2651 1219 2714 utitur
1210 2675 1238 2716 rs

128 2741 252 2823 quidem
275 2738 364 2800 sobrii
385 2736 512 2798 hominis
534 2737 732 2816 cogitatione3
754 2755 823 2796 uem
841 2737 994 2798 multum
986 2759 1016 2800 ιιι
1039 2743 1157 2818 fortune
1173 2763 1237 2810 mo·

128 2835 220 2896 menti
236 2842 293 2906 est,
304 2851 340 2892 nc
351 2851 387 2891 es
399 2831 497 2911 ponus
512 2829 618 2890 solnm
629 2829 766 2890 omnibus
779 2829 946 2890 mortalium
953 2833 1042 2894 rebus
1052 2835 1236 2904 dominatur-t
1259 2899 1261 2904 .

128 2947 186 3008 ego
200 2938 313 2998 tamen,
327 2925 352 2984 si
365 2923 446 3004 optio
463 2922 535 2990 mibi
555 2923 650 2994 detur,
671 2931 781 2982 nostrae
803 2922 885 2982 urbis
910 2923 1067 3001 fortunam,
1080 2932 1238 2997 modo-vos

46 3055 51 3062 ·
129 3023 185 3102 ipsi
197 3019 247 3080 vel
268 3017 420 3098 paululum
435 3014 532 3076 officio
546 3016 630 3094 fungi
643 3013 768 3087 velletis,
788 3014 866 3076 illius
890 3015 1016 3080 fortune
1040 3026 1237 3099 anteferrem
1317 3031 1320 3036 “

129 3117 224 3176 multo
238 3113 317 3174 enirn
332 3111 431 3192 plures
443 3109 527 3170 vobis
541 3127 649 3169 causus
663 3107 703 3168 ad
715 3107 844 3170 divinem
856 3109 1089 3176 benevolentium
1103 3119 1240 3184 obtinsn.

121 3209 198 3270 ‘dam
210 3209 309 3269 inesse
322 3205 419 3277 uideo,
441 3201 594 3281 quemilii.
636 3201 746 3260 Verum
769 3202 918 3276 sedemus,
940 3214 975 3266 ut
996 3205 1109 3288 opinor,
1131 3212 1238 3278 otiosi:

129 3323 189 3364 non
204 3307 427 3381 potestantem,
442 3295 494 3375 qui
506 3295 588 3374 piger
611 3303 666 3367 est,
681 3313 721 3357 ne
735 3294 835 3364 amicis
850 3296 969 3377 quidem
983 3301 1123 3362 mundare
1137 3315 1171 3366 ut
1184 3307 1239 3369 uli·

130 3397 203 3478 quid
213 3393 261 3456 sui
271 3411 364 3453 csusn
374 3390 494 3464 iaciant,
509 3387 617 3448 nodum
633 3395 705 3448 sene
718 3387 786 3450 diis.
827 3388 897 3450 Non
906 3390 1051 3470 igiturest
1061 3395 1238 3477 mirandum,

46 3489 50 3496 '
130 3492 156 3550 si
169 3489 231 3560 ille,
246 3504 316 3546 cum
330 3485 392 3562 ipse
404 3481 511 3541 militet
525 3489 556 3541 et
566 3480 691 3553 laboret,
705 3490 737 3541 et
749 3481 885 3544 omnibus
899 3485 986 3546 rebu's
996 3483 1120 3563 intersit,
1133 3495 1240 3554 etnul·

125 3585 188 3643 lom
201 3579 251 3640 vel
265 3577 452 3659 occasionem
465 3574 512 3634 vel
525 3573 628 3632 borum
643 3574 927 3653 praetermittendos
941 3589 1117 3648 cunctantes
1137 3593 1169 3644 et
1184 3585 1237 3647 ds·

128 3686 210 3737 creto
231 3667 376 3732 incientes
392 3677 422 3729 et
443 3667 510 3746 quid
528 3667 591 3726 noui
609 3668 647 3726 sit
659 3665 845 3729 sciscitantes
858 3680 987 3749 superet.
1029 3671 1100 3752 Ego]
1118 3675 1238 3755 quidem

129 3769 186 3830 hoc
209 3786 279 3827 non
285 3764 392 3822 miror:
420 3761 599 3821 contrarium
622 3759 721 3838 potius
746 3759 938 3822 ιιιιιιιιιιιοιιι
961 3764 1095 3844 dignum
1107 3777 1198 3844 esset,
1212 3773 1239 3836 si

127 3863 200 3923 nihil
215 3856 333 3939 agendo
346 3873 413 3950 nos,
427 3851 507 3938 quod
525 3852 637 3914 bellum
650 3851 819 3930 gerentibus
829 3855 976 3930 convenit,
984 3875 1051 3918 eum
1064 3858 1115 3938 qui
1127 3863 1238 3946 ubique

130 3957 226 4020 officio
240 3949 384 4030 fungitur,
396 3945 589 4009 sinceremus.
631 3943 712 4006 illud
725 3954 824 4006 sutem
836 3946 973 4022 demiror,
990 3950 1070 4038 quod
1083 3961 1152 4015 cuin
1167 3957 1239 4020 olim

129 4069 181 4111 sos
195 4039 439 4135 haoedaemoniis,
455 4038 664 4111 Athenienses,
678 4057 732 4118 pro.
744 4059 875 4101 communi
869 4023 1084 4113 Gtteoorum
1071 4065 1138 4126 jure
1152 4051 1238 4112 resti

127 4144 228 4231 teritis,
242 4148 277 4199 et
290 4135 385 4196 multe
397 4153 477 4213 suepe
490 4133 604 4213 privetu
618 4132 816 4196 emolumenta
829 4151 897 4213 quse
919 4134 1045 4236 arripere
1067 4137 1152 4200 licuit
1172 4143 1237 4206 sitis

130 4231 290 4318 aspernati,
300 4239 393 4308 utque
406 4225 483 4286 ulii
471 4246 523 4306 ιιι
537 4244 624 4288 suum
636 4226 811 4300 obtinerent,
819 4234 933 4295 ‚vestras
947 4248 1021 4309 opes
1035 4231 1239 4311 impenderitis

129 4331 269 4400 tributum
277 4319 462 4397 conferendo
475 4331 506 4382 et
524 4318 654 4400 periodo
666 4337 720 4408 pro
733 4318 798 4386 eliis
821 4318 952 4386 adieritis
975 4321 1138 4406 miiitnndo,
1156 4346 1240 4408 nunu

656 4432 696 4482 t
