2932 4952
520 308 691 398 999999
709 255 885 405 [errorum
1041 277 1058 400 J
1137 307 1142 316 '
1194 313 1255 382 999

150 469 257 562 aliqua
269 483 301 528 re
315 463 410 539 simili,
426 468 544 528 lllorum
558 469 682 548 cingulis
696 469 870 546 congregati
880 469 954 528 sitia
950 468 1131 564 superiores,
1140 485 1253 568 eornm

156 579 217 654 que
230 560 368 620 ferociam
382 556 552 620 coerceatis

149 655 248 719 40.
270 651 339 711 Jam
360 645 485 710 rorasse
508 621 575 713 talis
602 654 689 714 etiam
715 646 755 712 ad
776 665 828 720 tros
854 652 954 730 aliqua
976 653 1051 712 ratio
1074 653 1254 732 pelleretur:

147 743 253 830 *Quid
284 737 425 822 igitur,
434 744 468 802 si
484 738 562 803 ille
590 739 740 814 1ιι99,99
766 743 854 815 hoec,
874 763 1072 836 perpessus
1101 755 1167 815 est,
1190 759 1254 804 cur

96 878 100 886 ·
155 855 208 894 me
237 855 310 894 999
338 836 440 894 ultus
471 835 552 895 estl
579 836 626 895 vel
653 827 751 908 Quid
780 835 916 914 igitur?
944 836 1024 906 item,
1051 831 1108 895 alio
1129 837 1253 896 fortasse

146 927 293 1008 ,quopiam
314 945 331 985 e
353 926 430 986 laesis
444 928 602 988 nominato.
635 922 702 1005 Ego
721 946 792 986 vero
815 927 921 1005 quibus
940 927 977 986 de
1001 929 1096 987 causis
1118 928 1253 1007 opitulari

145 1018 211 1078 sibi
223 1015 348 1097 quisque
362 1018 504 1097 negligat,
520 1013 621 1081 omues
641 1038 694 1078 vos
719 1019 793 1078 scire
817 1019 946 1077 arbitror.
990 1019 1067 1077 Nam
1082 1028 1112 1077 et
1125 1037 1252 1100 occupa,

147 1109 258 1179 tiones,
274 1121 304 1168 et
318 1110 448 1168 studium
461 1107 690 1187 tranquillitatis,
702 1105 877 1180 et'int'autia,
891 1120 921 1168 et
935 1107 1042 1188 inopia,
1056 1113 1155 1169 999999
1164 1107 1252 1169 'deni-

151 1221 213 1281 que
227 1201 293 1260 aliae
315 1202 435 1260 infinita
459 1215 538 1261 9999
581 1202 649 1262 Ν99
675 1218 774 1262 tamen
792 1201 898 1261 decere
919 1202 1051 1271 arbitror,
1074 1203 1162 1261 istum
1182 1203 1253 1264 talia

146 1313 234 1352 nunc
249 1293 362 1363 afferre,
374 1293 427 1352 sed
439 1296 475 1354 ab
483 1291 610 1399 objectis
623 1293 790 1353 criminibus
804 1292 931 1352 alienum
945 1305 976 1352 et
989 1313 1093 1398 purum
1109 1313 1173 1354 9999
1186 1315 1252 1356 sese

147 1385 320 1448 ostendere.
361 1385 495 1451 Quod
474 1406 498 1445 sr
519 1383 655 1480 nequeat,
680 1397 834 1480 propterea
856 1373 1060 1464 multomagis
1081 1383 1169 1447 exitio
1186 1402 1253 1448 esse

153 1473 287 1558 dignum.
331 1476 408 1535 Nam
431 1478 533 1536 sitam
547 1473 651 1580 potens
671 1487 727 1546 999,
743 1487 777 1535 ut
789 1476 896 1536 tahbus
910 1477 1007 1548 factis,
1021 1497 1107 1537 uerno
1120 1490 1251 1538 nostrum
1288 1490 1292 1497 “

145 1567 263 1649 judicio
275 1587 343 1628 cum
356 1587 391 1628 eo
405 1589 502 1646 agere,
516 1578 568 1628 aut
581 1563 775 1647 ejusinjurius
767 1565 890 1638 ulcisci
904 1565 1009 1648 possin
1027 1579 1109 1628 'nunc
1122 1571 1252 1630 vindicta

145 1661 282 1740 publica,
294 1672 448 1740 postquam
459 1661 634 1720 constrictus
647 1665 773 1732 tenetur,
787 1656 975 1720 ab'omnibus
990 1663 1106 1722 nornine
1121 1651 1250 1722 omnium

38 1777 48 1785 “
146 1762 199 1812 999
220 1752 398 1830 puniendus,
413 1763 564 1829 tanquam
576 1751 739 1812 communie
760 1751 853 1811 hostis
876 1749 1061 1832 reipublice}
1082 1746 1174 1812 fer'tur
1196 1753 1250 1813 ali·
1266 1793 1267 1800 ι

150 1843 273 1923 quando
283 1843 414 1903 fuissem
427 1843 484 1904 hac
498 1843 583 1916 urbe,
595 1845 699 1904 veteris
717 1838 794 1904 illius
807 1839 974 1947 sclipitatis'n
968 1847 1155 1924 temporibus,
1170 1839 1250 1906 Alci

143 1937 267 2008 driades,
285 1955 335 2030 qur
327 1936 453 2014 'quibus
466 1949 496 1994 et
508 1937 625 2025 quantis
646 1937 675 1994 ι9
689 1937 829 2014 populum
843 1934 992 1994 beneficiis
1007 1937 1132 2016 collatis,
1153 1935 1250 1996 consi-

145 2027 289 2098 decute
270 2047 381 2106 quaese,
391 2025 540 2106 quomodo
554 2047 572 2086 a
585 2017 743 2106 majoribus
757 2026 861 2085 vestris
872 2023 959 2084 suerit
968 2037 1119 2098 tractatus,
1134 2040 1250 2106 postea-

144 2140 242 2200 quam
256 2119 371 2179 omnem
386 2120 538 2199 grassandi
552 2117 699 2179 licentiam
715 2115 769 2176 sibi
782 2115 957 2176 'sumendam
976 2120 1100 2177 censuit.
1143 2115 1249 2198 Neque

149 2211 219 2278 hae'c
240 2230 275 2271 9ο
300 2210 377 2283 dico,
401 2213 483 2290 quod
503 2211 649 2271 Alcibiadi
674 2209 799 2267 Midium
820 2204 1020 2287 comparatum
1042 2203 1138 2268 uelim.
1160 2209 1248 2270 rNou

145 2306 193 2366 ita
207 2298 274 2365 suhi
294 2307 424 2378 demens,
438 2326 493 2366 999
516 2305 655 2366 attonitus
676 2297 740 2382 ego.
784 2304 844 2362 Sed
865 2312 898 2361 ut
918 2295 1016 2362 sciatis
1037 2323 1100 2374 vos,
1125 2304 1248 2366 Atheni-

142 2419 250 2470 ·euses,
268 2393 303 2457 ¹et
325 2398 470 2468 statuatis,
492 2391 603 2457 nullam
625 2415 721 2474 neque
744 2415 820 2468 csse,
840 2413 936 2472 neque
956 2394 1082 2454 suturam
1101 2416 1176 2468 esse,
1201 2399 1248 2464 vel

148 2487 301 2561 fabrilium,
314 2490 362 2548 vel
384 2483 573 2568 opulentiam,
597 2490 644 2548 vel
665 2485 835 2567 potentiam,
857 2505 925 2565 quoe
948 2487 1069 2565 populo,
1092 2475 1250 2567 coujuncta
1293 2543 1296 2548 ,

104 2631 107 2636 .
150 2581 390 2641 cumiusolenlia
403 2593 434 2640 et
446 2581 562 2658 injuria
576 2581 614 2639 sit
628 2579 759 2640 ferenda·
1056 2570 1060 2576 ⁴
1097 2569 1100 2576 ’
1328 2581 1335 2588 ’

142 2717 149 2728 .
192 2675 243 2732 41.
267 2671 365 2732 Nam
358 2693 382 2732 rs
395 2665 547 2751 paternum
561 2692 656 2750 genus
670 2674 707 2731 ab
721 2671 929 2731 Alcmoeonidis
944 2672 1051 2732 ducere
1064 2661 1246 2758 perhibetur:

148 2785 226 2847 9999
240 2766 322 2825 aiunt
331 2775 411 2826 mota
423 2785 476 2844 pro
490 2766 622 2824 libertate
631 2764 732 2852 populi
744 2773 991 2852 coutratJrurrnos
1002 2765 1155 2850 seditione,
1166 2781 1247 2830 actos
1348 2763 1352 2769 ¹

149 2879 218 2919 esse
229 2859 258 2916 iu
252 2855 414 2928 exsilium,
427 2868 457 2916 et
469 2853 622 2951 pecuniam
631 2847 753 2934 Delphis
766 2866 923 2926 mutuatos,
935 2857 1076 2915 liberasse
1091 2845 1246 2935 civitatem,
1279 2860 1282 2868 '

151 2950 295 3018 Pisistrati
306 2949 372 3008 liliis
374 2949 503 3034 ejectis:
518 2945 681 3007 maternum
695 2949 733 3005 ab
749 2943 927 3024 Hipponico,
940 2967 1007 3023 quae
1020 2947 1133 3006 familia
1140 2961 1169 3009 et
1181 2952 1248 3056 ipsa

141 3035 261 3126 optime
271 3043 308 3102 de
322 3027 434 3121 populo
445 3059 644 3120 sepenumero
658 3041 760 3098 merita
773 3047 828 3097 est.
855 3039 959 3115 Neque
970 3038 1018 3098 ille'
1028 3039 1092 3098 haec
1104 3059 1121 3098 9
1132 3041 1246 3145 majori-

148 3127 362 3202 busduntaxat
372 3143 535 3211 acceperat,
545 3131 640 3192 sedet
652 3131 715 3209 ipse
730 3150 781 3208 pro
791 3129 911 3208 populo
926 3129 1066 3207 correptis
1088 3132 1186 3203 armis,
1201 3135 1246 3195 bis
1263 3169 1270 3174 -

142 3225 353 3304 1Sami,tertio'
346 3245 375 3283 rn
389 3225 462 3284 hac
454 3243 520 3304 rpsa
533 3225 615 3292 urbe,
630 3242 684 3282 suo
699 3239 821 3299 corpore
835 3239 918 3280 suam
929 3220 1172 3293 benevolentiam,
1187 3231 1247 3284 non

148 3319 296 3408 pecuniis,
307 3328 359 3376 aut
367 3317 462 3378 verbrs
471 3315 574 3396 patnae
587 3315 730 3396 probavit.
752 3312 898 3372 Praeterea
908 3312 1090 3389 equestribus
1101 3313 1247 3403 Olympiae

147 3411 358 3476 certamrnrbus
369 3410 575 3478 contendebat
590 3408 717 3486 optimus
738 3406 807 3464 item
829 3405 993 3495 imperator,
1007 3413 1037 3462 et
1050 3425 1192 3480 summus,
1213 3423 1247 3470 ut

147 3508 244 3574 aiunt,
266 3514 363 3563 orator
385 3498 444 3560 ille
456 3501 629 3562 habebatur.
672 3497 732 3558 Sed
757 3488 956 3557 nihilominus
964 3495 1034 3573 [illis
1055 3501 1246 3602 temporibus]

141 3598 275 3676 majores
285 3595 374 3654 vestri
387 3593 470 3653 istius
483 3593 612 3670 aequales
623 3591 662 3649 ob
675 3583 745 3648 nihil
758 3588 860 3650 horum
872 3605 909 3644 se
919 3588 956 3645 ab
969 3585 1020 3645 ι119
1033 3590 1130 3647 vexari
1144 3601 1247 3649 contu·
1305 3655 1309 3668 J

148 3691 272 3750 meliose
287 3686 367 3766 passi
381 3694 468 3745 sunt:
491 3685 544 3743 sed
569 3682 671 3742 exsilio
691 3680 864 3739 mulctatum
883 3679 1041 3756 ejecerunt,
1064 3689 1094 3738 et
1115 3685 1247 3756 quamvis

144 3777 438 3860 Lacedaemoniorum
462 3794 533 3855 opes
558 3793 672 3868 magna>
683 3773 758 3830 tum
780 3779 888 3862 999999,
912 3781 1012 3828 tamen
1031 3779 1061 3828 et
1087 3767 1245 3834 Deceleam

147 3869 254 3968 coutra
266 3889 297 3930 se
309 3865 423 3939 muniri,
438 3879 468 3927 et
479 3885 568 3926 naves
578 3861 719 3942 intercipi,
729 3855 827 3922 omnia
840 3861 965 3939 denique
980 3860 1146 3920 tolerarunt·
1142 3866 1245 3942 ‚quid-

101 3999 105 4007 ·
146 3959 193 4026 ‘vis
207 3951 313 4022 ruilus
308 3960 386 4056 pati
399 3941 594 4038 placatabilius
608 3975 672 4014 esse
687 3964 835 4032 putantes,
845 3951 1073 4030 quamvolentes
1083 3957 1245 4018 concedere

147 4067 182 4118 ut
195 4063 380 4114 vexarentur
421 4050 482 4110 Sed
496 4069 563 4127 quse
578 4049 698 4107 tandem
719 4045 796 4104 illius
819 4055 900 4101 tanta
918 4043 1001 4099 fuit'
983 4041 1108 4120 rujuriu,
1122 4060 1245 4124 quanta-
1285 4097 1291 4104 .

146 4161 214 4212 rum
226 4147 281 4206 iste
301 4147 380 4203 9999
394 4153 441 4201 est
457 4138 628 4200 convictus?
653 4137 774 4195 Taurea
792 4132 870 4190 aedili
884 4131 999 4210 alapam
1014 4133 1105 4192 dedit.
1147 4137 1212 4196 Sit
1204 4151 1245 4200 ιιι

138 4239 235 4303 sane.
272 4235 332 4296 Sed
347 4234 439 4294 sedilis
453 4231 531 4290 sedili
552 4231 584 4289 id
606 4228 686 4297 fecit,
702 4219 837 4285 9999199
852 4223 908 4282 hac
927 4223 975 4281 199
956 4221 1122 4301 geviolata.'
1165 4230 1244 4292 Nam

147 4353 186 4394 eo
199 4329 332 4408 tempore
345 4323 549 4394 latauondum
564 4332 635 4383 erat.
678 4313 824 4376 Pictorem
839 4314 1093 4393 Agatharchum
1085 4338 1114 4376 ι9
1128 4320 1245 4382 vincula

146 4422 286 4503 conjecit.
327 4419 406 4494 Nam
428 4415 540 4476 ethaeo
561 4411 673 4472 dicunt.
713 4410 755 4470 At
773 4407 804 4466 id
828 4406 1046 4486 delinquentem
1059 4429 1127 4468 eum
1141 4409 1245 4490 depre-
