2948 4954
226 319 282 381 148
473 311 532 373 DE
554 311 787 374 REPUBLIGA
806 307 1069 372 ORDlNANDA,

223 459 318 538 briant
340 467 395 549 ipsi
408 468 483 528 enim
494 467 631 528 videmini
641 477 757 548 propter
765 469 907 528 honorum
918 464 1161 546 magnitudinem,
1170 483 1245 543 quos
1255 484 1321 545 pro·

222 575 323 644 pterea
337 561 461 621 ducibus
477 561 659 635 decrevistis,
668 561 772 622 harum
787 581 881 620 rerum
891 560 983 640 gloria
998 559 1053 618 illis
1063 559 1178 618 cedere.

263 660 294 717 9.
316 656 394 722 Quin
408 656 494 715 etiam
510 655 607 715 civilia
622 655 701 715 dona
714 665 747 714 nt
759 656 802 714 illi
814 653 915 734 pulcre
928 653 1137 732 largiebantur,
1149 651 1190 710 sic
1200 670 1254 715 ros
1265 651 1323 710 non

222 760 313 823 reete,
322 748 481 828 peregrinis
494 767 580 828 porro
594 768 716 808 munera
729 747 875 826 quomodo
889 745 931 805 illi
946 743 1181 813 distribuebant?
1204 742 1325 802 Meneni

226 840 379 904 Pharsalia
391 841 440 919 qui
452 840 606 900 duodecim
617 840 730 919 argenti
740 841 860 904 'talenta
873 839 911 898 ad
929 839 1038 899 bellum
1049 846 1170 916 ¹gestum
1188 835 1219 893 in
1233 835 1324 895 Elone

225 936 263 996 ad
280 931 477 1013 Amphipolim
489 932 698 1014 suppeditarat,
706 942 738 991 et
751 933 892 1000 ducentos
908 925 1021 1010 equites
1035 929 1155 988 clientes
1175 947 1242 987 suos
1256 947 1324 1005 sup

225 1027 319 1108 petias
334 1027 462 1096 miserat,
473 1043 533 1082 non
548 1023 695 1083 civitatem
713 1024 913 1097 decreverunt,
923 1023 975 1082 sed
988 1021 1199 1082 immunitatem
1209 1031 1322 1081 motum

226 1119 379 1179 dederunt.
395 1137 398 1144 ·
421 1115 461 1174 Et
472 1128 541 1176 ante
554 1115 634 1175 hunc
649 1115 810 1188 Perdicca,
824 1117 874 1194 qui
887 1136 945 1194 quo
954 1125 1083 1194 tempore
1097 1115 1244 1174 Barbarus
1257 1113 1323 1173 Per-

227 1229 325 1272 sarum
335 1231 386 1272 rex
399 1208 466 1266 olim
479 1209 622 1270 Graciam
636 1208 781 1268 hostiliter
794 1211 940 1268 invaserat
954 1227 1005 1267 rex
1018 1206 1205 1267 Macedoniae
1219 1206 1323 1278 suites

227 1305 371 1364 Barbaros
384 1301 433 1380 qui
452 1310 520 1380 post
540 1310 689 1381 acceptam
708 1299 823 1360 cladem
843 1300 960 1360 Platoeis
978 1299 1156 1360 recedebant
1168 1298 1282 1368 ¹delevit
1295 1309 1324 1358 et

227 1396 290 1475 regi
300 1394 455 1454 Persarum
466 1395 609 1474 integram
618 1394 698 1452 illam
712 1403 840 1472 stragem
854 1393 933 1467 fecit,
943 1411 1002 1452 non
1017 1391 1212 1452 decreverunt
1225 1392 1322 1450 cirita·

227 1498 296 1558 tem,
309 1487 364 1547 sed
378 1489 589 1546 immunitatem
598 1485 753 1559 duntaxat,
766 1505 901 1564 magnam
923 1485 1057 1544 nimirum
1068 1495 1100 1544 et
1113 1483 1285 1562 praeclaram
1297 1494 1323 1550 et

227 1579 421 1640 venerabilem
431 1577 643 1658 suampatriam
658 1578 855 1638 existimantes
869 1588 899 1637 et
908 1578 1012 1656 quovis
1022 1577 1161 1657 majorem
1170 1576 1322 1637 beneficio.

230 1673 318 1754 Nunc
328 1691 406 1743 vero,
421 1671 625 1740 Athenienses,
639 1670 771 1729 homines
784 1669 913 1750 perditos
928 1689 1026 1730 servos
1040 1669 1130 1728 servis
1141 1668 1268 1747 genitos,
1277 1687 1324 1728 ae·

228 1775 316 1843 cepto
329 1773 469 1841 tanquam
482 1781 536 1840 pro
550 1761 613 1819 aliis
629 1762 772 1836 mercibus
792 1763 895 1841 pretio,
909 1761 985 1821 cives
998 1760 1103 1820 facitis.
1145 1760 1185 1820 Et
1196 1760 1263 1818 haec
1276 1779 1324 1821 vo·

227 1857 275 1916 bis
292 1875 381 1934 agere
394 1857 488 1914 visum
506 1863 551 1912 est
571 1872 629 1912 nou
643 1854 721 1930 quod
742 1854 931 1915 deterioribus
946 1854 1008 1914 sitis
1020 1853 1144 1932 ingeniis
1163 1871 1253 1932 quam
1265 1873 1325 1913 ma·

224 1950 308 2027 joras
321 1947 419 2018 vestri,
431 1946 482 2004 sed
493 1946 574 2024 quod
582 1944 623 2004 illi
636 1944 691 2024 ipsi
704 1945 741 2004 de
752 1966 784 2004 se
793 1948 934 2026 praeelarc
946 1956 1109 2018 senserunt,
1121 1945 1205 2005 robis
1216 1956 1325 2020 autem,

229 2039 433 2110 Athenienses,
447 2037 476 2096 id
490 2047 622 2116 ereptum
633 2046 688 2095 est.
730 2037 834 2114 Neque
844 2059 912 2096 vero
923 2037 984 2116 lieri
994 2057 1123 2116 unquam
1133 2039 1325 2118 prosectcpo-

229 2142 297 2204 test,
311 2130 484 2192 uthomines
498 2129 593 2208 parvis
608 2141 638 2188 et
650 2127 753 2187 vilrbus
767 2128 901 2206 occupati
911 2130 998 2186 rebus
1011 2129 1149 2188 sublimes
1163 2140 1193 2189 et
1202 2150 1324 2208 genero·

229 2244 278 2284 sos
292 2225 409 2304 spiritus
431 2223 608 2302 concipiant,
622 2221 867 2300 quemadmodum
880 2219 1006 2280 vicissim
1025 2230 1130 2280 natura
1145 2222 1276 2285 nonsart
1295 2234 1328 2283 nt

153 2353 156 2360 »
229 2316 392 2396 splendidis
415 2327 450 2375 et
466 2315 612 2396 preclaris
627 2312 753 2392 negotiis
775 2312 876 2390 dediti,
891 2311 1002 2372 animos
1017 2312 1137 2391 pusillos
1156 2311 1326 2376 habeantet

230 2401 378 2488 abjectos:
399 2429 466 2468 nam
489 2408 586 2486 qualia
607 2406 757 2466 hominum
778 2404 878 2465 studia
891 2404 1007 2478 fuerim,
1020 2404 1127 2464 talibus
1151 2424 1202 2466 eos
1223 2407 1326 2467 animis

230 2503 320 2562 etiam
334 2521 399 2561 esse
414 2501 551 2580 praeditos
565 2519 687 2559 necesse
698 2507 753 2558 est.

275 2598 321 2654 10.
344 2593 547 2664 Considerate,
560 2611 671 2670 quaeso,
686 2612 753 2670 quas
763 2593 860 2672 capita
871 2593 1031 2662 enumerari
1045 2594 1160 2673 possint
1172 2613 1273 2654 aarum
1281 2613 1326 2654 re·

230 2707 296 2746 rum
307 2705 381 2764 quas
400 2685 443 2743 illi
458 2695 612 2763 gesserunt
627 2704 758 2762 quasque
777 2704 829 2744 vos
843 2685 952 2764 geritis,
966 2706 1004 2754 an
1013 2685 1062 2745 'his
1076 2687 1151 2747 inter
1163 2706 1196 2746 se
1215 2687 1329 2746 collatis

231 2779 313 2838 vobis
326 2777 398 2857 ipsis
411 2776 544 2835 meliores
558 2775 621 2835 fieri
629 2776 755 2856 possitis.
797 2777 843 2844 Illi
854 2777 944 2857 igitur
952 2799 1048 2838 annos
1063 2781 1328 2859 quinqueetsexa·

231 2871 314 2952 ginta
327 2867 617 2930 Graecis'volentihus
629 2869 810 2948 imperarunt
819 2883 837 2939 ;'
849 2871 972 2950 amplius
984 2871 1081 2931 decies
1091 2871 1291 2932 millctalenta
1300 2875 1329 2933 in

231 2982 327 3025 arcem
341 2959 567 3041 congesserunt;
590 2963 683 3023 multa
706 2973 736 3022 et
758 2963 898 3043 proeclara
918 2975 997 3024 terra
1017 2965 1146 3044 marique
1164 2977 1330 3045 pugnantes

230 3069 341 3138 tropaea
353 3065 516 3128 erexerunt,
530 3075 596 3135 quae
610 3057 697 3116 etiam
712 3075 790 3118 nunc
804 3057 884 3116 laudi
898 3057 980 3117 nobis
991 3057 1134 3118 ducimus.
1172 3057 1267 3137 Atqui
1275 3079 1330 3140 pu.

229 3167 291 3216 tare
304 3149 416 3208 debetis
431 3149 498 3208 illos
517 3169 553 3219 ea
563 3150 701 3223 erexisse,
714 3169 773 3209 non
785 3158 819 3208 nt
835 3168 889 3210 nos
900 3149 954 3210 illa
965 3160 1135 3230 spectantes
1146 3161 1262 3210 tantum
1277 3153 1329 3212 ad·

231 3243 408 3312 miraremur,
426 3241 478 3301 sed
492 3252 523 3300 ut
537 3241 623 3302 etiam
640 3241 758 3302 virtutes
769 3261 874 3302 eorum
893 3261 911 3302 a
925 3243 1030 3321 quibus
1044 3253 1215 3304 consecrata
1227 3255 1332 3304 essent

229 3333 416 3394 imitaremur.
458 3332 497 3391 Et
507 3333 550 3392 illi
564 3333 683 3413 quidem
696 3335 778 3394 haec:
800 3334 864 3394 Nos
877 3353 946 3394 nero
969 3345 1052 3394 tanta
1072 3334 1246 3396 circumdati
1260 3336 1331 3394 soli-

211 3503 212 3506 *
232 3423 334 3485 tudine
348 3433 489 3500 quantam
502 3426 605 3484 videtis
620 3446 734 3498 omnes,
747 3426 931 3488 considerate
946 3427 1105 3487 acsimilia.
1137 3427 1257 3488 Annon
1268 3447 1331 3486 am-

231 3511 309 3596 plius
323 3513 401 3573 mille
415 3525 447 3572 et
457 3515 620 3593 quingenta
628 3517 741 3574 talenta
751 3518 783 3576 in
797 3519 968 3578 Graecorum
980 3520 1130 3578 mendicos
1144 3520 1331 3598 frustrante·

231 3606 383 3668 indimus?
406 3605 452 3664 An
465 3625 524 3664 non
536 3618 568 3665 et
581 3607 700 3685 privatae
714 3607 830 3668 familiae
841 3631 944 3668 omnes
956 3621 987 3668 et
997 3611 1131 3669 ararium
1141 3611 1332 3686 publicnmet

233 3719 300 3780 quae
313 3719 334 3760 a
350 3698 440 3758 sociis
451 3697 643 3756 conferuntur
657 3708 727 3757 sunt
739 3698 899 3758 exhausta?
921 3701 972 3758 An
984 3717 1045 3760 non
1057 3719 1130 3778 quos
1146 3699 1268 3760 inbelle
1281 3723 1330 3766 so-

233 3793 294 3854 cios
308 3791 392 3852 nobis
407 3788 603 3869 adjunximus,
618 3789 647 3848 hi
661 3791 740 3869 pacis
753 3801 885 3870 tempore
894 3790 1064 3870 perierunt?
1085 3793 1139 3862 At,
1151 3793 1330 3871 perderem,

232 3883 299 3944 lucc
313 3884 379 3944 sola
390 3881 581 3942 scilicettunc
595 3881 714 3941 meliora
724 3883 804 3943 fuere
819 3903 907 3962 quam
919 3893 1128 3956 enumeratam
1139 3904 1211 3948 vero
1223 3886 1331 3948 deteri·

232 3975 303 4044 ora?
325 3976 486 4036 Plurimum
500 3976 681 4034 certeabest.
722 3974 886 4053 Sed'quidl
907 3975 1135 4040 Consideremus
1148 3978 1257 4040 vultis?
1278 3981 1331 4044 ΛΕ-

232 4066 332 4127 dificia
344 4068 433 4146 igitur
445 4076 477 4127 et
491 4073 661 4126 ornamenta
674 4067 762 4140 urbis,
775 4067 949 4146 templorum
960 4077 991 4130 et
998 4078 1134 4147 portuum
1144 4081 1249 4150 atquae
1260 4084 1331 4137 sunt

234 4163 295 4234 ejus
310 4159 425 4236 generis
436 4159 506 4231 alia,
515 4168 561 4219 tot
573 4169 603 4220 et
615 4167 697 4218 tanta
716 4158 757 4217 illi
775 4158 961 4237 reliquerunt,
973 4170 1007 4220 ut
1017 4161 1058 4224 ed
1071 4181 1171 4224 eorum
1185 4163 1331 4224 excellen-

233 4253 303 4314 tiam
318 4251 496 4330 nihilpossit
509 4252 662 4330 posteritas
683 4252 809 4320 adderet
830 4271 935 4331 nempe
947 4254 1099 4334 propylaea
1105 4253 1205 4320 hacce
1218 4275 1285 4332 quae
1300 4258 1331 4318 in

234 4352 481 4426 conspectum,
491 4346 618 4420 navalia,
628 4345 768 4428 porticus,
779 4347 1008 4424 ceteraqurhus
1020 4345 1064 4432 illi
1072 4349 1173 4410 urbem
1185 4348 1330 4412 nobiseu-
