2948 4954
567 297 625 360 DE
647 301 834 405 GORQNA.
1180 309 1246 368 urs

146 450 288 512 quinum
306 449 387 512 utiqrre
402 451 575 514 multatibus
596 454 704 518 siiirque,
725 455 766 518 qui
788 471 849 504 nuuc
865 455 958 519 quidem
971 458 1057 520 petisti
1072 467 1135 517 suut,
1149 461 1248 526 supinet

144 534 224 576 nutem
236 527 384 576 veementer
395 535 421 576 nt
431 528 526 590 dirupto
537 544 588 592 que
603 545 664 580 nuno
675 531 732 580 milri
743 547 796 580 oum
806 547 836 581 so
846 533 972 584 intercedit
986 534 1089 586 saisitis
1103 536 1191 586 beilum
1200 553 1245 600 pu·

143 605 215 666 pulus
226 603 346 661 immutet,
358 605 428 668 idque
439 611 465 653 nt
480 606 520 654 flet
534 606 607 660 multo
617 609 703 670 mujure
715 609 792 656 studio
801 611 943 660 contendunt
954 628 1021 673 quum
1033 621 1059 660 ut
1076 611 1243 676 Selymbrisnis

142 683 297 744 opitulentur.
321 685 424 744 Eumque
435 699 483 731 rem
493 685 539 733 sibi
551 686 650 746 questui
661 686 711 733 lore
721 686 856 737 existiment
868 705 874 734 ι
892 704 971 738 rerum
982 706 1026 753 ego
1037 707 1082 740 non
1091 692 1189 742 urbitror
1199 707 1243 740 uec

96 800 100 806 .
143 758 202 806 mihi
212 774 257 806 nec
269 759 336 806 robis
347 759 372 805 id
384 759 506 821 quicquum
517 762 679 822 profuturum..
697 763 854 822 Quamobrem
864 770 889 811 et
900 766 992 830 nerigiu
1003 781 1055 829 quse
1072 767 1101 814 ud
1112 783 1154 815 nos
1166 768 1244 817 deluis

145 842 200 883 sunt
209 835 279 883 vobis
291 836 375 906 iterum
384 835 486 894 remitto,
494 853 521 884 eo
530 837 554 885 in
565 845 683 900 posterum
694 838 714 888 si
722 839 816 901 quidem
829 841 975 902 megirtrrtus
987 850 1080 891 vestros
1090 859 1164 905 remp.
1176 845 1242 916 npuli-

144 911 208 959 tiose
216 903 387 959 'sdministrtire
397 927 442 960 nou
453 912 543 971 sinetis,
559 914 614 977 quin
624 914 647 962 iu
659 909 701 963 sos
709 915 910 974 'sntnstvertestc
927 925 972 980 ego
983 935 1075 984 quoque
1085 921 1137 983 pu'oi
1148 917 1243 972 conier-

143 993 230 1041 runde
238 1004 329 1056 operum
337 993 406 1040 dubo.
439 993 530 1043 Vsiete.
1125 993 1128 1004 '
1184 991 1201 1010 ''

183 1167 235 1244 ‚24-
256 1151 411 1242 Nusquer'n
420 1163 470 1236 hic
482 1163 685 1238 Demosthenis
699 1183 806 1248 nomen
820 1166 927 1243 posuit,
941 1167 1053 1246 nullam
1066 1163 1104 1234 ¹in'
1117 1187 1163 1230 me
1176 1167 1239 1230 cul-

139 1275 210 1336 pem
231 1253 341 1330 injecit.
391 1253 453 1314 Gur
474 1255 573 1333 igitur,
592 1274 661 1314 curn
688 1254 759 1314 elios
778 1255 954 1330 criminetur,
973 1259 1084 1318 nullam
1103 1260 1141 1320 ds
1163 1261 1236 1322 meis

139 1349 228 1408 rebus
250 1346 344 1426 gestis
362 1346 542 1406 mentionem
562 1346 655 1407 iecit?
694 1346 774 1415 Quis
786 1349 824 1407 de
839 1351 900 1410 suis
914 1351 943 1408 in
963 1371 1011 1410 nos
1028 1352 1138 1433 injuriis
1152 1342 1235 1414 men·

138 1442 248 1501 tionem
258 1439 387 1512 fecisset,
399 1439 425 1498 si
436 1439 507 1522 quid
522 1439 559 1500 de
573 1458 621 1500 me
630 1440 803 1524 scripsisset.
823 1441 879 1502 His
889 1441 967 1502 enim
980 1462 1035 1524 ego
1049 1442 1234 1520 inherebant,

138 1533 243 1613 hisque
253 1531 438 1594 adversabar.
479 1531 664 1620 Acprimum
678 1532 800 1616 illumin
815 1533 1049 1616 Peloponnesum
1059 1537 1235 1624 legationem

138 1626 266 1699 decrevi,
280 1645 340 1704 quo
352 1615 483 1704 tempore
496 1624 521 1684 is
536 1623 566 1685 in
580 1619 817 1704 Peloponnesum
830 1626 964 1706 irrepsit:
986 1626 1092 1688 deinde
1114 1628 1235 1697 alteram

136 1722 167 1782 in
183 1717 429 1792 Euboesm,‘cum
456 1715 612 1777 Euboeem'
627 1713 799 1778 stte'utusit:
830 1711 1045 1798 expeditionem
1068 1711 1188 1780 deinde
1201 1705 1233 1780 iil

136 1814 257 1886 Oreum,
271 1831 333 1872 non
343 1811 407 1891 jem
425 1810 611 1890 legationem,
634 1807 723 1890 atque
745 1812 867 1871 alteram
886 1813 917 1872 in
936 1813 1089 1884 Eretriam,
1113 1821 1231 1900 postes·

135 1925 226 1986 quum
238 1917 378 1985 tyrannos
389 1903 445 1964 iste
455 1903 485 1962 in
499 1902 546 1964 his
553 1901 674 1963 urbibus
682 1904 883 1964 constitueret.
898 1895 1052 1968 Postiemo
1060 1906 1169 1967 classes
1179 1925 1231 1966 ess
1256 1955 1261 1966 .

136 2005 240 2061 omnes
259 1997 377 2070 immisi,
387 1995 493 2074 quibus
506 2004 537 2056 et
553 1996 755 2057 Chersonesus
773 2006 804 2057 et
814 1997 989 2078 Byzantium
1007 2010 1037 2058 et
1051 1999 1122 2060 socii
1132 2017 1233 2080 omnes

136 2101 210 2154 sunt
225 2089 400 2152 conserviiti.
443 2087 531 2150 Unde
543 2090 625 2150 robis
643 2083 842 2170 pulcherrime
863 2091 914 2152 ille
932 2102 1002 2152 nete
1023 2103 1101 2164 sunt,
1118 2081 1233 2166 leudes,

134 2185 239 2267 glorie,
252 2185 390 2258 honores,
409 2201 538 2262 corones,
551 2181 651 2262 grutiae
661 2185 698 2243 sb
711 2183 747 2242 iis
765 2183 816 2260 qui
828 2185 1003 2244 beneficium
1017 2205 1035 2245 e
1048 2185 1130 2245 uobis
1146 2205 1230 2246 acoe-

132 2289 259 2360 perant:
291 2295 392 2338 eorum
417 2283 513 2335 eutem
536 2275 641 2351 quibus
665 2271 844 2352 isinjurinm
867 2275 1002 2350 iaciebat,
1030 2277 1054 2335 si
1076 2277 1126 2356 qui
1148 2277 1234 2338 robis

129 2375 306 2452 paruerunt,
326 2347 452 2429 sulitteru
472 2362 571 2443 adepti
592 2361 672 2435 suut,
695 2365 745 2440 qui
767 2359 865 2422 eutem
886 2367 1086 2444 neglexerunt,
1101 2367 1232 2432 iocsimt
1303 2403 1305 2412 =

131 2463 273 2526 comecuti
286 2471 319 2520 ut
331 2470 362 2520 et
373 2463 409 2520 e'n
417 2460 484 2538 ques
496 2453 694 2536 predixerstis
708 2473 787 2533 seepe
807 2457 1042 2532 recordarentur,
1051 2457 1162 2537 rosque
1170 2477 1230 2542 nou

131 2557 233 2618 solum
252 2553 358 2633 optime
376 2550 431 2612 sini
450 2548 577 2609 voluisse
597 2545 661 2606 sed¹
675 2543 706 2606 ‘et
717 2546 875 2625 prudentes
894 2550 973 2609 riros'
996 2561 1027 2609 et
1044 2563 1125 2610 vetes
1139 2551 1233 2612 luisse

127 2649 314 2730 judicarentt
335 2643 435 2703 omnis
447 2640 524 2700 enim
538 2655 722 2720 quecunque
732 2638 767 2699 iis
777 2639 964 2718 prsedixisds,
978 2653 1147 2704 euenerunt.

171 2744 224 2801 Μ
243 2735 334 2815 Atqui
346 2752 454 2812 magno
467 2729 746 2812 empturum'iuisse
771 2731 966 2806 Philistidem,
979 2741 1013 2792 ut
1027 2733 1228 2795 Oreumtene·

130 2844 188 2907 ree,
200 2848 309 2909 magno
323 2825 515 2898 Clitarchum,
527 2833 561 2884 ut
578 2823 722 2884 Eretriam
741 2823 911 2902 possideret,
935 2843 1044 2904 magno
1059 2825 1227 2908 Philippum

130 2927 241 3006 ipsum,
248 2932 281 2981 ut
292 2922 358 2981 h'oee
370 2927 476 2980 contre
486 2933 542 2983 ros
548 2916 686 2998 prtesidis
698 2915 830 2990 heberet,
841 2935 896 2977 nec
906 2916 1066 2978 detesteris
1076 2919 1162 2980 rebus
1173 2939 1225 2980 eo-

130 3023 314 3098 signentur,
325 3033 385 3073 nec
397 3011 502 3092 quirin
511 3029 560 3072 ess
571 3027 645 3090 ques
653 3008 781 3070 leniebat
790 3009 910 3089 injurius
924 3029 1049 3088 nequem
1059 3010 1227 3092 inquireret,
1330 3064 1335 3078 ,

129 3128 220 3172 nemo
242 3117 288 3168 est
306 3106 359 3186 qni
377 3105 502 3184 ignoret,
516 3101 646 3164 omnium
667 3117 741 3162 vero-
755 3101 872 3168 minime
891 3110 943 3160 tu:
963 3101 1054 3180 legati
1076 3101 1154 3186 enim
1175 3103 1225 3182 qni

128 3209 195 3266 tirm
213 3222 232 3262 u
253 3193 403 3262 Clitarcho
424 3208 455 3258 et
476 3189 630 3259 Philistide
647 3195 706 3254 huo
724 3194 891 3266 veniebant,
917 3194 996 3274 cpud
1019 3201 1058 3267 te,
1077 3190 1230 3280 AEschine.‘

129 3298 360 3364 divmsbcntur,
373 3302 463 3370 mque
483 3289 550 3350 illos
573 3287 700 3367 hospitio
723 3286 840 3366 publico
860 3285 1015 3365 excepisti:
1037 3305 1109 3367 quos
1123 3287 1224 3350 civitas

129 3399 226 3450 memo
237 3389 376 3466 &nquam
387 3385 488 3444 hostes
499 3391 531 3444 et
541 3399 637 3460 neque
648 3380 729 3459 justu
747 3397 847 3456 neque.
859 3377 942 3466 utilis
956 3378 1112 3440 suadentes
1126 3379 1233 3460 ejecit·

129 3489 162 3544 ut'
170 3483 225 3543 tibi
239 3495 322 3542 erunt
339 3479 434 3539 amici.
475 3474 556 3536 Nihil
570 3473 656 3553 igitur
667 3471 772 3531 horum
785 3471 896 3532 fuctum
909 3479 964 3544 est,
979 3491 998 3532 o
1010 3471 1066 3531 mei
1081 3472 1223 3554 maledice

127 3575 300 3645 insecutor,
313 3572 363 3650 qui
376 3569 459 3640 diois,
472 3587 519 3629 me
543 3574 666 3644 eccepto
678 3582 797 3624 munere
816 3573 925 3636 tuoere,
949 3573 1123 3642 consumpto
1144 3564 1223 3622 roci-

127 3665 227 3728 serari.
268 3665 316 3723 Τιι
334 3683 405 3724 sero
421 3681 482 3720 non
505 3661 585 3730 item,
605 3656 658 3717 sed
679 3665 710 3718 et
731 3665 794 3714 tum
812 3655 980 3715 vocifereris
994 3674 1061 3714 curn
1075 3655 1176 3724 habes,
1191 3665 1222 3712 et

8 3743 10 3754 ’
128 3777 280 3838 nunquam
290 3755 417 3828 desines,
430 3753 487 3813 nisi
500 3751 699 3840 hitibivocem
707 3748 943 3827 compresserint,
953 3742 1072 3806 infamis
1080 3745 1221 3804 hodiemo

129 3853 318 4004 Qudoztdm
335 3940 423 4020 igitur
436 3935 552 4018 propser
564 3934 620 4021 lies
635 3927 741 4002 esurus
754 3949 806 3991 vos
819 3927 869 3992 rs'e
879 3941 1064 3994 tumeorons
1078 3926 1220 3988 donasse·

127 4041 175 4109 tis,
197 4027 416 4116 suipsissetque
430 4026 611 4102 Aristonicus
634 4017 786 4086 decretum
799 4014 901 4119 iisdem
914 4011 1001 4099 plene
1014 4017 1143 4108 syllabis,
1156 4019 1220 4097 qui.¹

127 4132 185 4192 bus
197 4147 277 4189 nuuc
288 4129 379 4189 ntitsu
393 4121 566 4204 Ctesiphon,
581 4134 708 4198 cumque
728 4133 847 4204 corriuse¹
857 4110 1028 4194 predicatio
1052 4111 1131 4171 lecte
1143 4122 1220 4173 esset

8 4265 9 4290 ι
128 4222 160 4282 in
179 4223 319 4295 Theano,
341 4228 429 4299 etque
443 4215 505 4276 lroo
529 4209 687 4274 'secuudum
707 4208 777 4300 mihi
794 4212 857 4282 jnm
875 4201 1011 4294 obtigerit
1029 4205 1221 4283 preconium,

8 4321 10 4348 ³
129 4335 226 4397 usque
237 4326 303 4377 tum
314 4303 491 4379 contisdixi't
504 4299 666 4376 AEselrines,
680 4319 748 4360 cum
761 4305 869 4379 presto
887 4303 974 4372 esset,
984 4310 1079 4388 neque
1090 4291 1157 4355 euin
1172 4296 1225 4372 qui

648 4400 712 4456 Η
