2886 4946
230 283 287 366 raa
420 267 433 352 .'
458 303 611 365 ouxrro
634 300 715 361 rso
738 295 1090 360 unnxuoroorrrs.
1146 383 1150 396 k

209 499 210 502 η
226 455 393 524 lmdunturr
413 463 443 516 et
454 455 511 516 hac
524 477 555 518 re
570 457 737 518 labefactari
751 456 846 516 omnia
856 453 1035 516 inveniemus
1058 461 1089 513 et
1109 452 1166 512 hoc
1178 451 1315 534 principi·

229 569 276 608 nm
286 568 351 609 esee
364 547 504 609 malorum
518 550 656 621 omnium,
671 549 749 628 quod
762 548 892 607 homiues
908 547 1000 606 nolint
1008 566 1043 605 ea
1052 545 1218 623 simpliciter
1232 565 1317 624 egere

226 662 292 720 quae
300 641 382 720 jueta
395 651 473 701 eunt
515 642 558 701 Ut
579 663 615 702 ue
637 643 723 720 igitur
746 641 801 700 hoc
820 640 1041 718 impediatque
1056 638 1316 696 minusThebano·

226 753 289 792 rum
303 721 374 812 o'pes
389 733 564 805 minuantur,
582 745 613 794 et
634 733 778 812 Thespias
800 742 831 792 et
851 732 977 791 Plataeae
1000 741 1029 790 et
1043 730 1260 788 Orchomenum
1274 730 1316 790 in·

227 827 349 886 staurari
370 836 502 905 oportere
523 827 672 896 dieamus;
694 845 802 904 eosque
816 825 987 903 adjuremus
1001 832 1031 882 et
1045 823 1117 882 alios
1130 823 1317 882 hortemur-

225 929 276 997 est.
290 920 366 978 enim
380 930 410 978 et
421 919 577 979 honestum
592 929 622 978 et
639 938 833 998 aequum-*ne
855 927 986 976 vetustas
1007 917 1093 974 urbes
1117 933 1233 974 eversas
1252 935 1315 975 esse

226 1011 391 1090 patiantur:
413 1011 621 1090 Megalopolim
636 1021 734 1071 autem
744 1021 774 1068 et
787 1013 954 1068 Messanam
967 1007 1112 1087 injuriosis
1125 1025 1185 1078 non
1198 1008 1317 1088 objicia-

192 1149 195 1156 ,
226 1123 302 1176 mne,
326 1123 422 1180 neque
453 1114 594 1182 pretextu
618 1103 838 1182 Thespiensium
862 1112 892 1162 et
920 1101 1126 1160 Plataeensium
1153 1101 1315 1161 incolumes

226 1196 313 1255 urbes
328 1214 452 1274 quaeque
465 1195 630 1254 habitantur
643 1194 775 1253 exscindi
794 1194 931 1252 sinamus.
973 1191 1062 1257 Quod
1075 1191 1098 1250 ei
1111 1191 1176 1252 heac
1189 1193 1317 1270 promul-

226 1296 296 1366 gata
314 1287 429 1355 luerint,
450 1303 536 1343 nemo
558 1288 613 1342 crit
631 1285 702 1362 quin
717 1283 872 1343 Thebanos
885 1283 955 1342 velit
974 1283 1083 1342 alienos
1096 1301 1183 1362 agros
1196 1285 1316 1342 tandem

225 1380 369 1438 amittere:
389 1377 436 1434 sin
448 1375 554 1446 minue,
568 1377 691 1455 primurn
704 1376 734 1434 hi
747 1377 831 1434 nobie
842 1375 1074 1435 adversabuntur
1090 1375 1198 1434 na‘illa
1212 1376 1316 1436 confici

224 1470 348 1552 possint,
360 1488 416 1528 nec
429 1469 544 1547 injuria,
564 1485 654 1546 quum
674 1468 880 1528 existimabunt
899 1467 1014 1528 illarum
1038 1469 1151 1528 urbium
1172 1469 1317 1530 instaura-

225 1566 334 1626 tionem
365 1562 523 1622 exscidium
558 1563 611 1620 sibi
639 1561 811 1630 allaturamr
833 1561 939 1620 deinde
966 1563 1057 1620 nostri
1081 1571 1204 1620 conatus
1232 1573 1316 1622 enrnt

223 1657 303 1718 irriti.
345 1657 421 1716 Nam
436 1655 500 1733 quie
513 1655 631 1713 tandem
646 1654 700 1713 erit
712 1655 815 1725 exitus,
827 1654 851 1712 ei
864 1656 949 1712 urbes
960 1653 1121 1713 incolomes
1132 1653 1266 1713 exscindi
1280 1657 1316 1714 si·

226 1768 339 1819 nemus,
352 1748 497 1808 exscissae
511 1747 664 1806 instaurari
675 1745 905 1824 postulabimus?

234 1875 237 1879 ,
265 1845 294 1902 9.
315 1841 426 1900 Dicunt
441 1858 527 1918 porro
537 1840 586 1917 qui
602 1839 767 1918 nequissima
780 1838 876 1897 dicere
889 1837 1032 1910 videntur,
1046 1849 1178 1918 oportere
1193 1837 1318 1898 Arcades

225 1943 413 1994 crectascnm
432 1932 576 1990 Thebanis
600 1931 750 1991 columnas
776 1930 887 2002 tollere,
908 1932 932 1989 si
957 1930 1043 1990 modo
1056 1933 1139 1993 nobie
1150 1941 1319 1992 constanter

227 2026 373 2088 sociieese
387 2025 532 2084 debeant:
554 2023 601 2083 alii
623 2023 772 2082 columnas
795 2023 836 2081 eis
858 2042 922 2082 essa
946 2033 1065 2101 negant,
1092 2025 1144 2084 sed
1162 2025 1316 2084 utilitatem

122 2178 127 2182 ,
226 2137 290 2178 asse
311 2135 378 2196 quse
398 2116 554 2176 amicitiam
577 2115 734 2183 conciliet:
757 2124 788 2175 et
809 2133 860 2174 eos
881 2115 981 2174 haberi
1003 2135 1055 2194 pro
1069 2117 1165 2188 sociis,
1183 2113 1317 2196 aquibus

155 2257 159 2260 .
226 2211 410 2290 adjuventur.
427 2260 430 2264 .
451 2209 515 2288 Ego
529 2227 607 2280 vero,
622 2209 645 2267 ei
659 2208 785 2267 maxime
798 2207 871 2266 tales
883 2216 961 2279 eunt,
973 2209 1013 2266 ita
1026 2209 1138 2269 sentio:
1161 2209 1317 2268 Postulan-

226 2303 297 2362 dum
316 2321 383 2360 esse
397 2302 475 2372 dico,
492 2301 585 2374 simul,
594 2310 628 2360 ut
640 2299 671 2358 hi
684 2309 794 2358 statuae
808 2298 924 2369 tollant,
940 2299 1037 2370 simul,
1052 2311 1086 2360 ut
1099 2301 1320 2362 Lacedaemonii

225 2413 329 2474 pacem
343 2403 442 2472 agant.
484 2393 551 2452 Utri
565 2403 660 2452 autam
674 2392 715 2450 ita
726 2392 822 2450 facere
833 2391 986 2463 noluerint,
997 2401 1059 2450 tum
1072 2393 1184 2452 scilicet
1199 2407 1250 2454 eos
1266 2393 1316 2453 ad·

226 2486 391 2546 soiscendos
412 2485 462 2564 qui
487 2484 565 2544 dicto
588 2484 695 2543 luerint
718 2484 889 2543 audientes:
911 2483 970 2542 siva
985 2485 1062 2543 enim
1082 2487 1319 2563 paceconciliata

226 2577 443 2655 Megalopolitse
460 2575 557 2634 adhuc
579 2576 782 2633 Thebanorum
806 2575 936 2634 societati
960 2575 1162 2648 adhaerebunt,
1184 2579 1317 2636 omnibus
1381 2623 1384 2630 ,

226 2669 360 2728 nimirum
381 2667 565 2746 perspicuum
589 2667 642 2726 erit
666 2667 841 2746 praecipuum
868 2668 1052 2727 commodum
1073 2679 1103 2728 et
1124 2670 1318 2730 emolumenta
1432 2657 1433 2684 ¹

226 2760 440 2830 Thebanorum,
462 2758 709 2836 nonaequitatem,
723 2777 774 2817 eos
790 2759 882 2836 sequi,
904 2759 964 2818 sire
981 2761 1203 2840 Megalopolitaa
1223 2763 1317 2821 socios

165 2915 168 2920 ,
227 2870 279 2910 nos
291 2851 352 2910 eine
367 2849 468 2908 fraude
482 2849 586 2914 iaciant
597 2858 627 2907 et
641 2849 849 2908 Lacedaemonii
863 2869 966 2928 pacem
980 2854 1096 2910 turbare
1110 2863 1210 2912 tamen
1231 2873 1317 2912 cona-

225 2944 342 3012 buntur,
356 2942 449 3002 celare
461 2941 591 3018 profecto
605 2940 750 3024 neminem
762 2950 899 3019 poterunt
919 2961 950 3000 se
972 2960 1030 3000 non
1053 2944 1090 3002 de
1112 2943 1170 3002 hoc
1188 2944 1318 3004 laborare

139 3105 142 3118 Ι
226 3045 261 3094 ut
273 3033 623 3114 thespioe‘insraurentur,
643 3033 695 3091 sed
717 3043 750 3091 ut
770 3033 914 3092 Thebanis
926 3034 982 3094 hoc
996 3034 1076 3094 bello
1085 3035 1319 3096 conflictantibus

226 3128 340 3188 interim
354 3127 408 3207 ipsi
421 3125 662 3204 Peloponnesum·
670 3125 814 3203 subigant.
950 3200 951 3203 Ἴ

270 3221 317 3278 10.
340 3219 473 3276 Demiror
488 3225 584 3276 autem
598 3216 749 3292 quosdam,
764 3216 811 3306 qui
826 3217 1039 3277 formidandum
1054 3227 1187 3290 censent,
1204 3222 1229 3280 si
1242 3221 1319 3280 The-

227 3315 369 3371 banorum
381 3309 753 3368 sociiLacedaemoniorum
771 3308 870 3368 hostes
888 3310 964 3379 sint3
988 3313 1041 3371 sed
1060 3313 1085 3370 ei
1099 3311 1320 3374 Lacedaemonii

118 3407 122 3415 ¹
152 3451 154 3454 .
226 3404 292 3462 illos
307 3403 384 3480 ipsos
399 3401 561 3472 everterint,
576 3400 605 3457 id
617 3387 830 3460 formidandum
844 3419 903 3460 non
916 3415 1056 3463 censent:
1077 3407 1241 3482 praesertim
1255 3425 1319 3466 cum

226 3503 341 3573 tempus
364 3493 459 3570 reipsa
476 3509 530 3550 nos
554 3491 694 3564 docuerit,
708 3493 864 3552 Thebanos
879 3513 990 3574 semper
1004 3497 1049 3554 hie
1059 3497 1150 3555 sociis
1165 3499 1209 3557 uti
1220 3511 1321 3559 contra

228 3583 482 3651 Lacedoemonios3
505 3583 738 3644 Lacedaernonios
752 3595 856 3657 autem,
874 3587 944 3645 dum
959 3588 1079 3646 eosdem
1092 3589 1235 3664 habuere,
1250 3598 1320 3652 con·

227 3692 273 3739 tra
287 3697 343 3737 nos
354 3676 410 3734 illis
420 3673 511 3733 fuisse
523 3695 601 3734 usos.
643 3675 766 3735 Proinde
780 3677 851 3736 illud
865 3678 951 3736 etiam
965 3680 1156 3758 cogitandum
1169 3701 1287 3756 censeo,
1296 3682 1319 3742 si

228 3789 282 3832 vos
304 3765 530 3847 Megalopolitas
548 3786 606 3825 non
632 3767 805 3846 receperitis,
830 3771 866 3829 iis
892 3773 1070 3849 expugnatis
1092 3767 1123 3832 et
1146 3769 1319 3854 profligatis,

229 3858 464 3920 Lacedaemonios
476 3858 573 3916 statim
580 3858 642 3916 lore
649 3868 784 3935 potentes
798 3879 806 3918 ε
827 3863 871 3920 sin
885 3862 959 3920 forte
973 3865 1131 3924 manserint
1149 3865 1320 3938 incolumes,

231 3951 315 4009 sicuti
332 3951 471 4010 nonnulla
486 3950 548 4029 Jam
571 3958 677 4026 prester
694 3969 776 4027 spem
800 3963 967 4024 evenerunt,
990 3955 1089 4015 firmos
1114 3955 1319 4019 Thebanorum

231 4039 332 4098 socios.
341 4035 438 4101 merito
448 4043 570 4100 futuros.
614 4039 644 4098 Si
659 4050 756 4099 autem
769 4061 820 4101 eos
834 4063 885 4103 voe
900 4048 1078 4125 receperitis,
1098 4049 1226 4109 salntem
1240 4069 1318 4110 suem

232 4131 313 4190 robis
328 4143 475 4208 acceptam
488 4133 645 4192 relaturos:
666 4150 765 4190 verum
779 4146 924 4194 eventum
935 4149 965 4197 et
986 4140 1109 4217 periculi
1129 4143 1318 4202 considerati·

233 4239 318 4280 ouem
332 4222 534 4288 transferamus
543 4226 579 4282 ab
592 4224 660 4296 illis,
672 4223 809 4303 idemque
824 4230 972 4307 negotium
986 4233 1016 4290 in
1029 4232 1179 4294 Thebanis
1189 4237 1318 4295 ethaeo·

179 4379 181 4382 ¹
233 4310 384 4372 demoniis
404 4314 631 4376 consideremus.
659 4315 690 4375 Si
704 4317 791 4395 igitur
807 4317 939 4380 Thebani
950 4323 1040 4398 bello,
1055 4335 1089 4385 ut
1099 4326 1318 4404 debeat,euba·
