2932 4952
551 326 723 391 CONTRA
744 327 920 387 MlDlAlll.
1225 334 1284 391 325

183 479 301 540 homine
314 481 436 560 privato,
446 483 500 562 qui
513 482 584 542 nihil
602 482 820 562 insumpsisset,
835 489 991 564 propterea
1006 485 1086 564 qaod
1104 485 1285 558 cuidam‘in·

184 574 286 634 sensus
315 586 379 636 erat
402 585 491 654 atque
522 575 665 650 inimicus,
689 575 773 635 illum
798 587 933 656 sumptus
960 577 1128 650 facientem,
1157 579 1289 654 aedilem„

183 666 267 725 nulla
290 667 450 746 ignominia
468 676 612 742 notabam,
635 668 817 747 impudenter
839 669 938 729 invadi
959 679 989 728 et
1010 671 1166 745 verberari,
1189 689 1286 752 neque

183 760 261 828 festi,
277 779 374 839 neque
388 761 500 842 legum,
513 749 610 838 neque
634 779 799 820 sermonum
823 772 995 851 vestrorum,
1014 782 1110 841 neque
1125 762 1174 822 dei
1186 764 1286 824 habita

183 853 306 912 ratione.
342 853 413 913 -Etsi
427 863 534 926 autern,
548 853 755 924 Athenienses,
764 855 923 913 inimicitias
937 856 1011 915 inter
1024 856 1132 916 multos
1145 856 1286 918 interced·
1376 931 1381 939 .

185 957 297 1018 serunt,
312 963 371 1006 nun
387 945 477 1005 modo
492 947 619 1025 privatis,
631 947 687 1006 sed
706 947 831 1026 publicis
846 947 932 1006 etiam
947 946 984 1006 de
998 949 1103 1020 cauam,
1117 928 1217 1010 dalius
1230 968 1284 1009 un-

185 1058 273 1117 quam
284 1043 383 1098 tamen
398 1059 434 1099 eo
447 1029 527 1098 ¹venit
537 1039 738 1118 impudentiae,
748 1050 782 1098 ut
795 1041 854 1100 tals
867 1040 1023 1120 quicquam
1034 1041 1166 1103 auderet.
1208 1045 1286 1104 Nam

186 1123 364 1210 Iphicratern
373 1131 442 1189 olim
455 1130 648 1190 illum-ferunt
661 1150 680 1190 a
693 1131 798 1192 Diocle
810 1131 955 1192 Pitthensi
968 1133 1088 1213 capitali
1096 1133 1287 1195 odio'dissen«

186 1225 268 1283 sisse.
312 1214 519 1304 Praetereaque
539 1222 582 1283 sic
604 1223 746 1294 evenisse,
770 1233 804 1282 ut
827 1224 932 1296 Tisias,
957 1224 1111 1303 Iphicratis
1135 1225 1233 1299 irater,
1256 1227 1286 1286 iu

183 1316 325 1378 aedilitate
338 1319 406 1376 burn
422 1317 529 1378 Diocle
543 1326 776 1395 componeretur.
820 1315 879 1376 Sed
895 1327 1004 1388 tamen,
1019 1318 1151 1396 quamvis
1166 1328 1196 1377 et
1210 1319 1285 1378 mul-

182 1419 232 1469 tos
243 1410 365 1481 amieos,
379 1410 409 1468 e't
423 1412 545 1488 rnag'nas
560 1428 630 1487 opes
650 1409 771 1468 haberet
793 1408 965 1487 iphicrates,
977 1418 1119 1488 tantaque
1132 1419 1211 1470 esset
1224 1412 1286 1470 ani-

186 1501 226 1562 mi
238 1501 451 1580 magnitudine,
465 1511 574 1580 quanta
587 1520 652 1560 esse
666 1510 896 1560 consentaneum
910 1510 957 1561 est
968 1502 1060 1561 virum
1075 1511 1106 1562 et
1118 1504 1240 1582 gloriam
1258 1515 1289 1564 et

186 1615 237 1656 eos
265 1594 392 1654 honores
420 1587 599 1667 assecutum,
621 1594 728 1672 quibus
745 1594 793 1654 ille
815 1615 833 1654 a
851 1594 934 1655 vobis
958 1606 1080 1655 ornatus
1097 1596 1202 1668 iuerat,
1225 1616 1286 1657 non

185 1697 275 1749 noctu
284 1687 435 1746 aurificum
449 1687 578 1761 officinas
592 1687 708 1758 invasit,
718 1707 814 1766 neque
829 1688 867 1746 ad
880 1688 987 1747 festum
997 1699 1101 1768 parata
1113 1689 1288 1750 vestimenta

188 1779 369 1851 dilaceravit,
383 1800 480 1858 neque
493 1781 574 1839 chori
592 1780 763 1858 magistrum
777 1782 916 1860 corrupit,
929 1801 1025 1860 neque
1043 1782 1163 1850 chorum
1172 1781 1287 1844 discere

186 1873 347 1954 prohibuit,
361 1883 412 1932 aut
433 1875 591 1952 quicquam
615 1873 684 1947 tale,
707 1874 806 1952 qualia
829 1874 1086 1955 perpetravitiate,
1101 1876 1286 1955 designarit:

188 1967 242 2027 sed
256 1977 287 2029 et
301 1967 402 2046 legum
424 1976 455 2026 et
477 1976 639 2026 vestrarum
664 1968 847 2026 voluntatum
871 1967 973 2026 habita
993 1967 1117 2042 ratione,
1139 1969 1287 2030 inimicum

184 2079 274 2120 suurn
288 2060 428 2133 uictorem
446 2069 476 2118 et
488 2069 660 2119 coronatum
675 2068 806 2138 spectare
817 2059 964 2120 sustinuit.
1006 2059 1124 2120 Merito.
1167 2060 1245 2122 Narrr
1259 2063 1287 2120 in

184 2172 244 2231 qua
253 2153 317 2231 ipse
327 2152 475 2232 republica
489 2171 520 2212 se
529 2153 649 2212 beatum
658 2171 724 2211 esse
734 2152 844 2210 sactum
859 2151 978 2223 sciebat,
993 2151 1019 2212 ei
1033 2151 1142 2212 talibus
1155 2155 1186 2212 in
1198 2157 1286 2214 rebus

184 2245 412 2306 concedendum
425 2246 557 2324 putabat.
602 2246 749 2304 Praeterea
771 2244 968 2302 Philostratus
994 2243 1164 2317 Coloueeus,
1182 2255 1216 2305 ut
1229 2248 1286 2307 sci-

188 2357 252 2398 mus
266 2357 380 2412 omnes,
394 2337 562 2410 Chabriam,
577 2355 645 2410 cum
658 2337 723 2395 dies
736 2337 780 2394 illi
793 2335 896 2414 capitis
919 2335 957 2394 de
980 2333 1080 2415 Oropo
1098 2335 1180 2397 dicta
1197 2351 1286 2412 esset,

187 2431 347 2512 accusarit,
363 2429 523 2508 etquidem
544 2430 674 2488 omniurn
695 2437 899 2488 accusatorum
913 2429 970 2486 fuit
992 2430 1157 2501 acerrimus,
1171 2435 1289 2511 postea-

188 2540 245 2603 que
259 2541 326 2582 cum
351 2523 447 2602 pueris
468 2530 602 2600 sumptus
626 2521 665 2581 ad
678 2517 885 2583 ‚Bacchanalia
907 2519 1107 2599 suppeditaret
1129 2522 1208 2596 vibit,
1233 2539 1289 2586 uec

187 2617 337 2676 illitamen
352 2615 453 2693 alapas
469 2613 551 2673 dedit
564 2613 719 2683 Chabrias,
731 2615 827 2691 neque
847 2631 983 2672 coronam
998 2612 1113 2692 eripuit,
1127 2633 1180 2676 nee
1195 2619 1288 2678 omni·

188 2729 227 2770 no
241 2709 281 2768 ad
294 2709 376 2768 illurn
390 2707 528 2779 accessit,
542 2707 592 2766 ubi
607 2707 846 2786 nonopurtebat.
888 2707 1066 2786 Quanquam
1088 2719 1186 2769 autem
1207 2729 1288 2770 corn*

188 2802 286 2882 plures
303 2800 409 2874 habeo,
420 2799 469 2878 qui
482 2798 580 2858 multis
595 2799 742 2861 decausis
756 2799 831 2858 inter
850 2818 881 2858 se
902 2798 1013 2858 inimici
1034 2799 1162 2874 fuerunt,
1174 2803 1287 2864 nullum

188 2905 288 2956 amen
302 2893 401 2953 audiri
422 2911 563 2970 unquam,
574 2901 626 2952 aut
638 2892 707 2967 vidi,
720 2892 771 2972 qui
785 2911 819 2950 eo
833 2891 1019 2951 contumelia
1034 2895 1156 2965 venerit,
1175 2905 1208 2953 ut
1226 2896 1289 2957 ,tale

169 2987 300 3066 ·aliquid
314 2985 492 3064 designaret.
541 2991 543 2996 ⁴

234 3081 282 3139 192
303 3080 347 3140 Ac
364 3099 402 3138 ne
416 3077 488 3136 illud
502 3077 622 3155 quidem
635 3094 801 3156 quanquam
815 3087 944 3136 restrum
957 3075 1018 3134 scio
1031 3076 1198 3154 meminisse
1206 3081 1290 3158 prius

186 3175 310 3248 tactum,
324 3182 358 3233 ut
370 3171 525 3250 quisquam
537 3171 598 3231 sive
611 3169 756 3251 privatim,
766 3169 827 3228 sire
840 3168 957 3249 publice
968 3169 1110 3248 susceptis
1119 3169 1288 3246 inimicitiis,

188 3276 241 3326 aut
253 3286 344 3344 quara
351 3265 467 3345 judices
481 3274 665 3337 vocarentur,
680 3261 847 3335 adstitisset,
861 3271 913 3320 aut
925 3261 996 3320 duur
1006 3261 1150 3341 jurarant,
1167 3265 1287 3324 eosdem

183 3357 374 3438 jurisjurandi
386 3357 525 3436 religione
533 3357 678 3427 solvisset,
687 3363 739 3414 aut
751 3353 877 3432 denique
888 3352 949 3412 ulla
961 3352 1013 3414 tali
1026 3373 1057 3412 re
1070 3354 1175 3418 hostile
1188 3357 1288 3416 odium

187 3469 249 3532 prae
263 3471 296 3510 se
305 3451 431 3521 tulisset,
445 3459 534 3528 atque
547 3445 719 3508 eiiirdisset:
740 3465 808 3506 nam
832 3445 897 3505 haec
918 3445 1025 3519 omnia,
1040 3456 1071 3506 et
1088 3452 1151 3522 ujus
1173 3453 1288 3528 generis

188 3545 256 3616 alia,
278 3542 485 3611 Athenienses,
510 3540 695 3618 aemulatione
718 3539 879 3600 adductum
902 3538 1040 3616 aliquem,
1052 3539 1103 3618 qui
1124 3541 1162 3602 sit
1186 3543 1289 3616 edilis,

187 3639 296 3714 iacere,
309 3635 441 3695 nonnihil
456 3632 652 3694 excusationis
665 3632 763 3692 habet.
786 3631 846 3690 Sed
861 3650 899 3690 ex
913 3631 1128 3706 malevolentia,-
1143 3633 1289 3710 consultet

187 3728 314 3806 aliquem
327 3727 359 3785 in
373 3729 459 3786 rebus
472 3725 607 3785 omuibus
628 3725 788 3803 exagitare,
802 3727 943 3802 suamque
961 3717 1121 3804 potentiam
1135 3738 1165 3784 et
1178 3725 1289 3788 violen-

185 3822 260 3880 tiam
274 3829 423 3880 ostentare
436 3819 576 3896 tanquam
589 3816 705 3896 legibus
729 3816 919 3896 superiorem,
931 3835 1026 3896 graven
1044 3825 1095 3876 est
1113 3817 1290 3896 mehercule,

186 3912 373 3990 etiniquum,
385 3931 481 3991 neque
494 3909 565 3969 utile
578 3909 674 3968 vobis.
716 3908 793 3969 Nam
818 3909 843 3970 si
866 3911 989 3989 quisque
1008 3907 1134 3967 aedilium
1159 3909 1217 3972 hoc
1233 3913 1290 3973 sibi

185 4014 271 4069 certo
284 4025 349 4064 csse
362 4003 545 4084 propositum
560 4003 657 4074 sciret,
678 4002 704 4061 si
724 4001 794 4062 mihi
815 4002 864 4061 ille
886 4001 986 4060 nescio
1006 3999 1081 4080 quis,
1096 4001 1157 4060 sive
1171 4003 1290 4080 Mitius,

184 4098 251 4160 sive
265 4099 410 4177 quispiam
424 4096 509 4167 elius,
524 4097 679 4156 confidens
691 4096 732 4154 ita
746 4094 895 4172 divesque,
909 4093 1042 4152 inimicus
1056 4093 1152 4169 fuerit,
1166 4097 1289 4176 primurn

182 4194 351 4258 etvictoria
363 4180 636 4274 privabor,etiamsi
657 4189 828 4270 praeclarius
852 4188 948 4266 aliquo
962 4207 1159 4268 megessar03
1181 4194 1289 4256 deinde

182 4287 278 4345 rebus
291 4286 428 4346 omnibus
443 4304 493 4345 ero
507 4283 626 4344 inferior
636 4293 667 4343 et
678 4293 820 4362 perpetuo
842 4281 1026 4342 contumeliis
1041 4286 1204 4345 onerabort
1225 4289 1290 4364 quis

180 4381 229 4439 ita
238 4378 482 4451 inconsideratus,
492 4390 544 4438 aut
555 4375 599 4436 i'ta
609 4375 755 4456 deplorati
768 4373 856 4434 animi
870 4383 926 4447 ast,
940 4374 989 4452 qui
1005 4376 1081 4436 ultro
1094 4377 1211 4455 quidem
1226 4381 1290 4440 uni·

95 4481 99 4489 '
180 4489 254 4532 cam
268 4489 287 4532 a
300 4491 332 4532 se
346 4469 516 4533 drachmam
527 4472 709 4552 insumptam
722 4467 812 4529 veliti
847 4466 943 4528 Nemo
956 4469 1098 4549 proiecto.
1130 4465 1189 4529 Sed
1204 4470 1289 4547 illud,
