2912 4946
424 306 932 412 uousns‘urssocnsssu:
1054 291 1078 354 .’
1151 285 1300 360 ιιι.·”
1353 351 1357 360 .

598 547 731 606 LEGES

166 717 167 724 J
193 653 248 714 DE
271 654 421 726 FURTO,
442 653 562 712 MALA
582 647 874 714 TRACTATIONE
895 646 1143 719 PARENTUM,
1168 679 1170 682 ·

482 755 671 814 DESERTA
695 753 867 823 MlLlTlA.

150 886 265 948 Quicquid
276 886 361 948 aliquis
373 885 484 942 amiserit,
494 901 514 931 ιι
507 884 549 931 id
561 883 687 944 receperit,
697 885 738 930 fur
750 881 827 952 dupli
826 883 962 930 damnetur.
980 882 1016 929 sin
1028 883 1105 929 miuus
1107 879 1216 943 ‚decupli

120 978 164 1010 uua
174 979 226 1010 cum
238 963 392 1022 adJ'utoribus.
404 963 505 1021 Uuoquc
516 961 577 1021 pede
588 961 715 1021 stringatur
729 944 844 1020 compede
856 951 956 1021 quinque
968 947 1019 1006 dies
1028 959 1170 1019 totidemque
1179 974 1219 1005 uu-

119 1048 175 1096 stes,
184 1054 205 1086 ιι
197 1037 342 1086 Heliaesid
352 1037 485 1088 censuerit:
503 1052 599 1117 sepsere
611 1037 747 1084 veroliuect
757 1035 891 1097 uuicuique,
900 1037 956 1083 dum
968 1035 1055 1083 delitis
1066 1035 1221 1084 estimatione

120 1116 252 1250 ⁸⁸¹dutrlotl'
234 1192 254 1241 si
271 1191 325 1252 quis
337 1190 452 1238 abductus
463 1189 542 1246 luerit,
554 1190 591 1236 vel
608 1165 674 1236 malm
691 1189 835 1244 tractationis
852 1197 985 1253 parentum,
1004 1189 1042 1237 vel
1060 1190 1161 1240 deserte
1177 1185 1221 1234 mi·

119 1269 184 1324 litis,
196 1259 327 1322 scivimus,
339 1266 378 1313 vel
390 1272 470 1312 contra
488 1265 564 1327 legum
579 1265 729 1312 interdictum
741 1281 770 1311 eo
780 1265 870 1313 fuerit'
863 1281 993 1326 ingressus,
1008 1282 1053 1328 quo
1064 1257 1088 1312 ei
1099 1267 1164 1312 netas
1176 1269 1222 1323 est¹
1246 1306 1250 1316 ,

23 1373 25 1378 .
120 1342 275 1392 undecimviri
286 1357 338 1388 eum
349 1341 478 1398 sincicum,
489 1341 512 1386 in
526 1341 640 1387 Heliacam
650 1342 833 1389 introducuntur
857 1350 952 1388 accuset
963 1350 1040 1389 autem
1052 1359 1079 1390 ex
1091 1341 1127 1388 lris
1139 1341 1222 1401 quibus

117 1420 140 1468 id
151 1422 209 1476 licet
217 1419 350 1480 quicunque
360 1417 469 1464 voluerit.
493 1406 622 1492 Damnatus
634 1418 654 1464 si
666 1411 817 1474 sitjestimet
829 1417 930 1474 Heliaea,
942 1419 997 1478 quid
1009 1434 1061 1466 eum
1071 1420 1136 1465 luere
1147 1432 1218 1478 opor-

118 1503 173 1554 teat,
185 1500 226 1543 sut
237 1495 343 1542 solvere:
362 1493 454 1554 quodsi
465 1492 599 1554 pecuniaria
610 1493 697 1540 mulcta
706 1493 729 1541 ei
739 1494 802 1542 dicte
812 1494 891 1551 luerit,
900 1495 924 1540 in
935 1494 1036 1542 vinculis
1047 1501 1153 1542 terreatur
1163 1495 1223 1540 dum
1258 1547 1260 1553 Ι

119 1571 224 1626 soluerit.
933 1575 940 1586 “

120 1697 227 1757 Similis
248 1697 337 1776 igitur
356 1696 694 1772 Saloni-Athenienses,
713 1697 864 1777 legislator
878 1711 925 1760 est
937 1698 1143 1760 Timocrates?
1167 1699 1221 1780 Ille

119 1791 266 1870 probiores
279 1789 363 1860 fecit,
378 1799 440 1848 tum
452 1809 507 1850 cos
521 1791 572 1868 qui
586 1800 656 1850 suut
670 1791 804 1870 iniprobi,
820 1801 882 1850 tum
897 1792 946 1870 qui
959 1793 1049 1851 futuri
1065 1800 1134 1851 sunt
1146 1787 1224 1851 :iste
1245 1789 1254 1808 '¹

120 1883 207 1942 etiarn
227 1881 262 1940 iis
284 1881 337 1958 qui*
354 1885 416 1956 jam
439 1900 471 1940 se
485 1880 562 1940 male
582 1883 843 1960 gesserunt,'viam
863 1885 993 1943 ostendit
1013 1885 1222 1956 elabendi‚'ne

118 1993 224 2056 poenas
247 1973 330 2044 dent,
344 1983 374 2032 et
391 1973 425 2030 iis
446 1973 497 2052 qui
517 1993 597 2032 nunc
612 1983 681 2033 sunt
701 1975 836 2052 improbi,
854 1994 935 2052 spem
955 1976 1134 2054 impunitatis
1155 1971 1223 2054 prol

19 2117 24 2128 .
118 2068 210 2147 pouit,
226 2077 255 2124 et
265 2066 299 2124 iis
309 2065 359 2143 qui
374 2065 464 2124 futuri
475 2074 552 2125 sunt.
575 2065 731 2125 Itaonrne's
744 2067 871 2124 omnium
885 2061 1051 2146 temporum
1063 2068 1223 2128 sceletatos
1320 2139 1322 2144 Ι

118 2161 208 2230 fovet,
229 2165 318 2235 atque
337 2157 368 2216 id
381 2159 452 2236 agit,
467 2167 501 2216 ut
514 2157 574 2216 sint
585 2157 807 2231 incolumeset
820 2159 856 2217 ab
871 2159 1007 2218 omnibus
1029 2149 1222 2219 incommodis·

119 2250 316 2311 vindicentur.
346 2250 504 2308 Enimvero
523 2260 642 2328 questu
658 2270 760 2356 poenas
776 2249 847 2310 satis
863 2270 967 2328 graves
982 2252 1081 2324 dares,
1092 2261 1143 2310 aut
1156 2256 1224 2331 quse

121 2346 227 2416 ferres,
237 2353 270 2402 ut
284 2343 419 2403 ealerres
434 2363 500 2421 quae
514 2344 655 2414 meruisti,
671 2365 721 2422 qur
713 2343 851 2420 (omitto
867 2347 976 2418 cetera)
986 2345 1073 2405 etiam
1089 2345 1227 2424 praesidia
1243 2363 1246 2368 ·

120 2434 281 2496 senectutis
296 2434 392 2519 tollis,
409 2435 518 2513 leges
510 2454 641 2513 inquam,
654 2436 759 2526 quibus
774 2445 921 2514 coguntur
939 2436 1022 2496 liberi
1040 2446 1070 2496 et
1089 2445 1227 2542 parentes

119 2531 203 2590 vivos
224 2529 320 2601 alere,
335 2538 366 2588 et
382 2529 531 2589 defunctis
548 2532 636 2604 justa
652 2517 839 2607 persolvere?
862 2529 908 2588 Αιι
930 2548 999 2589 vero
1018 2540 1047 2589 te
1071 2531 1227 2609 quisquam
1267 2583 1273 2602 ‚

120 2621 312 2684 sceleratior
305 2631 386 2680 untes
394 2619 536 2713 mortales
554 2623 657 2682 omnes
678 2622 836 2682 existimari
857 2633 955 2703 queat,
971 2623 1031 2704 qui,
1046 2624 1226 2687 caesarium

117 2724 220 2794 caput,
228 2715 334 2795 pluris
348 2714 447 2775 lacere
468 2735 527 2775 nou
547 2711 632 2774 dubit
620 2724 666 2774 tes
688 2716 784 2788 fures,
799 2717 983 2776 facinorosos
1005 2727 1036 2776 'et
1049 2717 1242 2792 desertores,¹

118 2827 211 2888 quam
223 2807 359 2885 patriam,
373 2814 402 2866 e't
414 2818 540 2887 propter·
547 2808 620 2867 istos
631 2809 713 2887 leges
727 2809 803 2868 ferre
817 2808 1016 2888 perniciosas?

161 2901 214 2956 28.
235 2898 401 2958 Ostendam
416 2912 514 2957 autem
527 2899 758 2978 praestitisse'me
767 2900 831 2978 J'am
845 2921 881 2960 ea
900 2921 965 2979 quse
984 2902 1123 2962 orationis
1144 2905 1229 2980 initio,
1288 2929 1299 2939 ²

118 2991 270 3052 facturum
283 3009 348 3049 esse
360 3009 425 3048 sum
438 2988 598 3068 pollicitus.
617 2989 774 3051 Professus
788 2991 865 3051 enim
881 3012 956 3064 sum,
971 3012 1018 3052 me
1029 3002 1228 3070 ostensurum,

120 3087 213 3146 istum
234 3104 288 3164 per
310 3084 409 3143 omnia
435 3083 528 3142 teneri
551 3084 748 3157 accusatione,
773 3085 897 3164 primurn
926 3085 1006 3163 quod
1025 3094 1127 3170 contra
1142 3087 1229 3169 leges
1256 3136 1258 3140 .

119 3178 222 3255 legem
246 3175 364 3234 tulerit:
389 3174 497 3233 deinde
519 3174 599 3254 quod
622 3175 741 3254 reliquis
762 3175 877 3254 legibus
899 3179 1045 3238 contraria
1063 3165 1229 3263 scripserit·

118 3269 221 3340 tertio,
233 3266 313 3345 quod
325 3286 361 3326 ea
363 3263 475 3344 quibus
485 3257 652 3354 respublica
662 3267 828 3336 lederetur.
843 3269 1011 3329 Audivistis
1015 3278 1113 3329 autern
1121 3270 1229 3350 legem,
1257 3327 1259 3332 s

119 3360 196 3439 quid
209 3379 275 3418 eum
296 3359 393 3440 lacere
403 3351 510 3437 jubeat
521 3358 572 3436 qui
583 3377 689 3417 novam
705 3343 811 3437 legcm
816 3370 922 3437 roget:
944 3378 1046 3420 rursus
1064 3381 1117 3422 vos
1132 3362 1230 3438 docui,

119 3455 231 3512 horum
245 3451 317 3509 nibil
331 3455 451 3528 prorsus
463 3450 551 3509 istum
564 3450 748 3528 prestitisse.
771 3451 850 3518 Quin
868 3452 936 3512 illas
950 3453 1038 3528 etiam
1051 3454 1132 3533 leges
1147 3455 1235 3516 audi-³

118 3545 219 3616 vistis,
232 3542 338 3622 quibus
359 3545 396 3602 ab
415 3542 594 3620 istorogata
612 3543 661 3600 lex
683 3541 874 3603 adversatur.
897 3554 928 3604 et
949 3545 1039 3620 banc,
1059 3537 1230 3626 priusquam

115 3637 189 3696 illas
206 3637 391 3714 abrogasset,
409 3655 476 3694 eum
497 3635 599 3716 tulisse
620 3635 712 3696 scitis.
749 3633 828 3695 Non'
840 3637 927 3697 etiam
947 3658 1012 3698 esse
1032 3660 1049 3703 e
1070 3625 1231 3719 republica,
1315 3697 1318 3702 ,

119 3727 298 3788 audivistis:
315 3727 378 3806 jam
388 3727 604 3806 primum-enim
619 3747 654 3788 ea
668 3729 751 3792 dere
762 3731 851 3788 verba
861 3729 959 3792 lacere
972 3731 1081 3790 destiti.
1104 3731 1232 3792 Proinde
1281 3802 1284 3806 ¹

116 3820 234 3901 palam,
248 3819 337 3887 nullis
351 3823 440 3880 rebus
462 3819 625 3900 exceptis,
625 3821 746 3901 injurius
761 3832 817 3894 est,
837 3843 935 3903 neque
956 3825 1114 3903 quicquam
1133 3836 1180 3886 est
1202 3827 1233 3886 in

118 3933 184 3994 quo
199 3913 290 3978 vestri
303 3913 446 3972 rationem
467 3911 648 3988 habuisse,
641 3923 693 3973 aut
705 3915 897 3980 verecundari
915 3916 1058 3976 videatur.
1091 3919 1147 3998 Ac,
1167 3937 1238 3992 mea
1336 3908 1340 3917 ¹

118 4005 248 4083 quidem
263 4003 423 4083 opinione,
434 4025 458 4062 ει
451 4003 546 4084 quid
567 4013 710 4083 praeterea
723 4007 829 4066 luisset
849 4007 1034 4096 interdictum
1051 3997 1181 4094 legibus,
1202 4011 1234 4073 id

118 4116 247 4182 quoque
261 4097 398 4184 facturus
417 4097 485 4178 luit.
512 4097 716 4184 Undecunque
732 4099 820 4178 igitur
840 4109 971 4179 apparet,
991 4121 1058 4160 eum
1077 4102 1172 4163 haec
1164 4104 1235 4164 msi-

116 4189 213 4250 diose
229 4181 392 4293 scripsisse,
407 4198 438 4250 et
460 4209 491 4250 re
506 4189 676 4265 deliberata,
690 4211 750 4251 non
773 4192 920 4271 opinionis
938 4213 1033 4278 errore
1055 4195 1234 4279 deliquisse:

114 4283 197 4342 inde
213 4300 283 4341 vero
298 4280 494 4364 potissimum,
507 4283 588 4362 quod
608 4291 670 4344 tota
681 4269 732 4370 len
745 4285 891 4365 usquead
910 4273 1071 4348 extremam
1092 4289 1236 4370 syllabam

111 4375 193 4435 talis
220 4384 275 4434 est.
316 4375 381 4434 Nec
395 4375 472 4434 euim
476 4375 552 4436 vel
545 4378 654 4437 invitus
669 4377 826 4458 quicquam
840 4387 919 4439 recte
936 4381 1048 4440 statuit.
1056 4371 1137 4440 Aut
1139 4382 1239 4462 quod

111 4465 410 4547 vobisprofuturun
427 4477 517 4529 esset.
546 4470 593 4530 An
607 4489 667 4532 non
687 4470 775 4548 igitur
796 4471 864 4531 odio
886 4447 1106 4551 prosequendus
1127 4482 1182 4545 est,
1206 4484 1238 4534 et
1299 4466 1302 4472 ¹
