2886 4946
287 315 292 320 ·
373 289 428 348 DE
450 281 718 352 unouloltUM'
734 293 970 353 LIBERTATE.
1166 294 1220 351 143

121 445 228 506 dedere
242 446 325 524 leges
340 455 400 505 tarn
419 448 538 506 infirmis
560 467 647 526 quam
668 449 846 527 potentibus,
866 448 1004 507 Graecum
1018 458 1114 506 autern
1125 448 1175 527 jus
1189 446 1220 504 hi

122 539 171 616 qui
183 557 280 596 rerum
295 537 445 617 potiuntur
454 539 690 600 imbecillioribus
701 541 925 620 interpretantur
934 550 965 599 et
978 538 1131 598 definiunt:
1145 539 1221 598 Cum

120 631 206 708 igitur
218 630 312 690 vobis·
325 640 356 690 et
368 629 526 692 decernere
540 651 609 709 quae
618 633 701 712 justa
713 640 783 690 sunt
796 641 825 691 et
838 641 977 711 prestare
991 631 1161 690 mandatum
1174 629 1221 702 sit,

119 722 334 782 elaborandum
354 733 410 796 est,
427 724 457 782 in
472 717 571 784 ¹vestra
591 733 735 804 potestate
756 733 790 783 ut
809 724 858 795 sit,
879 724 981 783 eadem
997 726 1084 783 etiam
1100 722 1222 783 admini-

119 827 210 878 strare
221 828 311 898 atque
320 819 448 897 exsequi.
478 821 566 886 Quod
578 823 642 879 tum
654 820 715 893 fiet,
724 818 749 880 si
762 839 813 880 ros
824 837 994 880 communes
1003 819 1145 879 libertatis
1156 838 1219 877 orn-

16 945 19 955 ·
118 911 200 970 nium
214 929 283 970 esse
296 909 429 971 vindices
442 912 643 971 existimarint.

162 1005 212 1061 14.
233 1003 337 1086 Neque
350 1023 420 1064 vero
432 1003 537 1063 mirum
555 1003 624 1062 mihi
637 1003 762 1075 videtur,
780 1005 877 1063 officio
895 1003 978 1081 iungi
991 1003 1073 1061 vobis
1092 1003 1221 1062 omnium
1311 1013 1314 1022 ’

120 1103 190 1152 'esse
204 1092 416 1152 difficillimum.
452 1094 531 1153 Nam
553 1095 666 1153 eaeteris
684 1093 849 1154 homiuibus
865 1095 1006 1153 universis
1026 1113 1115 1152 uuum
1129 1103 1220 1153 ee'rta·

119 1205 190 1243 men
204 1195 250 1244 est
263 1204 329 1244 cum
343 1181 477 1246 hostibus
492 1187 664 1260 manifestis,
679 1207 752 1264 quos
767 1187 816 1246 ubi
830 1181 961 1258 vicerint,
980 1186 1050 1244 nihil
1066 1187 1107 1246 eis
1123 1187 1222 1248 obstat

119 1297 181 1356 quo
192 1277 288 1336 miuus
303 1297 404 1338 secure
418 1278 509 1359 partis
523 1279 608 1338 bonis
623 1279 773 1338 fruantur:
795 1279 875 1339 vobis
890 1289 997 1350 autem,
1017 1279 1222 1351 Athenienses,

119 1369 202 1436 duo;
225 1385 293 1427 curu
306 1369 364 1428 hoc
377 1371 456 1447 quod
470 1381 501 1428 et
514 1370 628 1440 ceteris,
646 1380 708 1428 tum
721 1389 789 1428 vero
809 1370 924 1429 accedit
936 1370 1058 1428 alterum
1071 1370 1128 1430 hoc
1141 1370 1229 1449 prius¹

119 1469 151 1519 et
164 1460 272 1540 majus,
287 1460 367 1539 quod
380 1460 409 1519 in
424 1461 678 1542 deliberationibus
700 1461 834 1520 vincendi
854 1471 884 1520 et
899 1461 929 1519 hi
951 1471 1035 1531 suut,
1046 1463 1096 1540 qui
1108 1463 1220 1540 reipub.

120 1551 270 1612 adversari
291 1553 455 1612 commodis
470 1553 549 1633 apud
561 1573 614 1615 vos
635 1553 834 1612 decreverunt.
880 1553 957 1612 Cum
976 1552 1064 1632 igitur
1077 1573 1127 1632 per
1148 1554 1220 1613 istos

120 1643 194 1704 nihil
216 1646 330 1723 absque
347 1663 454 1724 magno
469 1646 568 1705 labore
589 1645 694 1705 confici
709 1645 763 1704 rite
776 1644 876 1724 possit,
896 1646 937 1715 fit,
953 1646 1032 1724 quod
1045 1645 1149 1703 mirum
1162 1665 1221 1704 non

121 1749 181 1810 est,
194 1747 228 1798 ut
240 1739 340 1798 multis
355 1739 385 1797 iu
396 1741 483 1799 rebus
496 1739 597 1803 erretis
613 1747 643 1798 et
655 1738 840 1798 frustremini.
869 1737 965 1816 Atque
978 1748 1012 1797 ut
1024 1737 1107 1797 multi
1120 1757 1220 1798 secure

121 1831 177 1890 has
192 1829 221 1888 in
235 1833 336 1908 repub.
351 1842 447 1910 partes
461 1831 633 1911 suscipiant,
652 1829 683 1888 in
696 1849 788 1889 causa
802 1825 927 1890 fortasse
940 1831 1125 1910 potissimum
1142 1841 1221 1902 suut,

121 1943 189 2002 quae
210 1943 229 1982 a
242 1923 444 2002 praebitoribus
459 1924 518 1983 suis
543 1923 700 2001 accipiunt,
721 1922 925 1982 emolumenta.
966 1923 1026 1982 Sed
1049 1933 1145 1982 tamen
1168 1941 1220 1982 vos

121 2016 211 2076 etiam
225 2014 456 2094 reprehendendi
466 2017 537 2077 estis
550 2035 558 2074 ε
578 2015 705 2074 decebat
719 2015 796 2074 euim
806 2034 869 2087 vos,
880 2015 1085 2086 Athenienses,
1096 2011 1222 2074 eundern

121 2107 235 2168 hahere
249 2107 377 2166 animum
390 2108 428 2166 de
441 2107 542 2167 ordine
554 2107 731 2186 reipublicae,
752 2125 838 2183 quern
857 2105 894 2166 de
913 2107 1015 2166 ordine
1035 2106 1151 2166 militari
1166 2108 1220 2167 ha-

120 2199 210 2259 betis.
233 2199 263 2258 Is
276 2199 366 2278 igitur
378 2200 443 2278 quis
457 2200 524 2259 esti
549 2199 611 2258 Vos
630 2198 808 2258 desertorem
828 2198 1000 2278 assignatis
1017 2199 1093 2258 duce
1112 2199 1221 2270 ordinis

121 2291 286 2370 ignominia
298 2292 461 2351 uomudum
481 2291 608 2353 censetis
620 2300 650 2351 et
668 2309 686 2350 a
705 2292 806 2368 repub.
819 2291 988 2350 arcendum:
1020 2292 1116 2351 Decet
1134 2292 1221 2370 igitur

122 2403 176 2444 eos
190 2383 289 2456 etiarn,
303 2384 354 2462 qui
363 2384 493 2444 ordinem
506 2385 537 2444 in
550 2385 652 2462 repub.
667 2380 803 2441 traditum
823 2401 842 2441 a
854 2383 1011 2463 majoribus
1030 2383 1222 2442 deseruerunt

122 2476 226 2553 itaque
243 2495 276 2535 se
288 2487 392 2555 gerunt
412 2487 446 2534 ut
461 2475 601 2556 potentiue
617 2493 777 2554 paucorum
794 2475 942 2547 studeant,
963 2475 1073 2538 honore
1086 2475 1220 2534 dicendus

125 2568 208 2646 apud
221 2587 276 2636 ros,
286 2571 439 2634 seutentiae.
452 2570 575 2648 privari:
598 2587 676 2630 nuuc
689 2567 795 2640 socios,
815 2568 864 2647 qui
884 2589 916 2628 se
929 2569 1079 2629 vobiscum
1100 2559 1220 2628 eosdeni

43 2661 49 2676 '
123 2671 153 2720 et
166 2661 276 2722 amicos
289 2673 320 2722 et
332 2663 432 2724 hostes
444 2663 595 2724 habituros
605 2662 751 2741 jurarunt,
763 2663 1055 2742 benevolentissimae
1071 2663 1219 2722 existima-

122 2752 175 2822 u's;
198 2753 386 2832 magistratus
402 2763 499 2817 autem
512 2775 585 2834 quos
598 2753 732 2814 hostibus
746 2753 869 2816 civitatis
883 2755 1016 2816 addictos
1033 2774 1098 2814 esse
1111 2755 1222 2834 liquido

125 2845 230 2916 nostis,
239 2865 291 2908 eos
305 2866 357 2925 pro
370 2846 546 2908 fidelissimis
560 2845 684 2909 habetis.
1023 2855 1025 2861 ’

124 2973 126 2980 ,
170 2940 217 2998 15.
240 2938 302 3001 Sed
312 2940 406 3017 quod,
425 2940 472 2998 vel
484 2940 515 3002 iu
529 2939 585 2999 illis
604 2948 757 3000 accusetur
773 2939 823 3001 ,vel
839 2941 872 3000 in
892 2941 1006 3000 cacteris
1025 2939 1107 3000 robis
1125 2957 1223 3018 repre·

124 3031 282 3103 hendatur,
294 3033 412 3092 difficile
429 3042 544 3112 repertu
566 3043 706 3092 nonest:
728 3033 832 3110 quibus
853 3043 950 3092 autem
972 3033 1150 3092 orationihus
1171 3042 1224 3090 aut

123 3125 230 3201 ,quibus
245 3125 409 3192 actionibus
423 3145 459 3186 ea
471 3144 539 3204 quae
553 3143 639 3202 prave
660 3133 740 3184 nune
750 3124 825 3185 fiunt
845 3125 1035 3203 corrigantur,
1053 3123 1083 3182 id
1104 3123 1222 3184 demum

124 3228 243 3296 ¹repertu
257 3229 304 3278 est
316 3218 455 3300 difficile,
474 3219 519 3277 Ac
537 3217 574 3278 de
588 3219 721 3280 omuibus
742 3218 839 3280 dicere
855 3238 915 3278 non
937 3227 983 3276 est
994 3216 1083 3293 hujus
1096 3214 1221 3276 fortasse

125 3311 275 3390 temporis.
309 3308 369 3370 Sed
382 3311 406 3370 si
418 3331 456 3370 ea
465 3311 726 3388 ,quaeiustituistiu
744 3311 815 3370 utili
827 3311 962 3390 quapiam
972 3365 974 3370 .
983 3309 1097 3369 actione
1115 3309 1224 3370 confir·

125 3419 206 3467 mare
215 3401 359 3480 poteritis,
374 3411 480 3472 caetera
489 3401 703 3480 etiamsingula
713 3417 745 3462 se
754 3403 878 3468 fortasse
887 3402 992 3463 melius
1001 3401 1222 3464 habiturasuut.

26 3519 29 3529 ·
124 3493 194 3574 Ego
206 3495 296 3572 igitur
309 3513 419 3556 censeo
430 3495 533 3554 harum
554 3508 652 3562 rerum
665 3505 766 3556 curam
780 3514 888 3574 magno
908 3506 939 3556 et
959 3496 1107 3556 constanti
1124 3496 1223 3555 animo

126 3586 355 3666 suscipiendam,
377 3587 555 3666 easdemque
572 3608 626 3667 pro
640 3588 811 3668 ¹reipublicae
831 3588 971 3668 dignitate
992 3607 1010 3648 a
1029 3588 1111 3648 robis
1132 3586 1230 3646 conii·-

123 3679 262 3751 oieudas,
275 3679 507 3748 recordantibus,
517 3680 596 3757 quod
609 3680 734 3760 majores
747 3690 859 3740 vestros
872 3691 1013 3740 eteorum
1026 3679 1166 3760 praeclara
1176 3677 1224 3736 fa·

123 3772 231 3836 oiuora
244 3772 504 3852 praedicansque
525 3773 647 3850 Tropaea
668 3774 830 3835 enumerari
851 3793 919 3833 oum
932 3774 1082 3852 voluptate
1099 3769 1221 3829 auditis:

126 3865 230 3946 itaque
243 3865 382 3944 cogitate,
396 3865 574 3932 monimenta
592 3865 643 3924 illa
659 3875 756 3927 erecta
773 3885 839 3926 esse
854 3879 876 3925 'a
888 3867 1045 3948 majoribus
1066 3881 1125 3921 non
1137 3869 1172 3920 nt
1187 3881 1225 3924 ea

128 3957 273 4019 miremini
285 3967 454 4037 spectantes
475 3945 627 4031 duuteiat,
643 3957 698 4036 sed
717 3953 870 4018 uteorum
892 3957 943 4037 qui
964 3976 1000 4016 ea
1020 3962 1226 4015 consecrarunt

127 4048 249 4119 virtutes
268 4049 427 4112 imitemini.
