2912 4946
374 281 928 381 consangnnrsromronan
953 263 976 342 n
1061 289 1076 298 ‘¹
1161 279 1223 342 rsa

128 453 157 502 et
173 459 224 520 pro
242 461 306 507 sua.
320 439 423 520 cuique
445 437 565 500 libidine
588 439 703 498 vivendi
725 441 842 502 licentia
862 440 957 511 detor,
979 457 1048 497 non*
1060 436 1225 524 respublica

129 537 270 599 duntaxat
284 533 485 604 intereat-sed
498 533 569 592 nibil
583 533 670 593 etiam
684 536 759 592 inter
774 544 903 600 nostram
916 542 947 593 et
960 530 1120 592 belluarum
1137 531 1225 590 vitam

129 627 254 686 intersita
272 627 352 692 Quid
362 626 440 694 enim
450 628 539 686 isturo
550 626 647 704 ipsam
661 624 806 690 facturum
818 625 930 704 putatis
939 625 1086 702 abrogatis
1101 623 1226 702 legibus,

129 721 177 798 qui
197 719 366 798 rigentibus
385 718 442 784 illis
463 729 510 778 est
530 717 720 777 satist-Cum
743 728 840 788 autern
861 719 891 776 ln
914 718 1052 777 confesso
1075 717 1122 790 sit,
1145 717 1227 794 leges

129 811 259 892 proxime
275 811 482 870 etsccuudum
506 811 590 881 deos,¹
610 811 837 871 conservatrices
859 829 925 882 esse
948 809 1127 890 reipublicoe,
1141 809 1228 868 decet

130 923 230 963 omnes
244 923 309 977 vos,
322 903 444 983 perinde
457 923 496 964 ac
513 902 538 966 si
558 903 594 962 ad
611 903 764 963 collectam
786 903 989 983 complendam
1009 902 1161 974 sederetis,
1174 904 1228 962 ob·

42 1049 48 1066 ,
128 1005 337 1076 ,temperantem
358 996 474 1076 illis,ut
486 997 536 1075 qui
551 995 652 1057 salutis
673 995 775 1072 stipem
791 996 866 1059 ferat
876 995 1031 1074 ,integram
1045 994 1157 1073 patriae,
1173 995 1227 1054 ho·

130 1105 230 1148 noram
248 1097 281 1147 et
296 1088 427 1160 laudare,
450 1099 653 1147 contumacem
678 1088 790 1167 punire.
834 1087 967 1148 Collecta
986 1087 1064 1146 enirn
1084 1086 1176 1146 civilis
1198 1099 1229 1148 et

128 1181 303 1254 eommunis,
317 1196 354 1240 ea
375 1189 447 1240 sunt
458 1181 565 1250 omnia,
579 1197 648 1259 quae
659 1201 696 1240 ex
707 1181 916 1242 consatutione
930 1181 1029 1258 legum
1046 1181 1171 1259 quisque
1185 1181 1228 1240 fa·

130 1271 232 1333 durus.
255 1275 352 1342 Quem
366 1272 415 1352 qui
429 1272 562 1352 negligit,
575 1265 785 1345 Athenienses,
795 1273 1050 1353 multapreeclara,
1061 1271 1227 1352 splendida,

128 1351 386 1442 magnifiisarobis
401 1364 495 1444 eripit,
508 1374 539 1424 et
552 1359 695 1444 quantum
714 1367 743 1426 in
764 1385 795 1424 se
814 1375 869 1438 est,
893 1366 1066 1446 pessundat·
1096 1365 1228 1436 Quonam

126 1473 220 1514 unum
232 1466 321 1535 atque
335 1457 544 1536 alterum,quee
560 1451 713 1542 notissima
726 1458 808 1526 vobis
823 1468 901 1530 sunt,
916 1457 1039 1536 exempli
1055 1457 1149 1535 gratia
1162 1477 1229 1535 pro·

126 1549 230 1608 feram
266 1549 355 1618 Quod
377 1557 496 1609 senatus
514 1550 751 1628 quingentorum,
772 1561 890 1629 propter
910 1551 1038 1608 infirmos
1058 1549 1130 1608 istos
1158 1566 1231 1608 can-

131 1641 233 1714 cellos,
252 1653 366 1702 secreto
386 1641 767 1722 deliberandipotestatem
783 1644 888 1712 babet,
911 1654 943 1712 et
958 1641 1042 1720 uulgi
1065 1641 1229 1701 interventu

111 1753 190 1792 mon
203 1737 406 1813 perturbatur:
427 1734 507 1812 quod
522 1745 643 1806 senatus
658 1735 892 1814 Areopagiticus,
905 1754 971 1794 curn
979 1734 1013 1792 in
1023 1734 1136 1813 porticu
1150 1732 1231 1812 regia

130 1827 245 1886 sedenti
257 1827 407 1888 funiculus
424 1827 603 1901 obtenditur,
618 1828 852 1906 tranquillantis
866 1839 896 1888 et
906 1825 1063 1888 solitudine
1077 1827 1189 1898 inuitur,
1201 1837 1232 1886 et

129 1939 233 1980 omnes
247 1941 263 1980 e
281 1921 380 1986 medio
394 1921 561 1980 excedunt:
575 1921 659 1998 ·quod
674 1921 863 2000 magistratus
877 1939 989 1992 omnes,
1003 1940 1078 1998 quos
1091 1919 1110 1978 ii
1124 1931 1231 2000 gerunt
1310 1957 1317 1965 ·

126 2030 147 2072 ·e
160 2011 241 2072 vobis
252 2012 358 2090 quibus
372 2011 415 2070 illi
428 2012 531 2078 sortito
548 2012 729 2090 obtigerunt,
744 2013 866 2072 simulac
879 2011 1009 2071 minister
1023 2031 1074 2072 eos
1090 2031 1183 2090 egre
1192 2013 1231 2072 di

122 2105 168 2163 tio
178 2125 243 2164 ras
264 2105 395 2184 jusserit,
410 2105 509 2183 legum
523 2115 597 2164 sunt·
606 2117 769 2184 compotes,
783 2125 835 2184 per
845 2125 922 2185 aquas
933 2105 1090 2168 intromissi
1103 2105 1231 2179 famant,

66 2205 69 2210 '
122 2205 163 2256 et
175 2217 235 2260 non
250 2198 488 2277 importunissimi
502 2215 555 2277 per
572 2199 630 2258 vim
651 2218 683 2257 se
697 2199 851 2278 ingerunt:
875 2198 933 2258 alia
947 2206 1096 2256 sexcenta.
1123 2197 1233 2257 Omnia

121 2289 257 2369 denique
277 2292 419 2370 praeclara
433 2300 464 2350 et
485 2300 628 2370 augusta,
641 2309 692 2370 per
705 2311 772 2370 quse
782 2292 860 2350 urbs
874 2301 905 2350 et
923 2301 1042 2350 ornatur
1062 2299 1093 2349 et
1111 2307 1230 2350 conser-

129 2391 225 2455 vatur,
249 2383 365 2462 legibus
390 2393 513 2462 accepta
534 2393 604 2442 sunt
624 2383 787 2443 referenda.
816 2383 967 2443 Modestia
989 2401 1060 2460 erga
1083 2393 1231 2461 parentes,

122 2493 203 2551 -erga
216 2483 288 2534 natu
303 2476 428 2554 majores
442 2474 648 2536 adolescentia
657 2474 845 2547 verecundia,
859 2473 946 2546 ordo,
955 2474 1118 2553 disciplina,
1131 2472 1232 2554 legum

124 2561 314 2644 adjumento,
325 2567 438 2646 flagitia
448 2567 832 2647 superant,·inrpudentiam,
842 2567 1006 2638 audaciam,
1020 2577 1231 2646 contemptum.
1327 2649 1328 2652 Ἴ

120 2658 376 2719 *Nam-temeraria
390 2678 437 2719 res
459 2669 505 2720 est
523 2661 703 2739 improbitas,
724 2660 883 2730 etaudax,
903 2669 933 2719 et
953 2659 1096 2722 violente:
1118 2672 1232 2735 contra,

120 2751 248 2810 ‘bonitas
262 2751 469 2830 tranquillaret
484 2753 595 2826 timida,
610 2743 641 2812 et
655 2751 750 2825 tarde,
759 2763 788 2812 et
801 2752 901 2812 damni
915 2752 1041 2832 patiens.
1064 2754 1162 2832 Leges
1177 2756 1232 2834 igi·

129 2845 310 2905 turtuendae
325 2854 406 2917 sunt,
423 2854 454 2904 et
470 2845 597 2918 arabis,
611 2845 662 2924 qui
676 2865 793 2924 quoque
807 2855 936 2924 tempore
952 2845 1065 2925 judicia
1078 2848 1233 2919 exercetis,

115 2937 466 3013 ee'onlirmaodaeffiarum
480 2937 555 2996 enirn
577 2938 712 3018 praesidio
733 2939 803 2997 b'oni
816 2947 883 2996 sunt
903 2938 1041 3015 improbis
1055 2940 1232 3017 superiores)
1318 2947 1321 2954 '

88 3102 91 3107 ι
129 3029 295 3101 sinminus,
309 3030 463 3108 dissipata,
478 3039 588 3108 aperta,
597 3030 723 3090 confusa
731 3039 804 3090 sunt
813 3029 920 3101 omnia,
931 3029 960 3102 in
971 3027 1231 3108 perditissimorum

114 3131 161 3182 ‚tet
174 3121 455 3201 improbissimorum
464 3122 576 3182 civium
590 3132 740 3201 potestate
756 3133 803 3182 est
816 3121 989 3200 respublica.

120 3245 122 3253 r
171 3217 212 3274 ¹72·-
223 3216 312 3294 Agite
325 3235 405 3290 vero,
418 3217 508 3281 deum
522 3215 728 3286 immortalem,
748 3217 773 3274 si
786 3235 900 3287 omnes,
916 3213 1008 3294 qui-in
1021 3217 1094 3275 urbe
1108 3216 1231 3296 degunt,

114 3306 339 3386 ,Aristogitonis
353 3316 471 3368 sumant
485 3307 640 3368 audaciam
654 3317 743 3386 atque
764 3307 1039 3386 impudentiam,at
1059 3307 1102 3368 ita
1121 3319 1154 3368 ut
1171 3312 1232 3371 iste

124 3419 229 3459 secum
245 3401 387 3479 cogitent,
402 3401 489 3461 licere
500 3409 530 3458 et
543 3399 642 3460 dicere
654 3410 684 3464 at
693 3401 789 3460 iacere
801 3399 978 3478 aliquamdiu
989 3400 1129 3482 quicquid
1143 3397 1233 3466 libeat

114 3491 309 3572 depopulari
323 3493 556 3572 imperiumque
576 3492 658 3570 liqui
678 3491 862 3556 sicanimurn
885 3491 1062 3566 induxerint,
1085 3495 1231 3556 existima-

110 3585 338 3646 :emensam
352 3583 515 3662 negligant,
530 3593 560 3644 et
572 3603 658 3644 nemo
671 3584 775 3643 in-uilo
785 3582 913 3644 facinore
924 3585 1121 3664 deprehensos
1133 3590 1232 3648 statim

118 3676 265 3744 =0ccidat·;
295 3676 421 3756 eiigitur
434 3677 499 3737 ista,
511 3671 634 3754 quisque
655 3677 774 3754 cogitet,
785 3688 918 3738 etsorte
932 3697 992 3737 non
1010 3679 1145 3743 delectus
1164 3702 1230 3756 cum
1314 3747 1318 3760 ¹

124 3767 259 3840 delecto,
273 3779 303 3828 et
315 3786 375 3828 non
391 3769 563 3847 designatus
577 3789 643 3829 cum
658 3769 823 3848 designata,
841 3769 943 3829 eadem
962 3787 1028 3830 esse
1047 3771 1186 3848 dignitate
1202 3785 1232 3834 et
1328 3793 1334 3798 ·

115 3870 277 3938 potestate
298 3860 426 3934 studeat,
449 3861 471 3919 si
493 3861 618 3938 denique
636 3879 696 3920 non
716 3881 818 3932 senex,
840 3882 899 3928 npn
916 3862 1033 3940 juvenis
1050 3864 1144 3923 officio
1164 3865 1231 3924 iun-

110 3963 231 4030 .·gatur,
248 3941 395 4016 sedulum
416 3953 519 4012 ordine
539 3953 725 4032 repudiatae
745 3955 816 4024 vita,
839 3974 921 4014 suam
940 3945 1066 4032 quisque
1081 3956 1231 4018 libidinem

122 4066 184 4126 pro
200 4046 277 4124 lege,
292 4065 344 4124 pro
364 4046 547 4123 magistratu,
568 4065 750 4125 prosumma
762 4067 859 4105 rerum
878 4047 1006 4105 omnium
1021 4047 1137 4122 babeat,
1151 4051 1192 4110 ita
1207 4053 1231 4112 si

122 4140 283 4211 faciamus,
297 4138 430 4216 nunquid
448 4140 517 4197 urbs
538 4140 626 4197 incoli
646 4159 732 4218 porro
754 4139 879 4218 poterit?
904 4139 1126 4217 Nunquidulla
1144 4164 1231 4221 porro

121 4233 230 4291 futura
238 4240 286 4291 est
294 4232 394 4310 legum
406 4231 580 4292 auctoritas?
595 4234 745 4298 Quantum
755 4242 851 4290 antem
863 4232 1007 4290 violentiae
1015 4237 1047 4292 et
1056 4235 1230 4308 insolentiae,

120 4335 157 4384 et
171 4323 345 4401 iniqnitatis,
360 4333 390 4382 et
411 4324 606 4383 conviciorum
624 4322 753 4402 quotidie
774 4325 835 4382 iore
849 4325 969 4404 putatiS,
989 4325 1055 4386 loco
1079 4328 1141 4406 ejus
1163 4347 1231 4405 quae

120 4436 211 4478 nunc
226 4429 283 4492 est,
297 4417 518 4498 tranquillitatis
532 4428 562 4477 et
576 4417 761 4498 disciplinae?
784 4417 824 4476 Et
837 4437 979 4498 quorsum
998 4419 1095 4510 dicere
1115 4422 1230 4494 attinet,
