2920 4950
237 279 276 342 rs
585 260 822 344 enumeres
844 281 988 344 enrrrn.

232 452 320 510 nunc,
334 434 477 518 siquidem
490 435 521 500 id
534 438 614 519 prius
629 437 740 504 tectum
753 456 813 500 non
826 437 894 500 esti
914 457 974 499 non
995 436 1134 501 ditionem
1157 439 1220 516 ejus
1241 438 1337 501 classe

231 530 428 593 invademus?
469 533 511 594 At
523 554 584 612 quo
599 533 800 615 appellemus?
814 543 898 614 rogat
910 533 1025 613 aliquis.
1066 534 1186 614 Aperiet
1198 555 1258 614 qua
1270 536 1337 596 viti-

231 643 294 685 osse
305 623 364 684 sint
372 624 676 706 res'Philippibellum
684 626 792 706 ipsum,
800 626 1007 700 Athenienses,
1017 626 1105 686 modo
1113 627 1336 706 aggrediamur:

232 735 335 778 verum
349 716 374 776 si
388 716 469 778 domi
482 719 660 793 sedebimus,
672 703 873 779 conviciantes
887 719 1014 780 audituri
1023 723 1055 779 'et
1068 719 1254 780 criminantes
1263 720 1339 780 inter

233 829 266 871 se
280 819 424 881 oratores,
446 812 581 871 oculissi
599 811 661 872 ulla
677 812 787 872 ratione
800 829 930 890 unquam
943 822 1052 892 potest,
1066 817 1101 872 ut
1113 810 1270 890 quicquam
1283 812 1340 883 rite

207 902 436 988 ..conficiamus
478 903 655 983 Ubicunque
667 905 754 976 enim,
770 905 884 984 opinor,
893 924 962 985 pars
976 905 1074 984 aliqua
1081 903 1206 980 civitatis
1220 903 1341 984 ablege-

232 1005 282 1058 tur
295 999 414 1058 tametsi
429 1007 494 1060 tots
514 1017 573 1060 non
591 999 677 1072 adsit,
701 997 741 1060 ibi
757 1009 788 1058 et
800 998 922 1058 deorum
942 1006 974 1058 et
984 998 1111 1059 somnum
1131 997 1338 1058 benevolentia

198 1121 200 1126 ¹
231 1081 388 1152 nobiscum
411 1091 534 1152 militate
567 1095 751 1152 cumauteni
773 1090 977 1170 imperatorem
990 1100 1021 1150 et
1042 1090 1193 1150 decretum
1206 1090 1293 1150 inane
1307 1097 1341 1148 et

233 1185 328 1248 iactes
343 1193 513 1264 esuggestu
523 1204 592 1264 spes
609 1183 731 1255 mittitis,
745 1182 817 1243 nihil
834 1183 949 1246 avobis
967 1182 1091 1243 feliciter
1104 1183 1224 1261 geritur,
1238 1181 1291 1242 sed
1306 1189 1340 1254 st

232 1275 334 1338 hostes
347 1277 484 1338 derident
495 1276 660 1338 istiusmodi
674 1275 885 1356 expeditiones,
903 1277 946 1336 ita
955 1275 1030 1336 socii
1043 1285 1125 1350 metu
1148 1273 1341 1334 emoriuntur.

233 1369 303 1433 Non
324 1371 405 1431 eninr
425 1381 532 1452 potest,
554 1389 614 1432 non
635 1381 735 1450 potest
759 1369 833 1441 fieri,
860 1379 894 1430 ut
919 1389 995 1430 unus
1007 1370 1051 1429 vir
1063 1369 1192 1448 unquam
1204 1368 1287 1428 vobis
1302 1387 1341 1429 ea

233 1465 374 1527 conficiat
386 1466 493 1538 omnia,
507 1485 575 1545 quse
587 1466 695 1527 sultis:
717 1464 848 1544 polliceri
859 1455 991 1544 quidem,
1001 1473 1032 1523 et
1042 1463 1197 1534 affirmare,
1207 1471 1238 1522 et
1247 1481 1340 1522 sccu-

232 1561 391 1623 sarehuuc
415 1561 549 1622 stillum
573 1560 651 1620 licet.
684 1560 745 1619 Sed
758 1559 839 1619 bisce
858 1555 1011 1617 rationibus
1033 1557 1339 1636 negotiaperierunts

233 1672 303 1715 narn
316 1671 385 1714 cum
399 1653 491 1714 ducat
507 1647 626 1733 quidem
643 1652 799 1731 imperator
813 1651 932 1711 miseros
943 1647 945 1654 ’
957 1650 1104 1730 stipendio
1117 1651 1269 1710 fraudatos
1283 1671 1340 1730 pe·

232 1737 385 1825 iegrinosr
406 1745 456 1824 qui
470 1764 539 1804 vero
552 1745 590 1804 de
602 1743 690 1804 rebus
703 1743 762 1802 illle
773 1744 811 1803 ab
824 1761 860 1803 eo
875 1742 966 1822 gestis
980 1743 1148 1804 islsavobis
1159 1743 1339 1814 renuntient,

234 1839 316 1900 nullo
336 1839 457 1916 negotio
476 1837 525 1897 hie·
543 1837 745 1918 reperiantur:
766 1856 819 1896 vos
843 1831 948 1897 autem'
964 1828 1001 1896 eir
1020 1835 1132 1907 auditu,
1151 1835 1291 1914 quicquid
1308 1835 1341 1895 in

232 1941 362 1992 merrtem
376 1930 458 1990 vobis
478 1930 598 2002 venerit,
612 1929 789 1998 decernatis:
811 1931 892 2009 quid,
910 1950 1012 2011 quaeso
1028 1950 1092 2002 vos,
1106 1931 1340 2010 exspectandum

233 2023 302 2084 esti
328 2032 331 2049 ¹
343 2021 479 2092 Quonam
492 2021 581 2102 igitur
593 2023 682 2083 modo
696 2023 806 2083 exitum
819 2023 883 2082 haec
894 2023 1064 2087 invenienti
1085 2023 1162 2084 Cum
1169 2043 1233 2096 vos,
1244 2021 1341 2085 Athe·

233 2117 361 2187 nienses,
376 2115 496 2176 eosdem
509 2124 624 2176 vosmet
630 2115 815 2176 ostenderitis
829 2125 860 2178 et
871 2115 989 2188 milites,
999 2107 1030 2176 et
1038 2125 1128 2176 testes
1138 2125 1269 2176 actorum
1280 2116 1341 2178 du·

232 2207 288 2282 cis,
301 2217 333 2268 et
344 2206 394 2266 ubi
418 2203 537 2267 domum
548 2207 656 2268 reversi
669 2207 791 2277 fueritis,
808 2207 925 2288 judices
947 2209 1093 2268 rationum
1106 2207 1339 2285 referendarum,

231 2303 276 2363 ita
288 2309 391 2360 utnon
405 2307 518 2360 tantum
538 2319 606 2379 quas
620 2309 718 2360 vestra
730 2310 801 2359 sunt
814 2299 951 2372 audistis,
961 2319 1061 2360 verum
1074 2301 1163 2361 etiarn
1177 2313 1339 2380 praesentes

232 2391 420 2456 intueamini.
442 2409 521 2452 nunc
544 2407 591 2452 eo
604 2413 651 2452 res
675 2392 794 2454 devenit
811 2393 1010 2472 turpitudinis,
1031 2402 1066 2453 ut
1088 2393 1212 2473 quisque
1226 2391 1339 2456 ducum

232 2497 399 2549 vestrorum
403 2483 448 2544 brs
458 2485 671 2565 terquecapms
682 2485 761 2564 apud
772 2505 823 2545 vos
832 2487 936 2546 subeat
942 2485 1105 2564 Judrcrum
1126 2505 1192 2546 cum
1201 2487 1340 2550 hostrbus

233 2563 331 2642 sulem
345 2595 445 2639 eorum
458 2597 546 2638 nemo
558 2579 603 2638 vel
620 2575 711 2638 semel
724 2577 761 2636 de
775 2578 834 2637 vita
847 2571 984 2638 dimicare
1001 2579 1151 2651 sustineat,
1165 2591 1256 2660 utque
1270 2582 1339 2660 pla·

233 2673 388 2780 giqriorum
410 2681 441 2732 et
460 2671 557 2731 surum
576 2655 723 2730 interitum
745 2668 876 2731 honestae
894 2671 982 2731 morti
1001 2672 1166 2751 presserant.
1207 2673 1341 2736 Malefiei

232 2767 312 2828 enirn
332 2776 378 2827 est
381 2764 533 2846 ,judicum
548 2764 693 2826 sententia
713 2763 803 2832 mori3
824 2762 1017 2844 imperatoris,
1035 2781 1102 2824 cum
1115 2764 1249 2826 hostibus
1262 2785 1340 2847 prae·

233 2859 389 2920 liuntem.

279 2954 327 3014 16.
346 2952 485 3012 Vestrum
499 2958 597 3010 antem
615 2949 664 3010 elii
681 2913 906 3022 circumeuntes,
920 2969 988 3012 cum
1007 2949 1237 3011 Laeedremoniis
1250 2969 1340 3032 egere

234 3045 340 3108 dicunt
357 3043 524 3124 Philippum
540 3043 577 3102 de
594 3042 797 3102 Thebanorum
812 3043 963 3103 eversione
982 3052 1014 3102 et
1024 3043 1131 3104 liberas
1145 3042 1276 3104 civitates
1291 3043 1338 3108 di·

232 3137 362 3200 vellere:
384 3135 442 3208 alii,
456 3147 522 3196 eum
535 3135 648 3194 misisse
661 3133 776 3238 legatos
793 3129 850 3196 ad
845 3155 945 3214 regem
961 3135 1133 3206 Persarum·
1154 3135 1214 3209 alii,
1227 3139 1339 3218 oppida

233 3231 350 3292 munire
361 3229 394 3288 in
409 3228 543 3309 Illyriisr·
557 3225 615 3301 elii,
631 3245 701 3287 suas
715 3226 838 3306 quisque
851 3225 1007 3288 commenti
1022 3227 1150 3301 fabulas,
1164 3229 1338 3290 obambula-

234 3343 311 3384 mus.
352 3322 418 3402 Ego
431 3341 500 3382 vero
513 3321 648 3400 equidem
671 3319 818 3392 existimo,
833 3319 1040 3412 Athenienses,
1054 3321 1166 3383 ebrium
1187 3341 1251 3384 esse
1269 3343 1338 3384 eum

234 3435 331 3483 rerum
347 3423 495 3494 gestarum
516 3413 718 3492 magnitudine
732 3424 764 3473 et
785 3413 931 3493 ejusmodi
953 3413 1067 3474 somnia
1087 3415 1181 3476 mults
1194 3434 1248 3476 suo
1269 3437 1339 3478 cum

234 3509 333 3572 animo
345 3507 468 3586 agitare,
479 3525 549 3568 cum
563 3506 633 3584 quia
645 3505 726 3566 videt
735 3506 880 3566 neminem
893 3525 959 3565 esse
969 3525 1019 3586 qur
1010 3507 1178 3586 impediat,
1191 3517 1253 3568 tum
1269 3529 1339 3572 sue-

234 3602 367 3664 cassibus
381 3600 509 3668 elatum;
530 3617 590 3659 nou
606 3607 706 3658 tamen
720 3615 787 3658 eurn
809 3599 853 3658 sic
867 3617 955 3676 agere
967 3597 1136 3671 instituisse,
1150 3610 1185 3661 ut
1195 3621 1245 3680 qur
1236 3601 1339 3682 'apud

127 3687 133 3696 ’
236 3713 292 3756 nos
306 3701 377 3754 sunt
390 3689 579 3763 stolidissimi,
588 3689 764 3769 nonntquid
777 3689 828 3750 ille
842 3689 881 3751 sit
894 3692 1043 3752 secturus:
1064 3691 1245 3754 stolidissimi
1259 3696 1338 3755 enim

234 3796 307 3848 sunt
323 3785 369 3846 isti
381 3783 561 3863 rumigeruli.
601 3783 643 3843 At
656 3783 692 3855 si,
713 3783 758 3843 bis
773 3783 895 3856 omissis,
908 3783 981 3844 illud
996 3793 1175 3863 spectemus,
1187 3785 1337 3848 hominem

233 3881 322 3941 istum
332 3897 397 3939 esse
408 3876 492 3938 nobis
502 3875 662 3948 inimicum,
671 3875 915 3936 ernostrssuobis
924 3873 995 3956 opes
1005 3877 1125 3956 eripere,
1134 3887 1165 3938 et
1177 3877 1267 3970 longo
1274 3883 1338 3958 jam

219 3984 366 4054 ‚tempore
389 3969 548 4031 insolenter
564 3988 597 4029 se
618 3969 752 4048 gessisse,
773 3979 804 4028 et
823 3989 1007 4050 quoscunque
1023 3971 1200 4050 speravimus
1213 3972 1338 4052 aliquem

123 4055 129 4074 ⁸
233 4087 291 4149 pro
305 4066 389 4126 nobis
403 4081 470 4124 esse
484 4073 626 4135 semrom,
641 4080 686 4132 es,
701 4073 736 4121 ut
754 4073 1000 4133 censentesque
1019 4081 1074 4124 nos
1095 4083 1161 4124 esse
1178 4065 1288 4139 omnia,
1308 4075 1339 4126 et

233 4169 343 4222 cretera
354 4158 385 4217 in
400 4155 565 4216 nobismet
557 4156 629 4235 rpsis
642 4173 708 4214 esse
717 4155 822 4234 posite,
844 4166 883 4225 et,
902 4155 927 4215 si
941 4175 1020 4216 nuuc
1033 4155 1091 4216 illic
1105 4157 1275 4236 belligerare
1284 4177 1337 4217 no-

233 4251 375 4314 luerimus
389 4267 456 4311 cum
470 4267 517 4319 eo,
529 4247 608 4354 ideqr
621 4247 747 4307 fortasse
760 4248 843 4308 nobis
856 4247 904 4306 hic
914 4249 1012 4307 facere
1024 4237 1147 4308 n'eeesse
1159 4249 1221 4308 lore
1222 4250 1337 4320 ,—haec

232 4347 261 4407 si
273 4341 469 4412 statuerimus,
483 4325 603 4399 e'trecte
617 4341 775 4400 sentiemus
785 4341 927 4402 etinsnes
941 4341 1057 4402 tabulas
1068 4342 1174 4402 missas
1185 4338 1336 4404 faciemus.

235 4437 344 4518 Neque
360 4434 437 4497 enirn
454 4451 521 4514 quoe
536 4431 595 4516 siut
616 4433 725 4511 lutura,
742 4433 935 4514 querendum
948 4444 1004 4516 est,
1025 4435 1079 4498 sed
1092 4435 1216 4499 adversa
1228 4435 1337 4515 lutura,
