2920 4950
390 305 545 368 ORATIO
568 305 627 368 DE
642 302 933 380 CHERSONESO.
951 347 962 385 ,-
1198 309 1237 382 ⁸1.

126 481 194 534 esse
212 463 314 524 animis
334 461 464 534 allectos,
485 465 592 544 quique
616 463 713 524 seilli.
723 464 932 540 uendiderunt,
949 459 1020 540 odio
1037 461 1236 542 prosequendi
1268 497 1270 502 -

125 567 157 616 et
168 558 199 616 iu
213 557 378 626 cruciatum
397 557 559 636 obripiendi
574 567 654 618 sunt.
696 557 766 618 Non
779 558 857 618 enim
878 557 951 630 fieri,
965 576 1025 616 nou
1043 556 1105 616 fieri
1122 565 1233 635 potest,

124 659 160 722 ut
171 650 285 724 externi
299 635 409 722 'hostes
424 657 605 728 superentur,
619 646 675 708 nisi
688 649 769 728 prius
785 649 963 710 domesticos
983 649 1085 708 hostes
1101 647 1234 728 ¹punieri-
1260 727 1262 734 y

123 742 172 816 tis,
187 743 238 821 qui
250 743 294 802 illi
309 743 509 810 subserviunt;
531 742 583 818 sed
599 761 722 818 necesse
734 751 790 814 est,
800 741 850 800 ubi
864 742 895 818 in
903 742 959 818 hos
973 751 1233 822 tanquam-scopu-

122 834 168 896 los
187 836 336 914 quosdam
350 835 538 914 impegeritis,
559 844 594 892 ut
611 833 654 893 illi
665 834 747 894 vobis
764 841 966 910 antevertant..
998 833 1076 894 Nam
1097 853 1231 895 curcum

121 928 164 996 ite
194 927 412 993 contumeliose
434 927 516 1000 vobis
545 925 685 988 insultare
706 925 1033 1006 nuncqputetis-nihil
1055 927 1136 1002 euim¹
1152 923 1234 1006 aliud
1327 929 1330 932 ’

120 1020 191 1080 mihi
205 1021 329 1100 quidem
343 1019 441 1079 lacere
455 1018 583 1092 videtur,
603 1018 659 1078 nisi
677 1018 807 1098 hoc-et
828 1039 895 1080 cum
912 1018 986 1080 alios
1008 1019 1232 1094 benefaciendo,

121 1115 146 1174 si
159 1135 219 1178 non
230 1113 324 1187 aliud,
334 1113 439 1174 saltem
453 1113 588 1183 seducat,
596 1109 682 1174 ‘vobis
690 1118 752 1188 jem
768 1114 855 1174 etiam
866 1111 1010 1174 minitari?
1025 1111 1124 1172 Veluti
1135 1112 1232 1189 Thes-

120 1208 211 1281 selos,
228 1206 332 1267 multis
349 1205 425 1266 datis
440 1205 621 1279 muneribus,
638 1205 669 1265 in
690 1207 768 1284 hauc
791 1206 958 1268 servitutem
976 1205 1110 1285 pellexit:
1134 1225 1232 1286 neque
1310 1245 1314 1254 =

120 1301 251 1362 dicendo
272 1301 428 1380 quisquam
451 1297 594 1377 consequi
621 1307 730 1378 potest,
749 1319 838 1378 quam
864 1298 950 1359 variis
971 1299 1082 1362 artibus
1106 1299 1229 1360 miseros
1247 1367 1250 1372 ,

120 1395 294 1476 Olynthios,
317 1395 389 1456 date
410 1393 488 1472 prius
503 1391 645 1464 Potidoea,
666 1392 824 1470 multisque
842 1391 906 1452 aliis
930 1391 1094 1472 deceperit:
1115 1391 1230 1452 Theba-

118 1508 172 1548 nos
187 1507 280 1558 nunc¹
291 1489 347 1546 sub
363 1487 466 1566 jugum
482 1505 566 1544 suum
587 1483 689 1556 allicit,
710 1485 820 1545 tradite
830 1484 953 1558 Boeotia,
971 1495 1162 1565 posteaquam
1176 1505 1229 1562 eos
1289 1483 1292 1489 ’

118 1580 400 1662 magno,.gravique
425 1578 505 1639 bello
531 1579 673 1638 liberavit.
724 1579 828 1658 ltaque
850 1578 880 1638 hi
900 1598 1016 1652 omnes,
1038 1580 1109 1640 dum
1131 1581 1230 1658 aliqua

118 1675 336 1746 commoditate
351 1673 499 1758 fruuntur,
519 1670 568 1732 alii
583 1673 646 1752 jam
665 1664 798 1752 perpessi
817 1691 862 1732 ea.
876 1681 1040 1754 suntquae
1057 1691 1159 1732 omnes
1174 1693 1228 1754 po,-

116 1779 197 1840 runt,
214 1768 267 1829 alii
280 1765 534 1845 ferent,quicquid
550 1765 849 1844 undemcontigerit,
891 1768 935 1826 At
948 1787 1013 1838 vos,
1034 1777 1067 1827 ut
1083 1787 1149 1845 quse
1162 1787 1228 1848 per-

117 1862 254 1924 dideritis
268 1847 395 1932 taceam,
409 1861 439 1920 in
453 1861 519 1940 ipsa
533 1859 743 1940 pacificatione,
757 1859 871 1939 quoties
886 1859 1011 1940 decepti,
1024 1879 1112 1938 quem
1127 1861 1227 1922 multis

28 1967 31 1975 '
117 1955 239 2036 spoliati
263 1954 349 2017 estis!
371 1953 479 2012 Nonne
500 1952 832 2032 Phocensibus,¹nonne
853 1952 945 2039 Pylis,
967 1973 1065 2016 nonne
1088 1952 1224 2030 Threcia,

117 2049 260 2122 Dorisco,
290 2047 397 2120 Serrio,
428 2045 620 2126 Cers'oblepte
646 2047 720 2127 ipso,
747 2065 846 2106 nonne
872 2066 951 2120 nunc
974 2049 1076 2108 urbem
1101 2047 1225 2108 Cardia·

116 2161 222 2204 norum
239 2151 323 2202 tenet
334 2160 370 2201 ac
384 2139 557 2200 confitetur?
580 2142 639 2200 Cur
655 2142 744 2220 igitur
764 2140 822 2200 alia
839 2139 952 2200 ratione
965 2139 1043 2212 illos,
1055 2160 1109 2201 nec
1119 2142 1226 2216 eodem
1325 2169 1327 2177 ι

116 2237 208 2296 modo
222 2254 277 2294 vos
299 2232 424 2294 nacutt
447 2233 593 2302 Quoniam
612 2233 643 2292 in
658 2235 715 2294 hec
730 2243 827 2294 vestra
842 2251 903 2292 unu
922 2241 1095 2294 cunctamm
1111 2215 1226 2296 urhiuul

8 2347 11 2362 ¹
116 2329 241 2409 impune
260 2326 389 2388 hostium
410 2326 572 2394 commodis
591 2326 766 2405 patrocinari
785 2325 867 2398 licet,
888 2344 924 2385 ac
943 2325 967 2384 si
986 2326 1050 2406 quis
1068 2328 1225 2406 pecuniam

113 2420 181 2500 ipse,
190 2419 319 2498 accepit,
335 2417 528 2480 concionandi
543 2428 719 2497 potestatem
733 2418 831 2490 hebet,
846 2417 960 2478 etiamsi
974 2437 1025 2478 vos
1039 2420 1143 2480 vestris
1159 2421 1222 2500 opi,
1240 2483 1243 2489 ,

114 2515 172 2574 bus
194 2512 312 2574 interim
333 2511 449 2591 spoliati
468 2512 541 2572 sitis.
584 2512 653 2576 Non
666 2522 763 2572 tutum
781 2511 837 2586 fuit
854 2511 977 2591 Olynthi
997 2533 1116 2586 causam
1137 2505 1226 2596 egere

114 2606 257 2687 Philippi,
272 2606 367 2666 donec
380 2605 507 2685 populus
522 2604 730 2684 Olynthiorum
744 2604 831 2664 simul
849 2604 988 2666 delinitus
1004 2617 1083 2671 esset
1099 2607 1150 2668 illo
1164 2617 1224 2680 tra-

114 2698 347 2770 ditaePotidaese
360 2698 517 2758 beneficio:
532 2717 598 2772 ¹nou
611 2708 706 2758 tutum
725 2699 781 2759 fuit
794 2698 824 2757 in
840 2697 996 2758 Thessalia
1009 2699 1136 2780 Philippi
1149 2721 1223 2774 ceu.

114 2813 190 2866 sem-
200 2812 301 2872 egere,
314 2793 409 2864 donec
425 2790 580 2851 multitudo
590 2790 806 2862 Thessalorum,
822 2791 923 2871 ejectis
945 2811 963 2850 a
983 2791 1129 2873 Philippo,
1143 2795 1222 2875 ipso·

113 2899 181 2962 rum
193 2905 298 2957 causa,
310 2884 453 2964 tyrannis,
468 2894 561 2962 ,atque
579 2883 681 2964 Pyloea
697 2885 840 2953 restituta,
854 2885 884 2944 in
904 2883 1073 2960 societatem
1084 2888 1239 2957 benefici,

114 3000 200 3042 orum
216 2988 249 3038 et
262 2979 327 3058 ipsa
340 2977 482 3037 venisset:
504 2996 570 3050 nou¹
579 2975 635 3037 fuit
648 2976 755 3038 'lhebis
769 2987 877 3052 tutum,
891 2977 1064 3058 priusquam
1078 2980 1222 3042 Boeotiem

112 3072 183 3147 illis,
199 3070 309 3147 ,deletis
328 3069 543 3142 Phoeensibus,
564 3070 750 3131 reddidisset.
792 3070 903 3132 Verum
922 3070 1055 3146 Athenis,
1073 3091 1141 3132 cum
1152 3094 1240 3150 ,nond

114 3163 320 3245 Amphipolim
332 3172 446 3234 tantum
455 3174 485 3222 et
498 3181 600 3241 agrum
615 3163 826 3222 Gordianorum
836 3162 922 3223 nobis
932 3163 1078 3242 eripuerit,
1094 3165 1147 3226 sed
1158 3166 1221 3238 Ειις

112 3261 211 3320 boeern
236 3258 278 3317 ita
299 3255 422 3328 muniat,
444 3266 479 3314 ut
491 3256 575 3314 ueluti
593 3275 644 3316 arx
658 3255 696 3316 sit
710 3257 750 3315 ad
773 3275 827 3316 nos
849 3256 1075 3336 oppugnandos,
1090 3267 1120 3318 et
1139 3279 1220 3322 nunc

113 3351 292 3434 Byzantium
303 3350 431 3419 invadat,
446 3359 541 3408 tutum
555 3359 599 3409 est
614 3349 710 3409 dicere
723 3369 776 3430 pro
791 3348 937 3428 Philippo.
973 3350 1101 3412 Proinde
1115 3352 1219 3414 horum

112 3444 204 3524 aliqui
216 3433 253 3505 ei
270 3443 411 3504 mendicis
430 3453 551 3522 repente
571 3441 676 3502 divites
696 3444 782 3518 fiunt,
795 3462 837 3516 ex
855 3443 963 3521 ignotis
981 3447 1218 3530 atqueohscuris

112 3537 248 3601 celebres
270 3546 301 3596 et
319 3536 456 3610 illustres,
476 3553 529 3610 vos
547 3545 651 3610 contra
671 3557 708 3596 ex
728 3536 892 3612 illustribus
906 3537 1033 3612 obscuri,
1050 3557 1066 3598 e
1089 3540 1217 3620 copiosis

111 3632 236 3710 inopes:
258 3649 326 3688 nam
341 3629 504 3708 reipublicae
520 3649 576 3708 ego
590 3629 708 3709 quidem
721 3649 793 3710 opes
806 3629 835 3688 in
851 3629 947 3703 sociis,
958 3631 1026 3705 fide,
1040 3633 1219 3706 benevolen7

110 3723 155 3784 tia
168 3743 237 3782 esse
250 3721 361 3801 positas
377 3722 520 3793 existimo,
541 3740 665 3801 querum
680 3743 776 3798 rerum
794 3723 925 3782 omnium
937 3724 1122 3804 penuriavos
1136 3715 1219 3786 labo·¹

110 3818 194 3894 retis.
238 3816 322 3884 Quas
341 3814 412 3884 dum
431 3835 485 3887 ros
505 3815 655 3896 negligitis
670 3827 699 3876 et
714 3817 797 3878 vobis
818 3817 889 3898 eripi
904 3818 1008 3890 sinitis,
1028 3818 1078 3890 ille
1099 3819 1219 3899 quidem

110 3911 217 3980 besem
232 3907 328 3968 factus
342 3918 389 3968 est
406 3917 436 3967 et
449 3927 574 3988 magnus
588 3919 619 3970 et
631 3903 804 3992 formidatur
817 3911 854 3972 ab
868 3911 1003 3984 omnibus
1014 3922 1045 3971 et
1060 3910 1173 3974 Graecis
1186 3927 1218 3976 et
1264 3979 1269 3988 Κ

110 4002 254 4078 barbaris,
278 4011 449 4074 vosautem
466 4002 593 4074 humiles
617 4013 648 4062 et
661 4002 790 4078 deserti,
804 4024 900 4078 rerum
915 4003 1060 4064 venalium
1082 4007 1218 4071 ubertate

111 4095 272 4176 splendidi,
285 4115 387 4170 ¹eorum
400 4105 546 4176 apparatu
559 4117 626 4174 ques
641 4116 715 4176 opus
730 4108 815 4156 erant
828 4097 951 4157 ridiculi.
1215 4156 1219 4165 ,

156 4191 203 4248 16.
227 4189 296 4248 Νοο
312 4199 411 4248 autem
432 4189 537 4250 eodem
552 4190 640 4250 modo
653 4190 737 4250 vobis
750 4199 782 4258 et
794 4179 980 4268 sibimetipsis
993 4194 1138 4271 quosdam
1151 4216 1220 4261 orez

109 4293 190 4347 tores
206 4281 359 4342 consulere
372 4281 475 4343 video:
496 4283 579 4342 vobis
589 4283 668 4342 enim
681 4281 890 4361 quiescendum
902 4275 1093 4366 esse'dic'unt,
1105 4290 1220 4354 etiami

110 4374 269 4446 videmini,
286 4375 342 4454 ipsi
356 4394 425 4436 vero
440 4376 520 4456 apud
532 4395 585 4437 vos
599 4375 748 4455 quiescere
766 4395 826 4434 non
848 4386 983 4455 possunt,
998 4382 1116 4462 tametsi
1130 4400 1217 4444 nemo

109 4469 152 4542 eis
169 4469 302 4550 injuriam
315 4468 415 4530 iaciat.
458 4468 574 4544 Deinde
589 4468 721 4549 quisquis
735 4481 907 4549 suggestum
920 4474 1135 4558 conscenderit,
1148 4473 1228 4556 Non

650 4581 676 4628 Μ
