2932 4952
441 333 610 412 uorsus
628 317 981 412 'snrsrounarun
1031 305 1034 308 ’
1205 335 1290 414 sas'

156 501 185 552 et
199 491 279 572 quud
291 489 612 576 discedendi‘potestas
625 500 723 574 datur,
737 511 769 560 et
781 502 859 580 quod
881 503 1017 562 exsulare
1035 498 1166 582 juretur,
1182 517 1264 568 recte

155 594 201 644 est
213 583 361 664 prouisum
375 585 386 644 :'
405 597 435 646 et
448 591 529 668 quod
544 591 567 650 is
581 594 630 672 qui
646 594 683 652 ab
695 595 801 654 exsilio
815 595 901 664 redit,
914 596 1060 676 expiatur,
1071 607 1104 660 et
1118 610 1264 677 purgatur
1327 671 1332 684 ι

154 679 241 736 certis
256 679 378 738 ritibus:
400 690 430 738 et
443 683 537 742 omnis
549 685 709 745 auotoritas
722 706 813 765 penes
824 688 906 766 leges
916 699 973 759 est,
983 689 1074 748 ,etiam
1086 689 1149 750 hec
1158 691 1264 751 'omnia

141 770 292 847 'praeclare
307 772 469 832 constituta
483 785 561 835 sunt.
584 771 666 841 Quse'
675 778 728 838 iste
738 779 875 838 universe
885 790 968 838 tauta
980 781 1116 858 equitate
1131 801 1149 841 a
1161 783 1262 862 primis

153 861 372 938 legislatoribus
388 865 545 945 descripta,
559 868 677 929 decreto
691 872 748 930 isto
757 872 918 931 scribendo
931 873 1081 951 neglexit¹
1139 887 1144 892 ‘

182 957 230 1013 17.
254 955 330 1015 Haec
340 957 428 1034 igitur
439 958 502 1018 duo
511 969 595 1020 tante
603 973 633 1020 et
647 963 716 1022 talia
726 963 849 1042 judicia,
863 973 952 1042 etque
966 965 1108 1036 instituta,
1115 971 1175 1041 iam
1187 968 1257 1028 inde

152 1049 188 1107 ab
204 1048 283 1106 omni
297 1049 438 1109 memorie
453 1064 582 1130 recepta,
592 1064 652 1112 tam
669 1055 852 1133 impudenter
867 1056 1022 1116 transiluit.
1059 1057 1137 1124 Quin
1152 1072 1258 1136 proter

110 1165 112 1170 v
151 1135 214 1198 hec
235 1139 352 1200 tertium
372 1141 471 1214 etiam,
485 1143 561 1203 inter
580 1144 644 1204 here
663 1147 795 1205 omnium
809 1148 1256 1230 augustissimum‚.maximique

150 1234 278 1304 terroris,
293 1234 316 1292 si
333 1234 400 1312 quis
414 1235 559 1297 occidisse
572 1237 707 1312 fateatur,
722 1239 752 1298 id
766 1249 865 1299 temen
878 1241 1043 1303 seeundum
1053 1241 1136 1320 leges
1150 1242 1256 1303 iecisse

150 1343 182 1383 se
195 1325 286 1385 di'cat.
315 1327 370 1386 Est
384 1339 482 1387 autem
502 1329 559 1390 hoc
582 1331 619 1390 de
633 1351 692 1409 quo
715 1333 792 1405 dieo,
810 1334 979 1412 pretorium
998 1333 1037 1393 ad
1053 1335 1254 1415 Delphiniurn.

148 1416 227 1476 Nam
245 1419 321 1477 mibi
341 1419 460 1497 quidem
475 1421 623 1495 videntur,
644 1423 851 1498 Athenienses,
876 1426 906 1484 hi
929 1427 980 1505 qui
1001 1428 1125 1505 priunum
1145 1429 1193 1487 his
1215 1430 1254 1488 de
1333 1437 1339 1448 “

147 1513 236 1570 rebus
245 1511 312 1589 jura
326 1529 458 1586 sanxere,
472 1533 533 1592 prae
553 1515 688 1574 omnibus
702 1516 766 1576 aliis
781 1516 837 1576 hec
852 1527 1015 1596 spectasse,
1029 1527 1128 1577 utrum
1141 1519 1254 1579 nullam

147 1603 258 1662 eaedem
272 1623 338 1664 esse
353 1606 474 1679 licitam,
484 1623 521 1665 an
535 1627 604 1668 vero
619 1607 746 1686 aliquam
760 1609 872 1668 caedem
884 1610 980 1670 lacere
994 1610 1039 1670 las
1053 1631 1130 1683 esse,
1145 1612 1183 1678 sit
1197 1631 1252 1672 err-

34 1707 39 1714 ·
146 1696 359 1758 istimandumi
386 1699 463 1758 Cum
484 1699 584 1778 igitur,
604 1699 740 1760 Orestem
761 1701 915 1761 interfecta
936 1713 1041 1776 matre,
1058 1701 1150 1781 idque
1171 1703 1252 1764 haud

145 1801 316 1867 negantem,
330 1790 402 1852 deos
412 1791 528 1867 judices
542 1802 672 1866 nactum,
691 1793 781 1853 cedis
802 1795 968 1856 absolutum
982 1815 1048 1856 esse
1062 1793 1250 1875 reperissent,

145 1882 285 1942 statuisse
296 1883 409 1942 eedem
422 1884 551 1963 aliquam
562 1905 629 1948 esse
639 1887 771 1966 justam;
798 1905 855 1956 nec
869 1888 946 1947 enirn
957 1888 1039 1948 deos·
1047 1889 1153 1969 injuste
1167 1892 1250 1969 quie-

144 1993 233 2052 quam
248 1976 503 2054 pronunciaturos.
531 1978 657 2040 Proinde
671 1979 741 2056 quia
753 1979 797 2038 sic
812 1991 980 2052 senserunt,
990 1982 1052 2061 jan
1063 1983 1204 2057 seribere,
1219 1973 1251 2046 et

143 2078 245 2146 aperte
251 2057 373 2128 definire
384 2069 584 2143 instituerunt,
595 2069 700 2149 quibus
712 2071 750 2130 de
762 2074 859 2132 musis
869 2073 1003 2132 occidere
1010 2074 1122 2136 liceret.
1142 2076 1185 2134 At
1192 2075 1250 2136 iste

142 2180 264 2239 prorsus
282 2162 353 2222 nihil
374 2163 511 2244 dempsit,
535 2165 589 2224 sed
609 2165 639 2222 iu
654 2165 833 2237 universum,
848 2167 953 2245 siquis
973 2167 1126 2239 occiderit,
1145 2170 1250 2248 inquit,

143 2256 365 2331 Charidemum,
387 2259 447 2318 sive
460 2249 491 2317 id
501 2259 568 2338 jure
584 2258 647 2331 fiat,
666 2258 726 2318 sive
739 2268 773 2318 ut
786 2259 869 2338 leges
883 2260 1064 2339 permittunt,
1075 2261 1249 2340 proscribit.

142 2347 298 2408 Enimvero
312 2361 375 2408 tum
389 2349 530 2423 actiones,
549 2361 612 2410 turn
631 2352 778 2412 orationes
793 2369 906 2424 ornnes,
921 2352 994 2412 duas
1009 2352 1121 2412 habent
1137 2347 1247 2433 eppe'nss

141 2440 233 2515 dices,
250 2463 337 2503 unam
354 2445 440 2524 juris,
456 2444 578 2504 alteram
600 2445 722 2525 injuriae,
742 2465 814 2524 quas
831 2444 918 2505 simul
940 2446 1146 2508 eadem'eutio
1166 2449 1248 2509 nulla

132 2547 241 2615 ,potest
252 2538 370 2611 habere,
384 2558 439 2598 uec
448 2540 511 2599 ulla
524 2539 593 2598 ilem
606 2539 711 2598 oratio.
754 2539 833 2597 Nam
847 2539 994 2617 quiashnul
1003 2537 1106 2600 eadem
1122 2551 1155 2600 et
1163 2542 1247 2620 juste

102 2653 106 2664 ·
139 2638 173 2687 et
185 2628 295 2708 injusta
309 2651 374 2690 esse
387 2631 518 2709 queant?
561 2630 621 2690 Sed
642 2651 710 2690 cum
736 2631 875 2693 alterutra
888 2649 980 2690 eausa
993 2636 1151 2706 conjuncta
1163 2653 1246 2712 quee-

137 2721 214 2780 libet
227 2723 424 2802 explorantur.
460 2723 535 2792 Quae
551 2743 642 2783 causa
660 2725 683 2783 si
707 2725 810 2802 iniqua
832 2731 982 2804 appareat,
1001 2725 1064 2804 ipsa
1076 2746 1124 2786 res
1137 2726 1246 2808 impro·
1317 2809 1320 2814 Ι

137 2814 356 2892 bajudicatur':
378 2817 422 2878 sin
432 2817 525 2896 justa,
537 2821 616 2877 bona
636 2828 666 2876 et
685 2817 823 2877 honesta.
864 2817 909 2875 Tu
925 2837 996 2877 vero
1010 2809 1246 2900 neutramsppo·

137 2907 234 2979 suisti,
249 2928 316 2968 cum
330 2908 481 2981 scriberes,
497 2910 521 2968 si
544 2910 611 2988 quis
628 2910 709 2974 ,huno
728 2909 878 2982 occiderit,
894 2910 947 2968 sed
962 2909 1081 2968 crimine
1098 2911 1166 2990 ipso
1180 2913 1245 2972 sine

135 3000 202 3060 ullo
224 3001 425 3062 additamento
446 3003 605 3073 nominato,
629 3013 733 3081 postea
752 3002 853 3061 stetim
876 3002 1035 3077 subiecisti,
1048 3005 1244 3083 proscriptum

134 3099 216 3154 esse.
255 3095 384 3154 Tertium
398 3095 489 3174 igitur
511 3094 570 3154 hoe
580 3095 735 3175 judicium,
749 3103 779 3154 et
798 3093 884 3169 hujus
909 3089 1043 3154 instituta
1063 3104 1096 3152 te
1117 3093 1243 3156 violasse
1319 3101 1323 3114 ¹

134 3195 266 3248 constat.
370 3183 396 3204 ”
760 3187 762 3192 ’
798 3231 801 3238 -
1030 3203 1031 3208 ’
1132 3206 1133 3210 ’

137 3295 141 3302 ’
181 3281 229 3340 18.
251 3280 319 3339 Jam
335 3279 373 3340 ad
393 3280 469 3352 haec,
489 3290 625 3359 quartum
639 3282 739 3357 etiam,
753 3279 827 3337 illud
840 3279 880 3338 ad
892 3278 1082 3358 Prytaueum.
1111 3279 1243 3343 ¹{duero

133 3374 303 3454 cujusmodi
314 3374 383 3440 esti
417 3373 448 3432 Si
458 3375 544 3454 lapis,
558 3385 610 3434 aut
622 3371 744 3452 lignum,
760 3383 812 3432 aut
829 3373 949 3445 serrum,
963 3383 1015 3432 aut
1026 3375 1084 3434 tale
1095 3375 1243 3456 quippiam

130 3467 302 3546 delapsum,
317 3467 503 3546 percusserit,
515 3478 604 3546 atque
618 3467 735 3544 aliquis,
750 3485 769 3524 a
786 3485 845 3546 quc
859 3465 889 3524 id
905 3465 1073 3548 conjectum
1086 3469 1136 3538 sit,
1156 3470 1241 3548 igno·

128 3571 190 3629 ret,
202 3559 265 3638 ipse
277 3577 346 3618 vero
359 3560 446 3632 norit,
459 3570 490 3618 et
503 3559 611 3619 habeat
623 3559 714 3618 telum
729 3577 789 3634 quo
799 3556 994 3619 c'aedeslaeta
1007 3564 1070 3620 es'tr
1091 3560 1138 3618 his
1152 3563 1239 3622 rebus

128 3654 165 3710 in
180 3650 238 3709 hoc'
251 3651 317 3710 loeo
327 3651 472 3731 judicium
485 3651 620 3711 dictatur.
648 3650 739 3718 Quod
756 3651 785 3709 si
803 3667 850 3710 res
872 3649 1025 3725 inanimes,
1036 3671 1199 3740 sensusque
1209 3665 1242 3714 et
1306 3713 1311 3733 ,

79 3779 82 3786 ·
125 3743 254 3804 rationis
268 3763 387 3824 prorsus
398 3753 542 3822 expertes,
556 3743 614 3803 hoe
628 3743 748 3804 crimine
771 3762 847 3816 reas,
866 3743 949 3803 nefas
963 3744 1092 3803 habetur
1105 3763 1164 3804 non
1186 3745 1239 3804 ad·

126 3838 244 3896 ducere
258 3837 287 3896 in
297 3837 451 3917 judicium,
464 3837 557 3897 multo
580 3847 659 3897 certe
678 3835 773 3916 magis
792 3853 865 3896 eum‘
881 3837 931 3915 qui
944 3835 1020 3895 nihil
1030 3835 1155 3896 teresse
1165 3837 1238 3897 deli-

124 3928 231 4008 querit
246 3933 367 4008 (ponam
382 3929 562 4012 deliquisse),
583 3929 774 3989 athominem
795 3937 906 3999 tamen,
924 3937 964 4008 et,
977 3926 1066 3986 deum
1076 3927 1238 4002 voluntate,
1315 3971 1320 3976 -
1384 4004 1388 4012 ,

121 4023 296 4084 communis
320 4033 428 4084 nostre
441 4034 554 4084 naturae
572 4023 757 4103 participem,
771 4022 854 4082 nefas
867 4033 897 4081 et
906 4021 1035 4098 iniquum
1049 4021 1147 4096 fuerit,
1160 4023 1237 4084 indi·
1330 4093 1335 4100 ,

122 4127 180 4178 cta
191 4136 294 4187 causa,
308 4128 338 4176 et
347 4119 457 4194 absque
467 4115 590 4195 judicio,
605 4117 672 4176 telis
687 4115 816 4176 criminis
830 4115 927 4194 gratia
940 4115 1133 4192 proscribere.
1267 4199 1275 4206 Ι

174 4209 223 4267 19.
245 4208 422 4287 Cujusmodl
433 4228 518 4287 porro
539 4208 618 4268 aliud
636 4209 774 4286 quintum
791 4205 934 4286 judicium
951 4206 1077 4278 violarit,
1092 4219 1235 4286 spectate,

120 4301 343 4364 Phreattaeum.
385 4300 420 4358 ln
436 4321 494 4379 quo
505 4319 623 4361 causam
637 4299 812 4378 dicerelege'
817 4298 950 4377 jubetur,
961 4299 985 4366 si
995 4299 1059 4380 quis
1073 4301 1111 4358 ob
1123 4303 1237 4364 caedem

118 4392 282 4454 fortuitam
296 4393 326 4452 iu
341 4391 476 4452 exsilium
486 4394 652 4472 profectus,
666 4391 798 4452 noudum
809 4391 1008 4460 recundliatis
1031 4393 1100 4460 amsi
1118 4393 1235 4472 propin·

113 4485 203 4568 quis,
218 4484 336 4560 alterius
349 4484 523 4558 voluntarie
542 4485 632 4548 cauis
653 4484 845 4547 insimuletur.
878 4483 986 4565 Neque
1000 4484 1164 4564 sesmereia
1175 4485 1234 4548 bue
1299 4535 1300 4540 ,

652 4580 708 4644 31>
