<?xml version="1.0" encoding="UTF-8"?>
<!DOCTYPE html PUBLIC "-//W3C//DTD XHTML 1.0 Transitional//EN"
    "http://www.w3.org/TR/xhtml1/DTD/xhtml1-transitional.dtd">
<html xmlns="http://www.w3.org/1999/xhtml" xml:lang="en" lang="en">
 <head>
  <title>
</title>
<meta http-equiv="Content-Type" content="text/html;charset=utf-8" />
  <meta name='ocr-system' content='tesseract 3.04.00' />
  <meta name='ocr-capabilities' content='ocr_page ocr_carea ocr_par ocr_line ocrx_word'/>
</head>
<body>
  <div class='ocr_page' id='page_1' title='image "./demosthenisetsc08ulpigoog_0035.png"; bbox 0 0 2920 4950; ppageno 0'>
   <div class='ocr_carea' id='block_1_1' title="bbox 708 28 1126 169">
    <p class='ocr_par' dir='ltr' id='par_1_1' title="bbox 708 28 1126 169">
     <span class='ocr_line' id='line_1_1' title="bbox 770 28 954 42; baseline -0.016 3"><span class='ocrx_word' id='word_1_1' title='bbox 770 28 773 36; x_wconf 81' lang='lat'><strong>¹</strong></span> <span class='ocrx_word' id='word_1_2' title='bbox 949 31 954 42; x_wconf 72' lang='lat' dir='ltr'>t</span> 
     </span>
     <span class='ocr_line' id='line_1_2' title="bbox 719 45 936 100; baseline -0.023 -16"><span class='ocrx_word' id='word_1_3' title='bbox 719 79 723 88; x_wconf 86' lang='lat'>,</span> <span class='ocrx_word' id='word_1_4' title='bbox 746 46 760 100; x_wconf 38' lang='lat' dir='ltr'>l·</span> <span class='ocrx_word' id='word_1_5' title='bbox 814 63 829 82; x_wconf 74' lang='lat' dir='ltr'>tt</span> <span class='ocrx_word' id='word_1_6' title='bbox 852 59 867 83; x_wconf 66' lang='lat' dir='ltr'>&#39;a</span> <span class='ocrx_word' id='word_1_7' title='bbox 894 45 936 80; x_wconf 57' lang='grc' dir='ltr'>Δοἰκ</span> 
     </span>
     <span class='ocr_line' id='line_1_3' title="bbox 762 79 1126 138; baseline -0.016 -10"><span class='ocrx_word' id='word_1_8' title='bbox 762 116 766 123; x_wconf 87' lang='grc'><em>·</em></span> <span class='ocrx_word' id='word_1_9' title='bbox 783 115 788 128; x_wconf 75' lang='lat' dir='ltr'>c</span> <span class='ocrx_word' id='word_1_10' title='bbox 816 79 838 130; x_wconf 56' lang='grc' dir='ltr'>η,</span> <span class='ocrx_word' id='word_1_11' title='bbox 886 99 893 122; x_wconf 48' lang='lat'>¹·</span> <span class='ocrx_word' id='word_1_12' title='bbox 936 117 948 132; x_wconf 55' lang='grc' dir='ltr'><strong>μ</strong></span> <span class='ocrx_word' id='word_1_13' title='bbox 999 131 1003 138; x_wconf 67' lang='lat'>,</span> <span class='ocrx_word' id='word_1_14' title='bbox 1123 109 1126 122; x_wconf 89' lang='lat' dir='ltr'>r</span> 
     </span>
     <span class='ocr_line' id='line_1_4' title="bbox 708 137 1042 169; baseline -0.018 -21"><span class='ocrx_word' id='word_1_15' title='bbox 708 137 713 148; x_wconf 84' lang='grc' dir='ltr'>Ι</span> <span class='ocrx_word' id='word_1_16' title='bbox 748 143 763 168; x_wconf 40' lang='grc' dir='ltr'><strong><em>ὁ</em></strong></span> <span class='ocrx_word' id='word_1_17' title='bbox 842 159 846 169; x_wconf 59' lang='grc'><strong>”</strong></span> <span class='ocrx_word' id='word_1_18' title='bbox 907 140 910 148; x_wconf 73' lang='grc' dir='ltr'>Ι</span> <span class='ocrx_word' id='word_1_19' title='bbox 1040 143 1042 150; x_wconf 35' lang='lat' dir='ltr'>q</span> 
     </span>
    </p>
   </div>
   <div class='ocr_carea' id='block_1_2' title="bbox 129 257 1059 384">
    <p class='ocr_par' dir='ltr' id='par_1_2' title="bbox 129 257 1059 384">
     <span class='ocr_line' id='line_1_5' title="bbox 129 257 1059 384; baseline -0.018 -4"><span class='ocrx_word' id='word_1_20' title='bbox 129 373 133 380; x_wconf 83' lang='lat'><em>.</em></span> <span class='ocrx_word' id='word_1_21' title='bbox 223 306 264 364; x_wconf 76' lang='lat'>24</span> <span class='ocrx_word' id='word_1_22' title='bbox 577 257 966 384; x_wconf 65' lang='lat' dir='ltr'>onrnrrrricnrirr).</span> <span class='ocrx_word' id='word_1_23' title='bbox 1050 295 1059 346; x_wconf 75' lang='lat'><em>2</em></span> 
     </span>
    </p>
   </div>
   <div class='ocr_carea' id='block_1_3' title="bbox 138 449 1382 4428">
    <p class='ocr_par' dir='ltr' id='par_1_3' title="bbox 166 449 1374 1375">
     <span class='ocr_line' id='line_1_6' title="bbox 261 449 1324 542; baseline -0.004 -22"><span class='ocrx_word' id='word_1_24' title='bbox 261 456 295 520; x_wconf 80' lang='grc'>’5.</span> <span class='ocrx_word' id='word_1_25' title='bbox 317 459 419 539; x_wconf 85' lang='lat' dir='ltr'>Itaque</span> <span class='ocrx_word' id='word_1_26' title='bbox 434 479 543 522; x_wconf 83' lang='lat' dir='ltr'>censeo</span> <span class='ocrx_word' id='word_1_27' title='bbox 557 479 576 522; x_wconf 88' lang='lat' dir='ltr'>a</span> <span class='ocrx_word' id='word_1_28' title='bbox 594 462 676 522; x_wconf 85' lang='lat' dir='ltr'>vobis</span> <span class='ocrx_word' id='word_1_29' title='bbox 690 453 774 542; x_wconf 87' lang='lat' dir='ltr'>opem</span> <span class='ocrx_word' id='word_1_30' title='bbox 789 449 938 522; x_wconf 77' lang='lat' dir='ltr'>lesendam</span> <span class='ocrx_word' id='word_1_31' title='bbox 951 479 1017 520; x_wconf 89' lang='lat' dir='ltr'>esse</span> <span class='ocrx_word' id='word_1_32' title='bbox 1035 456 1192 539; x_wconf 86' lang='lat' dir='ltr'>Olynthiis,</span> <span class='ocrx_word' id='word_1_33' title='bbox 1206 476 1241 518; x_wconf 89' lang='lat' dir='ltr'>ac</span> <span class='ocrx_word' id='word_1_34' title='bbox 1262 475 1324 536; x_wconf 92' lang='lat' dir='ltr'>quo</span> 
     </span>
     <span class='ocr_line' id='line_1_7' title="bbox 220 550 1326 634; baseline -0.004 -22"><span class='ocrx_word' id='word_1_35' title='bbox 220 552 353 632; x_wconf 81' lang='lat' dir='ltr'>pulcrius</span> <span class='ocrx_word' id='word_1_36' title='bbox 374 563 405 614; x_wconf 91' lang='lat' dir='ltr'>et</span> <span class='ocrx_word' id='word_1_37' title='bbox 420 554 542 614; x_wconf 90' lang='lat' dir='ltr'>celerius</span> <span class='ocrx_word' id='word_1_38' title='bbox 561 555 624 634; x_wconf 85' lang='lat' dir='ltr'>quis</span> <span class='ocrx_word' id='word_1_39' title='bbox 644 555 706 614; x_wconf 86' lang='lat' dir='ltr'>fieri</span> <span class='ocrx_word' id='word_1_40' title='bbox 721 554 854 634; x_wconf 84' lang='lat' dir='ltr'>jusserit,</span> <span class='ocrx_word' id='word_1_41' title='bbox 872 573 908 614; x_wconf 88' lang='lat' dir='ltr'>eo</span> <span class='ocrx_word' id='word_1_42' title='bbox 928 552 1022 632; x_wconf 85' lang='lat' dir='ltr'>magis</span> <span class='ocrx_word' id='word_1_43' title='bbox 1047 552 1116 610; x_wconf 90' lang='lat' dir='ltr'>mihi</span> <span class='ocrx_word' id='word_1_44' title='bbox 1138 550 1326 632; x_wconf 87' lang='lat' dir='ltr'>probabitur:</span> 
     </span>
     <span class='ocr_line' id='line_1_8' title="bbox 166 641 1330 727; baseline -0.003 -23"><span class='ocrx_word' id='word_1_45' title='bbox 166 707 172 722; x_wconf 59' lang='grc'><strong>,</strong></span> <span class='ocrx_word' id='word_1_46' title='bbox 224 655 255 704; x_wconf 90' lang='lat' dir='ltr'>et</span> <span class='ocrx_word' id='word_1_47' title='bbox 268 646 307 705; x_wconf 81' lang='lat' dir='ltr'>ad</span> <span class='ocrx_word' id='word_1_48' title='bbox 319 641 661 726; x_wconf 32' lang='lat' dir='ltr'>,Thessaloslegirtionem</span> <span class='ocrx_word' id='word_1_49' title='bbox 676 647 859 719; x_wconf 88' lang='lat' dir='ltr'>mittendam,</span> <span class='ocrx_word' id='word_1_50' title='bbox 873 665 939 727; x_wconf 86' lang='lat' dir='ltr'>quae</span> <span class='ocrx_word' id='word_1_51' title='bbox 954 645 1025 704; x_wconf 91' lang='lat' dir='ltr'>alios</span> <span class='ocrx_word' id='word_1_52' title='bbox 1039 645 1103 704; x_wconf 80' lang='lat' dir='ltr'>brec</span> <span class='ocrx_word' id='word_1_53' title='bbox 1112 643 1244 714; x_wconf 87' lang='lat' dir='ltr'>edoceat,</span> <span class='ocrx_word' id='word_1_54' title='bbox 1255 642 1330 703; x_wconf 86' lang='lat' dir='ltr'>alios</span> 
     </span>
     <span class='ocr_line' id='line_1_9' title="bbox 224 727 1328 818; baseline -0.002 -20"><span class='ocrx_word' id='word_1_55' title='bbox 224 737 410 799; x_wconf 82' lang='lat' dir='ltr'>exhortetur:</span> <span class='ocrx_word' id='word_1_56' title='bbox 431 759 511 800; x_wconf 88' lang='lat' dir='ltr'>nune</span> <span class='ocrx_word' id='word_1_57' title='bbox 525 740 602 800; x_wconf 88' lang='lat' dir='ltr'>enim</span> <span class='ocrx_word' id='word_1_58' title='bbox 618 739 748 816; x_wconf 78' lang='lat' dir='ltr'><strong>Pagasas</strong></span> <span class='ocrx_word' id='word_1_59' title='bbox 763 727 920 818; x_wconf 76' lang='lat' dir='ltr'>reposcere</span> <span class='ocrx_word' id='word_1_60' title='bbox 935 739 1016 798; x_wconf 91' lang='lat' dir='ltr'>etde</span> <span class='ocrx_word' id='word_1_61' title='bbox 1031 733 1186 814; x_wconf 79' lang='lat' dir='ltr'><strong>Magnesia</strong></span> <span class='ocrx_word' id='word_1_62' title='bbox 1209 755 1276 796; x_wconf 92' lang='lat' dir='ltr'>cum</span> <span class='ocrx_word' id='word_1_63' title='bbox 1291 753 1328 796; x_wconf 87' lang='lat' dir='ltr'>eo</span> 
     </span>
     <span class='ocr_line' id='line_1_10' title="bbox 223 829 1332 910; baseline -0.004 -20"><span class='ocrx_word' id='word_1_64' title='bbox 223 849 311 909; x_wconf 84' lang='lat' dir='ltr'>agere</span> <span class='ocrx_word' id='word_1_65' title='bbox 324 831 524 894; x_wconf 86' lang='lat' dir='ltr'>decreverunt.</span> <span class='ocrx_word' id='word_1_66' title='bbox 567 831 644 892; x_wconf 92' lang='lat' dir='ltr'>lllud</span> <span class='ocrx_word' id='word_1_67' title='bbox 667 842 767 890; x_wconf 88' lang='lat' dir='ltr'>tamen</span> <span class='ocrx_word' id='word_1_68' title='bbox 788 831 950 910; x_wconf 89' lang='lat' dir='ltr'>providete,</span> <span class='ocrx_word' id='word_1_69' title='bbox 963 829 1171 902; x_wconf 77' lang='lat' dir='ltr'>Athenienses,</span> <span class='ocrx_word' id='word_1_70' title='bbox 1185 848 1222 890; x_wconf 89' lang='lat' dir='ltr'>ne</span> <span class='ocrx_word' id='word_1_71' title='bbox 1235 829 1332 898; x_wconf 81' lang='lat' dir='ltr'>verba</span> 
     </span>
     <span class='ocr_line' id='line_1_11' title="bbox 222 924 1328 1005; baseline 0 -21"><span class='ocrx_word' id='word_1_72' title='bbox 222 925 370 984; x_wconf 79' lang='lat' dir='ltr'><strong>duntaxat</strong></span> <span class='ocrx_word' id='word_1_73' title='bbox 388 925 511 986; x_wconf 84' lang='lat' dir='ltr'>afferant</span> <span class='ocrx_word' id='word_1_74' title='bbox 525 924 614 1005; x_wconf 84' lang='lat' dir='ltr'>legati</span> <span class='ocrx_word' id='word_1_75' title='bbox 628 925 728 996; x_wconf 83' lang='lat' dir='ltr'>nostri,</span> <span class='ocrx_word' id='word_1_76' title='bbox 749 926 801 986; x_wconf 90' lang='lat' dir='ltr'>sed</span> <span class='ocrx_word' id='word_1_77' title='bbox 814 936 848 985; x_wconf 92' lang='lat' dir='ltr'>ut</span> <span class='ocrx_word' id='word_1_78' title='bbox 867 945 941 1005; x_wconf 92' lang='lat' dir='ltr'>opus</span> <span class='ocrx_word' id='word_1_79' title='bbox 956 924 1067 1003; x_wconf 88' lang='lat' dir='ltr'>aliquid</span> <span class='ocrx_word' id='word_1_80' title='bbox 1086 924 1241 984; x_wconf 80' lang='lat' dir='ltr'>ostendere</span> <span class='ocrx_word' id='word_1_81' title='bbox 1255 943 1328 1002; x_wconf 87' lang='lat' dir='ltr'>pos·</span> 
     </span>
     <span class='ocr_line' id='line_1_12' title="bbox 221 1016 1327 1106; baseline 0 -28"><span class='ocrx_word' id='word_1_82' title='bbox 221 1017 290 1089; x_wconf 87' lang='lat' dir='ltr'>sint,</span> <span class='ocrx_word' id='word_1_83' title='bbox 307 1016 446 1106; x_wconf 72' lang='lat' dir='ltr'>profectis</span> <span class='ocrx_word' id='word_1_84' title='bbox 461 1019 544 1078; x_wconf 91' lang='lat' dir='ltr'>nohis</span> <span class='ocrx_word' id='word_1_85' title='bbox 558 1037 611 1097; x_wconf 93' lang='lat' dir='ltr'>pro</span> <span class='ocrx_word' id='word_1_86' title='bbox 631 1018 772 1097; x_wconf 74' lang='lat' dir='ltr'>dignitate</span> <span class='ocrx_word' id='word_1_87' title='bbox 785 1017 908 1078; x_wconf 84' lang='lat' dir='ltr'>civitatis</span> <span class='ocrx_word' id='word_1_88' title='bbox 921 1019 958 1078; x_wconf 83' lang='lat' dir='ltr'>ad</span> <span class='ocrx_word' id='word_1_89' title='bbox 969 1019 1065 1076; x_wconf 82' lang='lat' dir='ltr'>tellum</span> <span class='ocrx_word' id='word_1_90' title='bbox 1079 1027 1110 1078; x_wconf 88' lang='lat' dir='ltr'>et</span> <span class='ocrx_word' id='word_1_91' title='bbox 1130 1017 1195 1096; x_wconf 90' lang='lat' dir='ltr'>ipsa</span> <span class='ocrx_word' id='word_1_92' title='bbox 1208 1036 1238 1076; x_wconf 89' lang='lat' dir='ltr'>re</span> <span class='ocrx_word' id='word_1_93' title='bbox 1260 1037 1327 1078; x_wconf 88' lang='lat' dir='ltr'>sus·</span> 
     </span>
     <span class='ocr_line' id='line_1_13' title="bbox 222 1110 1330 1190; baseline 0 -20"><span class='ocrx_word' id='word_1_94' title='bbox 222 1120 319 1189; x_wconf 87' lang='lat' dir='ltr'>cepta,</span> <span class='ocrx_word' id='word_1_95' title='bbox 332 1130 401 1170; x_wconf 88' lang='lat' dir='ltr'>narn</span> <span class='ocrx_word' id='word_1_96' title='bbox 419 1130 486 1170; x_wconf 91' lang='lat' dir='ltr'>cum</span> <span class='ocrx_word' id='word_1_97' title='bbox 500 1111 594 1172; x_wconf 89' lang='lat' dir='ltr'>omnis</span> <span class='ocrx_word' id='word_1_98' title='bbox 609 1112 711 1184; x_wconf 87' lang='lat' dir='ltr'>oratio,</span> <span class='ocrx_word' id='word_1_99' title='bbox 725 1111 749 1170; x_wconf 90' lang='lat' dir='ltr'>si</span> <span class='ocrx_word' id='word_1_100' title='bbox 763 1125 809 1171; x_wconf 83' lang='lat' dir='ltr'>res</span> <span class='ocrx_word' id='word_1_101' title='bbox 834 1110 942 1188; x_wconf 89' lang='lat' dir='ltr'>absint,</span> <span class='ocrx_word' id='word_1_102' title='bbox 962 1111 1098 1171; x_wconf 84' lang='lat' dir='ltr'>frivolum</span> <span class='ocrx_word' id='word_1_103' title='bbox 1117 1110 1258 1190; x_wconf 83' lang='lat' dir='ltr'><strong>quiddam</strong></span> <span class='ocrx_word' id='word_1_104' title='bbox 1274 1111 1330 1170; x_wconf 61' lang='lat' dir='ltr'>has</span> 
     </span>
     <span class='ocr_line' id='line_1_14' title="bbox 221 1203 1374 1283; baseline 0 -19"><span class='ocrx_word' id='word_1_105' title='bbox 221 1203 327 1264; x_wconf 89' lang='lat' dir='ltr'>beatur</span> <span class='ocrx_word' id='word_1_106' title='bbox 338 1212 368 1263; x_wconf 92' lang='lat' dir='ltr'>et</span> <span class='ocrx_word' id='word_1_107' title='bbox 379 1204 477 1277; x_wconf 90' lang='lat' dir='ltr'>inane,</span> <span class='ocrx_word' id='word_1_108' title='bbox 491 1215 553 1264; x_wconf 88' lang='lat' dir='ltr'>turn</span> <span class='ocrx_word' id='word_1_109' title='bbox 566 1223 635 1264; x_wconf 87' lang='lat' dir='ltr'>vero</span> <span class='ocrx_word' id='word_1_110' title='bbox 645 1205 774 1264; x_wconf 84' lang='lat' dir='ltr'>maxime</span> <span class='ocrx_word' id='word_1_111' title='bbox 782 1221 819 1262; x_wconf 91' lang='lat' dir='ltr'>ea</span> <span class='ocrx_word' id='word_1_112' title='bbox 827 1223 894 1283; x_wconf 76' lang='lat' dir='ltr'>quse</span> <span class='ocrx_word' id='word_1_113' title='bbox 904 1213 1030 1264; x_wconf 86' lang='lat' dir='ltr'>anostra</span> <span class='ocrx_word' id='word_1_114' title='bbox 1038 1205 1109 1264; x_wconf 91' lang='lat' dir='ltr'>urbe</span> <span class='ocrx_word' id='word_1_115' title='bbox 1120 1203 1331 1282; x_wconf 74' lang='lat' dir='ltr'>proficiscitur:</span> <span class='ocrx_word' id='word_1_116' title='bbox 1367 1239 1374 1246; x_wconf 53' lang='grc' dir='ltr'><em>ι</em></span> 
     </span>
     <span class='ocr_line' id='line_1_15' title="bbox 223 1294 1330 1375; baseline 0 -21"><span class='ocrx_word' id='word_1_117' title='bbox 223 1306 334 1375; x_wconf 89' lang='lat' dir='ltr'>quanto</span> <span class='ocrx_word' id='word_1_118' title='bbox 348 1296 424 1354; x_wconf 91' lang='lat' dir='ltr'>enim</span> <span class='ocrx_word' id='word_1_119' title='bbox 433 1297 592 1375; x_wconf 81' lang='lat' dir='ltr'>promptius</span> <span class='ocrx_word' id='word_1_120' title='bbox 607 1315 643 1356; x_wconf 85' lang='lat' dir='ltr'>ea</span> <span class='ocrx_word' id='word_1_121' title='bbox 654 1295 698 1354; x_wconf 89' lang='lat' dir='ltr'>uti</span> <span class='ocrx_word' id='word_1_122' title='bbox 710 1295 852 1368; x_wconf 87' lang='lat' dir='ltr'>videmur,</span> <span class='ocrx_word' id='word_1_123' title='bbox 866 1314 901 1355; x_wconf 92' lang='lat' dir='ltr'>eo</span> <span class='ocrx_word' id='word_1_124' title='bbox 917 1295 1008 1374; x_wconf 84' lang='lat' dir='ltr'>magis</span> <span class='ocrx_word' id='word_1_125' title='bbox 1022 1294 1048 1354; x_wconf 92' lang='lat' dir='ltr'>ei</span> <span class='ocrx_word' id='word_1_126' title='bbox 1062 1295 1200 1360; x_wconf 82' lang='lat' dir='ltr'>diffidunt</span> <span class='ocrx_word' id='word_1_127' title='bbox 1213 1314 1330 1354; x_wconf 76' lang='lat' dir='ltr'>omnes.</span> 
     </span>
    </p>

    <p class='ocr_par' dir='ltr' id='par_1_4' title="bbox 138 1387 1382 3685">
     <span class='ocr_line' id='line_1_16' title="bbox 264 1387 1378 1468; baseline 0.001 -20"><span class='ocrx_word' id='word_1_128' title='bbox 264 1391 293 1448; x_wconf 90' lang='lat'>6.</span> <span class='ocrx_word' id='word_1_129' title='bbox 315 1389 510 1450; x_wconf 89' lang='lat' dir='ltr'>Ostendenda</span> <span class='ocrx_word' id='word_1_130' title='bbox 532 1389 682 1468; x_wconf 82' lang='lat' dir='ltr'>igiturest</span> <span class='ocrx_word' id='word_1_131' title='bbox 704 1388 825 1467; x_wconf 87' lang='lat' dir='ltr'>insignis</span> <span class='ocrx_word' id='word_1_132' title='bbox 844 1388 996 1448; x_wconf 83' lang='lat' dir='ltr'>conversio</span> <span class='ocrx_word' id='word_1_133' title='bbox 1019 1396 1051 1448; x_wconf 91' lang='lat' dir='ltr'>et</span> <span class='ocrx_word' id='word_1_134' title='bbox 1067 1406 1175 1466; x_wconf 82' lang='lat' dir='ltr'>magna</span> <span class='ocrx_word' id='word_1_135' title='bbox 1194 1387 1328 1460; x_wconf 88' lang='lat' dir='ltr'>mutatio,</span> <span class='ocrx_word' id='word_1_136' title='bbox 1375 1454 1378 1460; x_wconf 64' lang='grc'>,</span> 
     </span>
     <span class='ocr_line' id='line_1_17' title="bbox 191 1479 1330 1559; baseline -0.005 -17"><span class='ocrx_word' id='word_1_137' title='bbox 191 1489 196 1500; x_wconf 93' lang='grc'><strong>’</strong></span> <span class='ocrx_word' id='word_1_138' title='bbox 222 1481 400 1542; x_wconf 83' lang='lat' dir='ltr'>conferendo</span> <span class='ocrx_word' id='word_1_139' title='bbox 414 1482 529 1553; x_wconf 83' lang='lat' dir='ltr'>tributo,</span> <span class='ocrx_word' id='word_1_140' title='bbox 540 1481 702 1553; x_wconf 89' lang='lat' dir='ltr'>militando,</span> <span class='ocrx_word' id='word_1_141' title='bbox 712 1480 951 1540; x_wconf 84' lang='lat' dir='ltr'>omniaalacriter</span> <span class='ocrx_word' id='word_1_142' title='bbox 961 1480 1101 1559; x_wconf 84' lang='lat' dir='ltr'>gerendo,</span> <span class='ocrx_word' id='word_1_143' title='bbox 1112 1481 1137 1539; x_wconf 90' lang='lat' dir='ltr'>si</span> <span class='ocrx_word' id='word_1_144' title='bbox 1146 1479 1235 1540; x_wconf 89' lang='lat' dir='ltr'>modo</span> <span class='ocrx_word' id='word_1_145' title='bbox 1246 1479 1330 1558; x_wconf 78' lang='lat' dir='ltr'>quis-</span> 
     </span>
     <span class='ocr_line' id='line_1_18' title="bbox 222 1564 1329 1653; baseline -0.002 -19"><span class='ocrx_word' id='word_1_146' title='bbox 222 1594 311 1653; x_wconf 84' lang='lat' dir='ltr'><strong>quam</strong></span> <span class='ocrx_word' id='word_1_147' title='bbox 325 1574 407 1636; x_wconf 85' lang='lat' dir='ltr'>vohis</span> <span class='ocrx_word' id='word_1_148' title='bbox 421 1575 509 1635; x_wconf 88' lang='lat' dir='ltr'>fidem</span> <span class='ocrx_word' id='word_1_149' title='bbox 518 1583 565 1634; x_wconf 90' lang='lat' dir='ltr'>est</span> <span class='ocrx_word' id='word_1_150' title='bbox 577 1573 739 1634; x_wconf 88' lang='lat' dir='ltr'>habiturus.</span> <span class='ocrx_word' id='word_1_151' title='bbox 770 1572 844 1640; x_wconf 84' lang='lat' dir='ltr'>Quae</span> <span class='ocrx_word' id='word_1_152' title='bbox 853 1572 991 1642; x_wconf 71' lang='lat' dir='ltr'>si‘voletis</span> <span class='ocrx_word' id='word_1_153' title='bbox 1003 1582 1037 1632; x_wconf 91' lang='lat' dir='ltr'>ut</span> <span class='ocrx_word' id='word_1_154' title='bbox 1050 1572 1186 1633; x_wconf 89' lang='lat' dir='ltr'>convenit</span> <span class='ocrx_word' id='word_1_155' title='bbox 1202 1564 1329 1650; x_wconf 83' lang='lat' dir='ltr'>etopor-</span> 
     </span>
     <span class='ocr_line' id='line_1_19' title="bbox 222 1664 1330 1740; baseline -0.004 -12"><span class='ocrx_word' id='word_1_156' title='bbox 222 1677 267 1728; x_wconf 90' lang='lat' dir='ltr'>tet</span> <span class='ocrx_word' id='word_1_157' title='bbox 277 1666 436 1740; x_wconf 82' lang='lat' dir='ltr'>absolvere,</span> <span class='ocrx_word' id='word_1_158' title='bbox 450 1687 509 1728; x_wconf 93' lang='lat' dir='ltr'>non</span> <span class='ocrx_word' id='word_1_159' title='bbox 528 1667 633 1740; x_wconf 91' lang='lat' dir='ltr'>solum,</span> <span class='ocrx_word' id='word_1_160' title='bbox 644 1665 1019 1736; x_wconf 83' lang='lat' dir='ltr'>Atheniensee‚loederatos</span> <span class='ocrx_word' id='word_1_161' title='bbox 1036 1665 1205 1734; x_wconf 85' lang='lat' dir='ltr'>infirmoset</span> <span class='ocrx_word' id='word_1_162' title='bbox 1222 1664 1330 1726; x_wconf 89' lang='lat' dir='ltr'>infidos</span> 
     </span>
     <span class='ocr_line' id='line_1_20' title="bbox 224 1757 1332 1840; baseline -0.002 -19"><span class='ocrx_word' id='word_1_163' title='bbox 224 1761 378 1840; x_wconf 80' lang='lat' dir='ltr'>apparebit</span> <span class='ocrx_word' id='word_1_164' title='bbox 390 1780 452 1820; x_wconf 89' lang='lat' dir='ltr'>esse</span> <span class='ocrx_word' id='word_1_165' title='bbox 468 1759 612 1838; x_wconf 88' lang='lat' dir='ltr'>Philippo,</span> <span class='ocrx_word' id='word_1_166' title='bbox 630 1759 682 1818; x_wconf 91' lang='lat' dir='ltr'>sed</span> <span class='ocrx_word' id='word_1_167' title='bbox 697 1759 784 1818; x_wconf 89' lang='lat' dir='ltr'>etiam</span> <span class='ocrx_word' id='word_1_168' title='bbox 799 1757 991 1818; x_wconf 88' lang='lat' dir='ltr'>domesticum</span> <span class='ocrx_word' id='word_1_169' title='bbox 1005 1758 1069 1838; x_wconf 87' lang='lat' dir='ltr'>ejus</span> <span class='ocrx_word' id='word_1_170' title='bbox 1077 1757 1227 1837; x_wconf 88' lang='lat' dir='ltr'>imperium</span> <span class='ocrx_word' id='word_1_171' title='bbox 1239 1767 1270 1816; x_wconf 89' lang='lat' dir='ltr'>et</span> <span class='ocrx_word' id='word_1_172' title='bbox 1278 1775 1332 1819; x_wconf 87' lang='lat' dir='ltr'>cu·.</span> 
     </span>
     <span class='ocr_line' id='line_1_21' title="bbox 224 1848 1331 1932; baseline -0.004 -20"><span class='ocrx_word' id='word_1_173' title='bbox 224 1854 289 1932; x_wconf 88' lang='lat' dir='ltr'>pias</span> <span class='ocrx_word' id='word_1_174' title='bbox 309 1853 441 1913; x_wconf 86' lang='lat' dir='ltr'>laborare</span> <span class='ocrx_word' id='word_1_175' title='bbox 454 1851 698 1930; x_wconf 88' lang='lat' dir='ltr'>deprehendetur.</span> <span class='ocrx_word' id='word_1_176' title='bbox 741 1848 870 1909; x_wconf 89' lang='lat' dir='ltr'>Omnino</span> <span class='ocrx_word' id='word_1_177' title='bbox 891 1850 968 1908; x_wconf 90' lang='lat' dir='ltr'>enirn</span> <span class='ocrx_word' id='word_1_178' title='bbox 982 1849 1177 1910; x_wconf 90' lang='lat' dir='ltr'>Macedonica</span> <span class='ocrx_word' id='word_1_179' title='bbox 1196 1849 1331 1930; x_wconf 86' lang='lat' dir='ltr'>potentia</span> 
     </span>
     <span class='ocr_line' id='line_1_22' title="bbox 225 1941 1331 2024; baseline -0.005 -19"><span class='ocrx_word' id='word_1_180' title='bbox 225 1954 257 2005; x_wconf 89' lang='lat' dir='ltr'>et</span> <span class='ocrx_word' id='word_1_181' title='bbox 264 1943 427 2024; x_wconf 86' lang='lat' dir='ltr'>imperium,</span> <span class='ocrx_word' id='word_1_182' title='bbox 440 1943 630 2004; x_wconf 85' lang='lat' dir='ltr'>additamenti</span> <span class='ocrx_word' id='word_1_183' title='bbox 643 1943 759 2022; x_wconf 91' lang='lat' dir='ltr'>quidem</span> <span class='ocrx_word' id='word_1_184' title='bbox 769 1941 845 2016; x_wconf 86' lang='lat' dir='ltr'>vice,</span> <span class='ocrx_word' id='word_1_185' title='bbox 854 1961 913 2000; x_wconf 91' lang='lat' dir='ltr'>non</span> <span class='ocrx_word' id='word_1_186' title='bbox 922 1960 1042 2018; x_wconf 85' lang='lat' dir='ltr'>parvum</span> <span class='ocrx_word' id='word_1_187' title='bbox 1054 1941 1193 2019; x_wconf 87' lang='lat' dir='ltr'>quiddam</span> <span class='ocrx_word' id='word_1_188' title='bbox 1207 1952 1261 2014; x_wconf 89' lang='lat' dir='ltr'>cst,</span> <span class='ocrx_word' id='word_1_189' title='bbox 1277 1962 1331 2004; x_wconf 88' lang='lat' dir='ltr'>cu-</span> 
     </span>
     <span class='ocr_line' id='line_1_23' title="bbox 138 2026 1328 2116; baseline -0.003 -20"><span class='ocrx_word' id='word_1_190' title='bbox 138 2026 141 2038; x_wconf 68' lang='grc'><em>’</em></span> <span class='ocrx_word' id='word_1_191' title='bbox 219 2035 350 2116; x_wconf 80' lang='lat' dir='ltr'>jusmodi</span> <span class='ocrx_word' id='word_1_192' title='bbox 358 2035 440 2096; x_wconf 87' lang='lat' dir='ltr'>vohis</span> <span class='ocrx_word' id='word_1_193' title='bbox 452 2035 608 2114; x_wconf 88' lang='lat' dir='ltr'>aliquando</span> <span class='ocrx_word' id='word_1_194' title='bbox 620 2035 684 2106; x_wconf 91' lang='lat' dir='ltr'>suit,</span> <span class='ocrx_word' id='word_1_195' title='bbox 692 2035 864 2113; x_wconf 86' lang='lat' dir='ltr'>imperatore</span> <span class='ocrx_word' id='word_1_196' title='bbox 872 2033 1037 2107; x_wconf 88' lang='lat' dir='ltr'>Timotheo,</span> <span class='ocrx_word' id='word_1_197' title='bbox 1045 2043 1148 2094; x_wconf 89' lang='lat' dir='ltr'>contra</span> <span class='ocrx_word' id='word_1_198' title='bbox 1155 2033 1328 2113; x_wconf 79' lang='lat' dir='ltr'>Olynthios:</span> 
     </span>
     <span class='ocr_line' id='line_1_24' title="bbox 224 2124 1382 2208; baseline -0.002 -20"><span class='ocrx_word' id='word_1_199' title='bbox 224 2131 314 2208; x_wconf 87' lang='lat' dir='ltr'>alque</span> <span class='ocrx_word' id='word_1_200' title='bbox 344 2127 449 2188; x_wconf 88' lang='lat' dir='ltr'>iterum</span> <span class='ocrx_word' id='word_1_201' title='bbox 469 2136 572 2188; x_wconf 88' lang='lat' dir='ltr'>contra</span> <span class='ocrx_word' id='word_1_202' title='bbox 591 2125 753 2187; x_wconf 78' lang='lat' dir='ltr'>Potidaeam</span> <span class='ocrx_word' id='word_1_203' title='bbox 774 2124 923 2205; x_wconf 90' lang='lat' dir='ltr'>Olynthiis</span> <span class='ocrx_word' id='word_1_204' title='bbox 948 2125 1043 2188; x_wconf 87' lang='lat' dir='ltr'>visum</span> <span class='ocrx_word' id='word_1_205' title='bbox 1063 2134 1194 2186; x_wconf 87' lang='lat' dir='ltr'>estesse</span> <span class='ocrx_word' id='word_1_206' title='bbox 1216 2125 1328 2204; x_wconf 88' lang='lat' dir='ltr'>aliquid</span> <span class='ocrx_word' id='word_1_207' title='bbox 1379 2187 1382 2192; x_wconf 73' lang='grc'>,</span> 
     </span>
     <span class='ocr_line' id='line_1_25' title="bbox 223 2216 1328 2299; baseline -0.002 -19"><span class='ocrx_word' id='word_1_208' title='bbox 223 2225 382 2299; x_wconf 87' lang='lat' dir='ltr'>utrumque</span> <span class='ocrx_word' id='word_1_209' title='bbox 398 2218 605 2299; x_wconf 90' lang='lat' dir='ltr'>conjunctum:</span> <span class='ocrx_word' id='word_1_210' title='bbox 626 2217 870 2278; x_wconf 87' lang='lat' dir='ltr'>nuncThessalos</span> <span class='ocrx_word' id='word_1_211' title='bbox 886 2216 1053 2278; x_wconf 78' lang='lat' dir='ltr'>laborantes</span> <span class='ocrx_word' id='word_1_212' title='bbox 1065 2237 1101 2278; x_wconf 89' lang='lat' dir='ltr'>ac</span> <span class='ocrx_word' id='word_1_213' title='bbox 1121 2218 1328 2280; x_wconf 85' lang='lat' dir='ltr'>dissentientes</span> 
     </span>
     <span class='ocr_line' id='line_1_26' title="bbox 227 2309 1328 2390; baseline -0.003 -16"><span class='ocrx_word' id='word_1_214' title='bbox 227 2314 455 2374; x_wconf 85' lang='lat' dir='ltr'>etconturhatos</span> <span class='ocrx_word' id='word_1_215' title='bbox 463 2310 541 2370; x_wconf 87' lang='lat' dir='ltr'>idem</span> <span class='ocrx_word' id='word_1_216' title='bbox 550 2311 652 2370; x_wconf 81' lang='lat' dir='ltr'>contla</span> <span class='ocrx_word' id='word_1_217' title='bbox 665 2310 846 2389; x_wconf 87' lang='lat' dir='ltr'>tyrannicam</span> <span class='ocrx_word' id='word_1_218' title='bbox 859 2311 1044 2368; x_wconf 85' lang='lat' dir='ltr'>Aleuodurum</span> <span class='ocrx_word' id='word_1_219' title='bbox 1053 2309 1192 2370; x_wconf 83' lang='lat' dir='ltr'>familiam</span> <span class='ocrx_word' id='word_1_220' title='bbox 1206 2310 1328 2390; x_wconf 85' lang='lat' dir='ltr'>adjuvit.</span> 
     </span>
     <span class='ocr_line' id='line_1_27' title="bbox 229 2402 1328 2492; baseline 0 -28"><span class='ocrx_word' id='word_1_221' title='bbox 229 2406 308 2478; x_wconf 89' lang='lat' dir='ltr'>Quin</span> <span class='ocrx_word' id='word_1_222' title='bbox 328 2404 494 2492; x_wconf 85' lang='lat' dir='ltr'>ubicunque</span> <span class='ocrx_word' id='word_1_223' title='bbox 515 2403 628 2484; x_wconf 89' lang='lat' dir='ltr'>aliquis,</span> <span class='ocrx_word' id='word_1_224' title='bbox 648 2402 758 2483; x_wconf 89' lang='lat' dir='ltr'>opinor,</span> <span class='ocrx_word' id='word_1_225' title='bbox 773 2402 819 2463; x_wconf 91' lang='lat' dir='ltr'>vel</span> <span class='ocrx_word' id='word_1_226' title='bbox 833 2422 936 2482; x_wconf 87' lang='lat' dir='ltr'>parvas</span> <span class='ocrx_word' id='word_1_227' title='bbox 951 2402 1089 2483; x_wconf 89' lang='lat' dir='ltr'>adjecerit</span> <span class='ocrx_word' id='word_1_228' title='bbox 1103 2404 1190 2478; x_wconf 87' lang='lat' dir='ltr'>vires,</span> <span class='ocrx_word' id='word_1_229' title='bbox 1205 2424 1328 2464; x_wconf 88' lang='lat' dir='ltr'>summae</span> 
     </span>
     <span class='ocr_line' id='line_1_28' title="bbox 227 2495 1328 2578; baseline 0 -20"><span class='ocrx_word' id='word_1_230' title='bbox 227 2498 268 2558; x_wconf 89' lang='lat' dir='ltr'>rei</span> <span class='ocrx_word' id='word_1_231' title='bbox 281 2497 412 2578; x_wconf 86' lang='lat' dir='ltr'>prodest.</span> <span class='ocrx_word' id='word_1_232' title='bbox 454 2495 554 2576; x_wconf 92' lang='lat' dir='ltr'>Ipsum</span> <span class='ocrx_word' id='word_1_233' title='bbox 567 2515 636 2556; x_wconf 84' lang='lat' dir='ltr'>vero</span> <span class='ocrx_word' id='word_1_234' title='bbox 649 2495 701 2576; x_wconf 82' lang='lat' dir='ltr'>per¹</span> <span class='ocrx_word' id='word_1_235' title='bbox 715 2515 747 2555; x_wconf 92' lang='lat' dir='ltr'>se</span> <span class='ocrx_word' id='word_1_236' title='bbox 761 2495 906 2555; x_wconf 85' lang='lat' dir='ltr'>infirmum</span> <span class='ocrx_word' id='word_1_237' title='bbox 920 2515 955 2555; x_wconf 90' lang='lat' dir='ltr'>ac</span> <span class='ocrx_word' id='word_1_238' title='bbox 971 2495 1068 2556; x_wconf 78' lang='lat' dir='ltr'>multis</span> <span class='ocrx_word' id='word_1_239' title='bbox 1081 2495 1165 2556; x_wconf 78' lang='lat' dir='ltr'>malis</span> <span class='ocrx_word' id='word_1_240' title='bbox 1180 2506 1226 2556; x_wconf 90' lang='lat' dir='ltr'>est</span> <span class='ocrx_word' id='word_1_241' title='bbox 1237 2497 1328 2558; x_wconf 86' lang='lat' dir='ltr'>reser-</span> 
     </span>
     <span class='ocr_line' id='line_1_29' title="bbox 227 2586 1330 2670; baseline 0.002 -22"><span class='ocrx_word' id='word_1_242' title='bbox 227 2599 303 2652; x_wconf 90' lang='lat' dir='ltr'>tum.</span> <span class='ocrx_word' id='word_1_243' title='bbox 331 2587 446 2648; x_wconf 87' lang='lat' dir='ltr'>Etenim</span> <span class='ocrx_word' id='word_1_244' title='bbox 462 2586 517 2646; x_wconf 90' lang='lat' dir='ltr'>iste</span> <span class='ocrx_word' id='word_1_245' title='bbox 535 2587 582 2648; x_wconf 92' lang='lat' dir='ltr'>his</span> <span class='ocrx_word' id='word_1_246' title='bbox 596 2589 681 2648; x_wconf 89' lang='lat' dir='ltr'>rebus</span> <span class='ocrx_word' id='word_1_247' title='bbox 695 2588 840 2658; x_wconf 89' lang='lat' dir='ltr'>omnibus,</span> <span class='ocrx_word' id='word_1_248' title='bbox 856 2589 894 2648; x_wconf 94' lang='lat' dir='ltr'>ob</span> <span class='ocrx_word' id='word_1_249' title='bbox 908 2608 982 2667; x_wconf 86' lang='lat' dir='ltr'>quas</span> <span class='ocrx_word' id='word_1_250' title='bbox 997 2607 1136 2667; x_wconf 85' lang='lat' dir='ltr'>magnum</span> <span class='ocrx_word' id='word_1_251' title='bbox 1146 2609 1217 2667; x_wconf 77' lang='lat' dir='ltr'>¹eum</span> <span class='ocrx_word' id='word_1_252' title='bbox 1231 2600 1330 2670; x_wconf 90' lang='lat' dir='ltr'>putes,</span> 
     </span>
     <span class='ocr_line' id='line_1_30' title="bbox 226 2678 1331 2761; baseline -0.002 -17"><span class='ocrx_word' id='word_1_253' title='bbox 226 2679 311 2744; x_wconf 90' lang='lat' dir='ltr'>bellis</span> <span class='ocrx_word' id='word_1_254' title='bbox 325 2691 356 2740; x_wconf 91' lang='lat' dir='ltr'>et</span> <span class='ocrx_word' id='word_1_255' title='bbox 368 2678 615 2759; x_wconf 82' lang='lat' dir='ltr'>expeditionibus,</span> <span class='ocrx_word' id='word_1_256' title='bbox 629 2679 775 2742; x_wconf 88' lang='lat' dir='ltr'>ruinosius</span> <span class='ocrx_word' id='word_1_257' title='bbox 793 2681 880 2742; x_wconf 88' lang='lat' dir='ltr'>etiam</span> <span class='ocrx_word' id='word_1_258' title='bbox 894 2680 935 2754; x_wconf 93' lang='lat' dir='ltr'>id,</span> <span class='ocrx_word' id='word_1_259' title='bbox 949 2700 1036 2760; x_wconf 91' lang='lat' dir='ltr'>quarn</span> <span class='ocrx_word' id='word_1_260' title='bbox 1051 2689 1154 2761; x_wconf 89' lang='lat' dir='ltr'>suapte</span> <span class='ocrx_word' id='word_1_261' title='bbox 1168 2692 1271 2742; x_wconf 87' lang='lat' dir='ltr'>natura</span> <span class='ocrx_word' id='word_1_262' title='bbox 1283 2683 1331 2742; x_wconf 86' lang='lat' dir='ltr'>fu·</span> 
     </span>
     <span class='ocr_line' id='line_1_31' title="bbox 228 2769 1331 2854; baseline 0.002 -21"><span class='ocrx_word' id='word_1_263' title='bbox 228 2782 301 2848; x_wconf 89' lang='lat' dir='ltr'>erat,</span> <span class='ocrx_word' id='word_1_264' title='bbox 321 2771 435 2832; x_wconf 90' lang='lat' dir='ltr'>sibimet</span> <span class='ocrx_word' id='word_1_265' title='bbox 447 2769 553 2833; x_wconf 87' lang='lat' dir='ltr'>effecit.</span> <span class='ocrx_word' id='word_1_266' title='bbox 595 2772 700 2854; x_wconf 91' lang='lat' dir='ltr'>Neque</span> <span class='ocrx_word' id='word_1_267' title='bbox 714 2773 790 2833; x_wconf 89' lang='lat' dir='ltr'>enim</span> <span class='ocrx_word' id='word_1_268' title='bbox 804 2770 924 2852; x_wconf 90' lang='lat' dir='ltr'>putetis,</span> <span class='ocrx_word' id='word_1_269' title='bbox 935 2772 1141 2847; x_wconf 84' lang='lat' dir='ltr'>Athenienses,</span> <span class='ocrx_word' id='word_1_270' title='bbox 1153 2773 1257 2834; x_wconf 92' lang='lat' dir='ltr'>iisdem</span> <span class='ocrx_word' id='word_1_271' title='bbox 1276 2773 1331 2844; x_wconf 83' lang='lat' dir='ltr'>de·</span> 
     </span>
     <span class='ocr_line' id='line_1_32' title="bbox 229 2853 1332 2947; baseline 0 -21"><span class='ocrx_word' id='word_1_272' title='bbox 229 2865 331 2926; x_wconf 88' lang='lat' dir='ltr'>lectari</span> <span class='ocrx_word' id='word_1_273' title='bbox 351 2865 437 2928; x_wconf 93' lang='lat' dir='ltr'>rebus</span> <span class='ocrx_word' id='word_1_274' title='bbox 452 2873 483 2924; x_wconf 91' lang='lat' dir='ltr'>et</span> <span class='ocrx_word' id='word_1_275' title='bbox 496 2863 663 2944; x_wconf 90' lang='lat' dir='ltr'>Philippum</span> <span class='ocrx_word' id='word_1_276' title='bbox 677 2875 708 2926; x_wconf 91' lang='lat' dir='ltr'>et</span> <span class='ocrx_word' id='word_1_277' title='bbox 724 2864 865 2944; x_wconf 86' lang='lat' dir='ltr'>populum</span> <span class='ocrx_word' id='word_1_278' title='bbox 884 2865 957 2944; x_wconf 87' lang='lat' dir='ltr'>ejus,</span> <span class='ocrx_word' id='word_1_279' title='bbox 971 2853 1020 2924; x_wconf 79' lang='lat' dir='ltr'>illa</span> <span class='ocrx_word' id='word_1_280' title='bbox 1043 2864 1121 2925; x_wconf 90' lang='lat' dir='ltr'>enirn</span> <span class='ocrx_word' id='word_1_281' title='bbox 1139 2861 1260 2944; x_wconf 81' lang='lat' dir='ltr'>gloriam</span> <span class='ocrx_word' id='word_1_282' title='bbox 1278 2886 1332 2947; x_wconf 68' lang='lat' dir='ltr'>ap·⁴</span> 
     </span>
     <span class='ocr_line' id='line_1_33' title="bbox 228 2951 1331 3040; baseline 0.002 -23"><span class='ocrx_word' id='word_1_283' title='bbox 228 2951 313 3039; x_wconf 89' lang='lat' dir='ltr'>petit,</span> <span class='ocrx_word' id='word_1_284' title='bbox 328 2977 450 3037; x_wconf 89' lang='lat' dir='ltr'>eamque</span> <span class='ocrx_word' id='word_1_285' title='bbox 464 2977 523 3018; x_wconf 83' lang='lat' dir='ltr'>rem</span> <span class='ocrx_word' id='word_1_286' title='bbox 539 2966 687 3028; x_wconf 72' lang='lat' dir='ltr'>sectatur,</span> <span class='ocrx_word' id='word_1_287' title='bbox 697 2967 786 3036; x_wconf 89' lang='lat' dir='ltr'>atque</span> <span class='ocrx_word' id='word_1_288' title='bbox 807 2955 932 3016; x_wconf 90' lang='lat' dir='ltr'>instituit</span> <span class='ocrx_word' id='word_1_289' title='bbox 944 2956 1079 3036; x_wconf 86' lang='lat' dir='ltr'>gerendis</span> <span class='ocrx_word' id='word_1_290' title='bbox 1099 2957 1184 3018; x_wconf 89' lang='lat' dir='ltr'>rebus</span> <span class='ocrx_word' id='word_1_291' title='bbox 1206 2968 1237 3018; x_wconf 90' lang='lat' dir='ltr'>et</span> <span class='ocrx_word' id='word_1_292' title='bbox 1255 2959 1331 3040; x_wconf 88' lang='lat' dir='ltr'>peri-</span> 
     </span>
     <span class='ocr_line' id='line_1_34' title="bbox 229 3048 1332 3127; baseline -0.001 -16"><span class='ocrx_word' id='word_1_293' title='bbox 229 3051 304 3111; x_wconf 93' lang='lat' dir='ltr'>culis</span> <span class='ocrx_word' id='word_1_294' title='bbox 324 3048 467 3111; x_wconf 87' lang='lat' dir='ltr'>adeundis</span> <span class='ocrx_word' id='word_1_295' title='bbox 487 3049 599 3108; x_wconf 91' lang='lat' dir='ltr'>nullum</span> <span class='ocrx_word' id='word_1_296' title='bbox 615 3069 716 3110; x_wconf 88' lang='lat' dir='ltr'>casum</span> <span class='ocrx_word' id='word_1_297' title='bbox 736 3067 882 3120; x_wconf 85' lang='lat' dir='ltr'>recusare,</span> <span class='ocrx_word' id='word_1_298' title='bbox 896 3057 926 3114; x_wconf 81' lang='lat' dir='ltr'>et</span> <span class='ocrx_word' id='word_1_299' title='bbox 945 3049 1022 3108; x_wconf 88' lang='lat' dir='ltr'>hanc</span> <span class='ocrx_word' id='word_1_300' title='bbox 1040 3049 1214 3127; x_wconf 90' lang='lat' dir='ltr'>opinionem,</span> <span class='ocrx_word' id='word_1_301' title='bbox 1239 3059 1274 3108; x_wconf 91' lang='lat' dir='ltr'>ut</span> <span class='ocrx_word' id='word_1_302' title='bbox 1294 3070 1332 3120; x_wconf 81' lang='lat' dir='ltr'>ea</span> 
     </span>
     <span class='ocr_line' id='line_1_35' title="bbox 228 3139 1341 3224; baseline -0.005 -22"><span class='ocrx_word' id='word_1_303' title='bbox 228 3142 387 3224; x_wconf 82' lang='lat' dir='ltr'>perfecisse</span> <span class='ocrx_word' id='word_1_304' title='bbox 401 3141 515 3202; x_wconf 88' lang='lat' dir='ltr'>dicatur</span> <span class='ocrx_word' id='word_1_305' title='bbox 528 3161 593 3221; x_wconf 84' lang='lat' dir='ltr'>quae</span> <span class='ocrx_word' id='word_1_306' title='bbox 607 3141 705 3204; x_wconf 90' lang='lat' dir='ltr'>nullus</span> <span class='ocrx_word' id='word_1_307' title='bbox 720 3139 794 3200; x_wconf 87' lang='lat' dir='ltr'>alius</span> <span class='ocrx_word' id='word_1_308' title='bbox 806 3140 1006 3212; x_wconf 86' lang='lat' dir='ltr'>Macedonum</span> <span class='ocrx_word' id='word_1_309' title='bbox 1021 3159 1084 3212; x_wconf 89' lang='lat' dir='ltr'>rex,</span> <span class='ocrx_word' id='word_1_310' title='bbox 1095 3140 1168 3208; x_wconf 62' lang='lat' dir='ltr'>vitae,</span> <span class='ocrx_word' id='word_1_311' title='bbox 1179 3142 1341 3207; x_wconf 80' lang='lat' dir='ltr'>securitati,</span> 
     </span>
     <span class='ocr_line' id='line_1_36' title="bbox 229 3232 1331 3316; baseline 0.001 -21"><span class='ocrx_word' id='word_1_312' title='bbox 229 3235 396 3314; x_wconf 87' lang='lat' dir='ltr'>anteponit:</span> <span class='ocrx_word' id='word_1_313' title='bbox 418 3234 456 3294; x_wconf 87' lang='lat' dir='ltr'>ad</span> <span class='ocrx_word' id='word_1_314' title='bbox 475 3233 529 3316; x_wconf 79' lang='lat' dir='ltr'>hos</span> <span class='ocrx_word' id='word_1_315' title='bbox 547 3253 615 3293; x_wconf 89' lang='lat' dir='ltr'>vero</span> <span class='ocrx_word' id='word_1_316' title='bbox 629 3233 743 3292; x_wconf 84' lang='lat' dir='ltr'>illarum</span> <span class='ocrx_word' id='word_1_317' title='bbox 757 3251 852 3293; x_wconf 88' lang='lat' dir='ltr'>rerum</span> <span class='ocrx_word' id='word_1_318' title='bbox 868 3232 960 3312; x_wconf 85' lang='lat' dir='ltr'>gloria</span> <span class='ocrx_word' id='word_1_319' title='bbox 973 3232 1043 3292; x_wconf 90' lang='lat' dir='ltr'>nihil</span> <span class='ocrx_word' id='word_1_320' title='bbox 1062 3232 1176 3305; x_wconf 85' lang='lat' dir='ltr'>attinet,</span> <span class='ocrx_word' id='word_1_321' title='bbox 1198 3234 1268 3314; x_wconf 91' lang='lat' dir='ltr'>quin</span> <span class='ocrx_word' id='word_1_322' title='bbox 1282 3256 1331 3300; x_wconf 85' lang='lat' dir='ltr'>as-¹</span> 
     </span>
     <span class='ocr_line' id='line_1_37' title="bbox 150 3323 1332 3410; baseline 0.003 -24"><span class='ocrx_word' id='word_1_323' title='bbox 150 3381 154 3398; x_wconf 66' lang='lat'>,</span> <span class='ocrx_word' id='word_1_324' title='bbox 228 3327 320 3406; x_wconf 82' lang='lat' dir='ltr'>siduis</span> <span class='ocrx_word' id='word_1_325' title='bbox 329 3326 386 3386; x_wconf 92' lang='lat' dir='ltr'>illis</span> <span class='ocrx_word' id='word_1_326' title='bbox 401 3345 516 3400; x_wconf 86' lang='lat' dir='ltr'>sursum</span> <span class='ocrx_word' id='word_1_327' title='bbox 524 3325 662 3390; x_wconf 83' lang='lat' dir='ltr'>deorsum</span> <span class='ocrx_word' id='word_1_328' title='bbox 675 3323 908 3410; x_wconf 86' lang='lat' dir='ltr'>expeditionibus</span> <span class='ocrx_word' id='word_1_329' title='bbox 917 3324 1006 3384; x_wconf 86' lang='lat' dir='ltr'>attriti</span> <span class='ocrx_word' id='word_1_330' title='bbox 1020 3324 1154 3386; x_wconf 84' lang='lat' dir='ltr'>molestia</span> <span class='ocrx_word' id='word_1_331' title='bbox 1169 3323 1332 3390; x_wconf 78' lang='lat' dir='ltr'>afficiuntur</span> 
     </span>
     <span class='ocr_line' id='line_1_38' title="bbox 140 3411 1333 3502; baseline -0.003 -17"><span class='ocrx_word' id='word_1_332' title='bbox 140 3411 143 3424; x_wconf 13' lang='grc' dir='ltr'>ἵ</span> <span class='ocrx_word' id='word_1_333' title='bbox 228 3433 260 3485; x_wconf 88' lang='lat' dir='ltr'>et</span> <span class='ocrx_word' id='word_1_334' title='bbox 272 3423 417 3502; x_wconf 87' lang='lat' dir='ltr'>perpetuis</span> <span class='ocrx_word' id='word_1_335' title='bbox 431 3424 567 3482; x_wconf 74' lang='lat' dir='ltr'>aerumnis</span> <span class='ocrx_word' id='word_1_336' title='bbox 581 3430 732 3495; x_wconf 84' lang='lat' dir='ltr'>vexantur,</span> <span class='ocrx_word' id='word_1_337' title='bbox 749 3421 844 3500; x_wconf 90' lang='lat' dir='ltr'>utqui</span> <span class='ocrx_word' id='word_1_338' title='bbox 859 3439 915 3480; x_wconf 86' lang='lat' dir='ltr'>nec</span> <span class='ocrx_word' id='word_1_339' title='bbox 932 3420 1068 3499; x_wconf 90' lang='lat' dir='ltr'>operibus</span> <span class='ocrx_word' id='word_1_340' title='bbox 1086 3420 1254 3482; x_wconf 86' lang='lat' dir='ltr'>incumbere</span> <span class='ocrx_word' id='word_1_341' title='bbox 1274 3443 1333 3490; x_wconf 84' lang='lat' dir='ltr'>nec</span> 
     </span>
     <span class='ocr_line' id='line_1_39' title="bbox 230 3512 1332 3593; baseline -0.005 -16"><span class='ocrx_word' id='word_1_342' title='bbox 230 3514 418 3577; x_wconf 77' lang='lat' dir='ltr'>facultatibus</span> <span class='ocrx_word' id='word_1_343' title='bbox 431 3513 491 3574; x_wconf 89' lang='lat' dir='ltr'>suis</span> <span class='ocrx_word' id='word_1_344' title='bbox 505 3513 781 3593; x_wconf 85' lang='lat' dir='ltr'>sruipermittantur,</span> <span class='ocrx_word' id='word_1_345' title='bbox 790 3533 844 3572; x_wconf 90' lang='lat' dir='ltr'>nec</span> <span class='ocrx_word' id='word_1_346' title='bbox 859 3521 970 3592; x_wconf 89' lang='lat' dir='ltr'>partam</span> <span class='ocrx_word' id='word_1_347' title='bbox 981 3512 1245 3592; x_wconf 80' lang='lat' dir='ltr'>quomodocunque</span> <span class='ocrx_word' id='word_1_348' title='bbox 1254 3533 1332 3592; x_wconf 86' lang='lat' dir='ltr'>prse-</span> 
     </span>
     <span class='ocr_line' id='line_1_40' title="bbox 231 3603 1332 3685; baseline -0.004 -18"><span class='ocrx_word' id='word_1_349' title='bbox 231 3607 300 3667; x_wconf 87' lang='lat' dir='ltr'>dam</span> <span class='ocrx_word' id='word_1_350' title='bbox 314 3606 451 3666; x_wconf 87' lang='lat' dir='ltr'>addicere</span> <span class='ocrx_word' id='word_1_351' title='bbox 464 3606 587 3685; x_wconf 89' lang='lat' dir='ltr'>possint,</span> <span class='ocrx_word' id='word_1_352' title='bbox 601 3604 708 3666; x_wconf 88' lang='lat' dir='ltr'>clausis</span> <span class='ocrx_word' id='word_1_353' title='bbox 718 3614 839 3684; x_wconf 85' lang='lat' dir='ltr'>propter</span> <span class='ocrx_word' id='word_1_354' title='bbox 848 3603 958 3664; x_wconf 92' lang='lat' dir='ltr'>bellum</span> <span class='ocrx_word' id='word_1_355' title='bbox 971 3604 1175 3666; x_wconf 87' lang='lat' dir='ltr'>Macedonicis</span> <span class='ocrx_word' id='word_1_356' title='bbox 1184 3606 1332 3684; x_wconf 79' lang='lat' dir='ltr'>emporiis.</span> 
     </span>
    </p>

    <p class='ocr_par' dir='ltr' id='par_1_5' title="bbox 190 3690 1344 4428">
     <span class='ocr_line' id='line_1_41' title="bbox 270 3690 1331 3777; baseline -0.001 -18"><span class='ocrx_word' id='word_1_357' title='bbox 270 3703 300 3776; x_wconf 63' lang='lat'>7,</span> <span class='ocrx_word' id='word_1_358' title='bbox 323 3690 481 3767; x_wconf 81' lang='lat' dir='ltr'>Quomodo</span> <span class='ocrx_word' id='word_1_359' title='bbox 493 3698 579 3777; x_wconf 89' lang='lat' dir='ltr'>igitur</span> <span class='ocrx_word' id='word_1_360' title='bbox 591 3695 912 3777; x_wconf 83' lang='lat' dir='ltr'>vulgusMacedorrum</span> <span class='ocrx_word' id='word_1_361' title='bbox 927 3716 998 3776; x_wconf 87' lang='lat' dir='ltr'>erga</span> <span class='ocrx_word' id='word_1_362' title='bbox 1012 3695 1180 3777; x_wconf 92' lang='lat' dir='ltr'>Philippum</span> <span class='ocrx_word' id='word_1_363' title='bbox 1202 3696 1239 3757; x_wconf 91' lang='lat' dir='ltr'>sit</span> <span class='ocrx_word' id='word_1_364' title='bbox 1260 3698 1331 3758; x_wconf 87' lang='lat' dir='ltr'>affe·</span> 
     </span>
     <span class='ocr_line' id='line_1_42' title="bbox 230 3788 1335 3870; baseline -0.009 -16"><span class='ocrx_word' id='word_1_365' title='bbox 230 3803 322 3866; x_wconf 82' lang='lat' dir='ltr'>ctum,</span> <span class='ocrx_word' id='word_1_366' title='bbox 335 3813 370 3852; x_wconf 88' lang='lat' dir='ltr'>ex</span> <span class='ocrx_word' id='word_1_367' title='bbox 384 3791 430 3852; x_wconf 89' lang='lat' dir='ltr'>his</span> <span class='ocrx_word' id='word_1_368' title='bbox 445 3791 530 3852; x_wconf 87' lang='lat' dir='ltr'>facilc</span> <span class='ocrx_word' id='word_1_369' title='bbox 554 3790 743 3869; x_wconf 84' lang='lat' dir='ltr'>intelligitur:</span> <span class='ocrx_word' id='word_1_370' title='bbox 765 3788 815 3868; x_wconf 93' lang='lat' dir='ltr'>qui</span> <span class='ocrx_word' id='word_1_371' title='bbox 830 3800 927 3849; x_wconf 88' lang='lat' dir='ltr'>autem</span> <span class='ocrx_word' id='word_1_372' title='bbox 949 3809 1017 3849; x_wconf 92' lang='lat' dir='ltr'>cum</span> <span class='ocrx_word' id='word_1_373' title='bbox 1031 3809 1066 3850; x_wconf 93' lang='lat' dir='ltr'>eo</span> <span class='ocrx_word' id='word_1_374' title='bbox 1080 3799 1234 3849; x_wconf 85' lang='lat' dir='ltr'>versantur</span> <span class='ocrx_word' id='word_1_375' title='bbox 1249 3811 1335 3870; x_wconf 89' lang='lat' dir='ltr'>pere..</span> 
     </span>
     <span class='ocr_line' id='line_1_43' title="bbox 190 3881 1332 3965; baseline -0.001 -20"><span class='ocrx_word' id='word_1_376' title='bbox 190 3901 192 3908; x_wconf 69' lang='grc'><strong>“</strong></span> <span class='ocrx_word' id='word_1_377' title='bbox 230 3886 305 3965; x_wconf 82' lang='lat' dir='ltr'>grini</span> <span class='ocrx_word' id='word_1_378' title='bbox 319 3884 424 3946; x_wconf 90' lang='lat' dir='ltr'>milites</span> <span class='ocrx_word' id='word_1_379' title='bbox 438 3894 468 3944; x_wconf 91' lang='lat' dir='ltr'>et</span> <span class='ocrx_word' id='word_1_380' title='bbox 480 3883 669 3962; x_wconf 85' lang='lat' dir='ltr'>phalangitae,</span> <span class='ocrx_word' id='word_1_381' title='bbox 680 3883 844 3962; x_wconf 88' lang='lat' dir='ltr'>opinionem</span> <span class='ocrx_word' id='word_1_382' title='bbox 855 3882 897 3941; x_wconf 90' lang='lat' dir='ltr'>illi</span> <span class='ocrx_word' id='word_1_383' title='bbox 906 3882 1023 3961; x_wconf 90' lang='lat' dir='ltr'>quidem</span> <span class='ocrx_word' id='word_1_384' title='bbox 1034 3881 1207 3954; x_wconf 84' lang='lat' dir='ltr'>excitarunt,</span> <span class='ocrx_word' id='word_1_385' title='bbox 1227 3904 1259 3943; x_wconf 86' lang='lat' dir='ltr'>se</span> <span class='ocrx_word' id='word_1_386' title='bbox 1280 3885 1332 3944; x_wconf 90' lang='lat' dir='ltr'>ad-</span> 
     </span>
     <span class='ocr_line' id='line_1_44' title="bbox 229 3974 1333 4056; baseline 0.002 -20"><span class='ocrx_word' id='word_1_387' title='bbox 229 3977 377 4056; x_wconf 82' lang='lat' dir='ltr'>mirandos</span> <span class='ocrx_word' id='word_1_388' title='bbox 388 3997 453 4038; x_wconf 88' lang='lat' dir='ltr'>esse</span> <span class='ocrx_word' id='word_1_389' title='bbox 463 3997 499 4036; x_wconf 89' lang='lat' dir='ltr'>ac</span> <span class='ocrx_word' id='word_1_390' title='bbox 511 3975 817 4047; x_wconf 86' lang='lat' dir='ltr'>strenuosbellatores,</span> <span class='ocrx_word' id='word_1_391' title='bbox 832 3975 886 4035; x_wconf 91' lang='lat' dir='ltr'>sed</span> <span class='ocrx_word' id='word_1_392' title='bbox 903 3985 937 4033; x_wconf 92' lang='lat' dir='ltr'>ut</span> <span class='ocrx_word' id='word_1_393' title='bbox 953 3993 1040 4052; x_wconf 88' lang='lat' dir='ltr'>egoe</span> <span class='ocrx_word' id='word_1_394' title='bbox 1057 3974 1184 4053; x_wconf 90' lang='lat' dir='ltr'>quodam</span> <span class='ocrx_word' id='word_1_395' title='bbox 1193 3976 1222 4034; x_wconf 93' lang='lat' dir='ltr'>in</span> <span class='ocrx_word' id='word_1_396' title='bbox 1231 3976 1333 4038; x_wconf 88' lang='lat' dir='ltr'>Mace-</span> 
     </span>
     <span class='ocr_line' id='line_1_45' title="bbox 231 4066 1334 4148; baseline 0.002 -20"><span class='ocrx_word' id='word_1_397' title='bbox 231 4069 403 4148; x_wconf 83' lang='lat' dir='ltr'>donia&#39;nato</span> <span class='ocrx_word' id='word_1_398' title='bbox 416 4069 522 4140; x_wconf 87' lang='lat' dir='ltr'>audivi,</span> <span class='ocrx_word' id='word_1_399' title='bbox 532 4068 650 4146; x_wconf 87' lang='lat' dir='ltr'>optimae</span> <span class='ocrx_word' id='word_1_400' title='bbox 666 4067 735 4128; x_wconf 87' lang='lat' dir='ltr'>fidei</span> <span class='ocrx_word' id='word_1_401' title='bbox 747 4066 818 4138; x_wconf 90' lang='lat' dir='ltr'>viro,</span> <span class='ocrx_word' id='word_1_402' title='bbox 833 4066 924 4128; x_wconf 89' lang='lat' dir='ltr'>nihilo</span> <span class='ocrx_word' id='word_1_403' title='bbox 939 4075 1009 4125; x_wconf 89' lang='lat' dir='ltr'>sunt</span> <span class='ocrx_word' id='word_1_404' title='bbox 1023 4066 1086 4126; x_wconf 88' lang='lat' dir='ltr'>aliis</span> <span class='ocrx_word' id='word_1_405' title='bbox 1106 4069 1334 4146; x_wconf 84' lang='lat' dir='ltr'>praestantiores.</span> 
     </span>
     <span class='ocr_line' id='line_1_46' title="bbox 230 4159 1344 4240; baseline 0.004 -20"><span class='ocrx_word' id='word_1_406' title='bbox 230 4162 310 4240; x_wconf 84' lang='lat' dir='ltr'>Nam</span> <span class='ocrx_word' id='word_1_407' title='bbox 324 4161 427 4239; x_wconf 85' lang='lat' dir='ltr'>siquis</span> <span class='ocrx_word' id='word_1_408' title='bbox 441 4160 594 4220; x_wconf 92' lang='lat' dir='ltr'>interillos</span> <span class='ocrx_word' id='word_1_409' title='bbox 609 4159 651 4219; x_wconf 90' lang='lat' dir='ltr'>vir</span> <span class='ocrx_word' id='word_1_410' title='bbox 663 4160 754 4230; x_wconf 83' lang='lat' dir='ltr'>sitrei</span> <span class='ocrx_word' id='word_1_411' title='bbox 768 4159 899 4220; x_wconf 85' lang='lat' dir='ltr'>militaris</span> <span class='ocrx_word' id='word_1_412' title='bbox 913 4168 944 4220; x_wconf 92' lang='lat' dir='ltr'>et</span> <span class='ocrx_word' id='word_1_413' title='bbox 953 4159 1140 4219; x_wconf 87' lang='lat' dir='ltr'>certaminum</span> <span class='ocrx_word' id='word_1_414' title='bbox 1147 4161 1272 4238; x_wconf 86' lang='lat' dir='ltr'>peritus,</span> <span class='ocrx_word' id='word_1_415' title='bbox 1282 4162 1344 4224; x_wconf 62' lang='lat' dir='ltr'>eos,</span> 
     </span>
     <span class='ocr_line' id='line_1_47' title="bbox 230 4250 1334 4338; baseline 0.001 -26"><span class='ocrx_word' id='word_1_416' title='bbox 230 4273 331 4338; x_wconf 84' lang='lat' dir='ltr'>omnes</span> <span class='ocrx_word' id='word_1_417' title='bbox 340 4253 434 4331; x_wconf 90' lang='lat' dir='ltr'>inquit</span> <span class='ocrx_word' id='word_1_418' title='bbox 446 4253 534 4312; x_wconf 90' lang='lat' dir='ltr'>istum</span> <span class='ocrx_word' id='word_1_419' title='bbox 550 4252 709 4336; x_wconf 85' lang='lat' dir='ltr'>cupiditate</span> <span class='ocrx_word' id='word_1_420' title='bbox 723 4250 822 4331; x_wconf 83' lang='lat' dir='ltr'>glorioe</span> <span class='ocrx_word' id='word_1_421' title='bbox 833 4270 852 4312; x_wconf 90' lang='lat' dir='ltr'>a</span> <span class='ocrx_word' id='word_1_422' title='bbox 865 4271 896 4312; x_wconf 90' lang='lat' dir='ltr'>se</span> <span class='ocrx_word' id='word_1_423' title='bbox 908 4251 1066 4323; x_wconf 88' lang='lat' dir='ltr'>dimovere,</span> <span class='ocrx_word' id='word_1_424' title='bbox 1081 4271 1147 4312; x_wconf 88' lang='lat' dir='ltr'>cnm</span> <span class='ocrx_word' id='word_1_425' title='bbox 1160 4252 1334 4330; x_wconf 78' lang='lat' dir='ltr'>omnisvelit</span> 
     </span>
     <span class='ocr_line' id='line_1_48' title="bbox 230 4332 1334 4428; baseline 0 -22"><span class='ocrx_word' id='word_1_426' title='bbox 230 4346 360 4406; x_wconf 80' lang='lat' dir='ltr'>facinora</span> <span class='ocrx_word' id='word_1_427' title='bbox 372 4343 462 4408; x_wconf 89' lang='lat' dir='ltr'>videri</span> <span class='ocrx_word' id='word_1_428' title='bbox 473 4332 745 4426; x_wconf 82' lang='lat' dir='ltr'>annasse-preater</span> <span class='ocrx_word' id='word_1_429' title='bbox 759 4344 836 4404; x_wconf 90' lang='lat' dir='ltr'>enim</span> <span class='ocrx_word' id='word_1_430' title='bbox 846 4354 954 4406; x_wconf 88' lang='lat' dir='ltr'>caetera</span> <span class='ocrx_word' id='word_1_431' title='bbox 964 4355 995 4428; x_wconf 81' lang='lat' dir='ltr'>et</span> <span class='ocrx_word' id='word_1_432' title='bbox 1009 4343 1195 4404; x_wconf 86' lang='lat' dir='ltr'>ambitionem</span> <span class='ocrx_word' id='word_1_433' title='bbox 1208 4339 1334 4406; x_wconf 87' lang='lat' dir='ltr'>hominis</span> 
     </span>
    </p>
   </div>
   <div class='ocr_carea' id='block_1_4' title="bbox 0 0 1469 4950">
    <p class='ocr_par' dir='ltr' id='par_1_6' title="bbox 0 0 1469 4950">
     <span class='ocr_line' id='line_1_49' title="bbox 0 0 1469 4950; baseline 0 0"><span class='ocrx_word' id='word_1_434' title='bbox 0 0 1469 4950; x_wconf 95' lang='lat' dir='ltr'> </span> 
     </span>
    </p>
   </div>
  </div>
 </body>
</html>
