2886 4946
561 286 565 290 ¹
621 333 676 392 ns
697 305 878 392 cononrss

671 533 829 636 nnsnns'.

235 720 401 769 Testimonium
423 718 545 782 perhihent
564 717 716 766 Demostheni
729 717 783 764 vioe
801 715 900 764 omnium
914 716 947 773 hi,
968 715 1055 764 Oslliss
1077 713 1208 774 Suuiensis,
1231 717 1294 764 Zeno

205 797 340 860 Phlyensis,
351 797 424 845 Gleon
432 797 565 853 Phalereus,
576 794 716 842 Demonicns
725 793 893 850 Marathonius,
901 793 963 854 qood
972 807 1023 840 oum
1031 793 1132 856 populns
1138 794 1194 840 olim
1202 793 1297 841 AEsohi·

204 873 420 935 nem‘desigrtaseet
431 877 532 920 notorem
550 886 626 918 onusto
643 871 673 918 de
688 871 776 930 templo
792 870 890 916 Deliaco
903 870 964 930 apud
982 868 1174 930 Amphiotyonss·
1183 869 1296 926 dicendae,

205 965 248 996 nos
259 947 282 996 in
293 965 406 998 oonsessn
418 949 551 997 assidentes.
558 947 705 1010 Hyperidem
716 947 844 1008 digniorem
850 947 1008 1007 judicavimus
1022 946 1061 1009 qni
1072 961 1116 1008 pro
1127 947 1223 996 civitate
1234 949 1296 995 dioe-

205 1032 249 1082 ret,
260 1033 284 1074 et
294 1026 378 1074 missus
390 1032 429 1072 est
438 1025 583 1087 Hyperides.

245 1141 295 1197 43.
318 1139 394 1197 Cum
414 1137 500 1215 igitur
513 1136 601 1196 istum
615 1135 739 1196 civitatis
757 1155 875 1196 causam
886 1145 1018 1196 acturum
1031 1146 1149 1197 senatus
1161 1135 1296 1215 repudia-

206 1229 258 1300 vit,
274 1240 304 1289 et
318 1230 398 1289 alteri
412 1229 561 1307 negotium
573 1228 663 1300 dedit,
678 1237 749 1287 tnnc
762 1237 793 1288 et
811 1229 985 1308 proditorem
1001 1238 1030 1288 et
1042 1229 1186 1288 malevolo
1198 1230 1228 1287 in
1244 1249 1296 1288 vos

207 1339 272 1382 esse
285 1322 382 1379 animo
395 1321 602 1400 pronuntiavit.
646 1321 741 1390 Unam
755 1339 817 1379 rem
828 1321 940 1379 hebetis
957 1322 994 1380 ab
1014 1321 1165 1380 heroe-illo
1179 1322 1295 1400 publice

208 1422 332 1492 gestam,
344 1413 380 1472 iis
392 1413 506 1491 quasin
515 1431 562 1471 me
573 1412 758 1492 reprehendit
769 1411 854 1488 valde
873 1412 1005 1486 similem,
1017 1412 1134 1472 nonne?
1149 1413 1211 1492 jam
1226 1413 1297 1472 alte·
1328 1421 1332 1426 “

206 1523 269 1564 ram
291 1505 322 1564 in
348 1505 514 1564 memoriam
536 1514 679 1564 revocate.
721 1507 938 1583 Quo-ternpore
961 1504 1112 1611 Philippus
1133 1504 1297 1584 Pythonem

208 1597 377 1677 Byzantium
393 1599 498 1656 Tiebus
511 1598 589 1656 misit
591 1607 701 1677 ,atque
714 1600 752 1657 ab
766 1597 899 1664 omnibus
910 1596 996 1656 sociis
1011 1599 1071 1656 suis
1084 1598 1197 1676 legatos
1213 1599 1298 1657 simul

207 1691 366 1782 mittendos
381 1691 492 1751 curavit
493 1701 650 1768 ,tanquam
664 1689 823 1769 ignominia
841 1689 996 1750 effecturus
1011 1690 1156 1750 civitatem
1169 1701 1298 1749 nostram

207 1773 331 1863 eamque
350 1784 458 1862 injuste
480 1802 566 1861 agere
587 1791 766 1855 ostensurus,
787 1793 858 1842 tunc
871 1802 926 1860 ego
940 1781 1067 1862 Pythoni
1079 1783 1254 1842 insolentius
1268 1801 1298 1841 se

204 1874 329 1953 jactanti
344 1884 374 1933 et
387 1875 498 1953 ingenti
520 1874 639 1934 flumine
659 1883 760 1934 contra
783 1893 834 1934 vos
856 1874 1002 1934 invehenti
1022 1893 1081 1932 non
1104 1874 1179 1934 cessi
1204 1893 1298 1953 neque

207 1965 313 2046 pedem
326 1959 420 2039 retuli,
430 1967 482 2026 sed
493 1966 601 2026 surrexi
611 1975 770 2043 contraque
784 1966 853 2038 diri,
866 1965 990 2026 civitatis
1004 1975 1101 2026 autem
1106 1966 1175 2046 jura
1188 1985 1298 2069 nequa-
1301 2011 1303 2015 -

207 2077 296 2136 quam
315 2057 437 2163 prodidi,
452 2058 505 2118 sed
520 2058 706 2163 Philippum
699 2057 847 2138 injustitiae
861 2059 980 2136 coargui
1003 2077 1097 2136 usque
1119 2059 1192 2118 adeo
1206 2057 1298 2116 muni·
1363 2127 1366 2138 ,

206 2151 290 2224 feste,
304 2161 337 2209 ut
358 2152 413 2229 ipsi
433 2151 508 2211 illius
527 2151 598 2210 socii
618 2151 694 2209 ultro
708 2161 896 2228 exsurgerent
908 2169 942 2209 ac
950 2151 1132 2210 faterentur:
1154 2160 1186 2210 at
1197 2151 1255 2209 rste
1265 2171 1298 2208 ιιι

208 2234 406 2319 patrocinatus
417 2253 471 2312 est,
485 2251 516 2301 et
529 2241 724 2300 testimonium
738 2240 810 2300 dixit
824 2252 927 2300 contra
936 2241 1071 2320 patriam,
1079 2242 1168 2321 idque
1182 2242 1298 2301 falsum.

209 2334 313 2413 Neque
325 2333 389 2392 haeo
400 2333 427 2392 ei
442 2335 511 2393 satis
525 2343 618 2404 erant,
632 2334 685 2392 sed
699 2333 803 2392 iterum
817 2343 921 2411 postea
935 2353 1002 2390 curn
1016 2334 1154 2392 Anaxino
1166 2334 1299 2414 explora-

207 2436 269 2487 tore
287 2427 316 2486 in
329 2413 485 2487 Thrasonis
503 2425 614 2485 aedibus
635 2445 809 2501 congressus
824 2424 1056 2502 deprehenditur.
1097 2427 1186 2505 Atqui
1201 2429 1252 2505 qui
1266 2429 1300 2486 ab

207 2519 341 2579 hostibus
364 2519 484 2578 missum
506 2518 697 2594 speculatorem
719 2515 799 2574 solus
827 2516 922 2574 solum
936 2517 1126 2577 conveniebat
1140 2531 1251 2579 etcum
1266 2537 1299 2578 eo

171 2617 177 2638 ·
209 2631 356 2673 sermones
370 2612 545 2682 conserebat,
560 2610 586 2668 is
595 2609 656 2686 ipse
666 2616 768 2666 natura
776 2609 939 2688 explorator
952 2609 1102 2688 hostisque
1114 2620 1176 2671 erat
1189 2612 1299 2690 patriae.

209 2705 306 2784 Atque
319 2715 352 2763 ut
365 2693 433 2764 vera
455 2722 501 2761 me
518 2701 582 2760 haec
597 2699 693 2759 dicere
705 2708 853 2779 appareat,
860 2702 993 2780 ,uitentur
1006 2702 1075 2761 mihi
1089 2721 1189 2764 earum
1202 2723 1297 2764 rerum

211 2806 314 2858 testes.

677 2979 840 3042 TESTES.

244 3111 387 3159 Meledemns
398 3108 490 3158 Cleonis
502 3111 572 3166 filins,
591 3110 725 3173 Hyperides
736 3109 877 3166 Callaeschri,
895 3109 1051 3158 Nicomochus
1069 3110 1204 3171 Diophsnti‚
1220 3111 1299 3159 testifi-
1361 3150 1363 3159 .

211 3193 292 3233 osntnr
309 3187 460 3234 Demostheni
477 3193 502 3233 et
516 3185 666 3247 jureJ'nrundo
680 3201 757 3233 coram
778 3187 891 3248 strategis
911 3185 1031 3244 affirment,
1050 3185 1109 3234 scire
1125 3201 1150 3238 se
1167 3187 1299 3234 AEsohinern

211 3263 327 3310 Atrometi
338 3265 354 3310 i.
365 3263 517 3311 Cothooidern
528 3269 599 3310 nootn
613 3262 638 3309 in
649 3264 712 3310 ardes
722 3263 847 3310 'l'hrssonis
860 3263 943 3310 simol
936 3264 1045 3314 introisse
1055 3269 1079 3310 et
1089 3277 1208 3310 sermones
1218 3269 1299 3311 contu

209 3337 267 3384 lisse
278 3354 330 3386 onm
340 3339 483 3395 Ansxino,
467 3355 506 3401 qiu
499 3339 650 3400 explorator
660 3339 751 3386 habitus
763 3346 800 3388 est
814 3355 829 3386 ι
850 3339 959 3401 Philippo
977 3341 1071 3388 missus.
1103 3339 1175 3388 Dicta
1185 3348 1241 3389 snnt
1250 3342 1299 3388 hsnn

211 3412 345 3462 testimonis
354 3415 472 3498 llrohonte
484 3415 559 3472 Nicia,
570 3415 773 3464 Heortomhoeonis
782 3415 822 3463 die
831 3415 911 3464 tertio.

251 3529 301 3585 44.
324 3527 439 3586 Infinita
458 3527 515 3586 alia
528 3547 592 3606 qnae
606 3529 642 3588 de
663 3528 718 3588 isto
729 3547 859 3608 possem
873 3529 970 3588 dicere
983 3531 1188 3608 pretermitto.⁴
1225 3529 1299 3590 Nam

211 3622 249 3682 ad
262 3621 340 3680 hunc
350 3622 409 3680 sere
422 3620 539 3679 modum
555 3641 586 3680 se
599 3621 718 3681 hebent.
758 3622 862 3682 Multa
871 3623 988 3700 quidem
1002 3641 1057 3700 ego
1071 3642 1148 3682 nunc
1150 3633 1299 3702 praeterea

210 3733 327 3818 ppssem
340 3713 421 3774 vobis
435 3699 600 3786 ostendere,
614 3715 719 3792 quihus
732 3713 782 3774 ille
795 3735 847 3794 per
865 3733 901 3773 ea
907 3724 1051 3793 tempora
1063 3715 1218 3775 hostibus
1211 3735 1299 3774 inser·

209 3806 279 3879 vire,
294 3827 397 3884 meque
406 3806 593 3888 petulantiis'
586 3806 720 3864 insectari
730 3817 894 3885 compertus
914 3817 984 3866 est.
1013 3807 1072 3866 Sed
1086 3826 1122 3866 ea
1134 3827 1187 3867 vos
1206 3825 1299 3886 neque

212 3897 363 3975 diligenter
383 3899 528 3958 memorioe
552 3896 698 3956 mandatis
719 3917 814 3980 neque
829 3919 865 3960 ee
878 3919 936 3977 qua
950 3900 1141 3960 conveniebat
1153 3899 1301 3972 iracundia

210 3991 424 4068 prosequimini,
438 3991 509 4070 quin
528 4008 618 4068 prava
631 3989 759 4067 quadam
779 3991 995 4050 consuetudine¹
1010 3993 1154 4070 plenam
1141 4011 1204 4066 Janr
1218 3991 1299 4050 cuili-

211 4082 262 4139 bet
275 4080 419 4142 licentiam
428 4083 598 4161 permisistis
613 4100 680 4141 eum
693 4082 898 4160 supplantandi
912 4093 943 4142 et
955 4083 1152 4143 calumniandi
1159 4085 1209 4163 qui
1221 4083 1301 4142 dicet

212 4170 322 4249 aliquid
344 4191 361 4230 e
383 4193 413 4232 re
433 4185 538 4247 vestra,
563 4172 685 4234 civitatis
706 4175 859 4233 commoda
879 4195 948 4236 cunr
971 4175 1117 4254 voluptate
1136 4174 1317 4234 etdeliciis·

212 4281 279 4342 quea
293 4282 330 4322 ex
343 4264 545 4324 maledicentia
558 4263 757 4346 percipiuntur
770 4277 990 4326 commutantes.
1033 4268 1215 4348 Quapropter
1227 4267 1316 4334 fact.

211 4354 269 4414 lius
283 4347 396 4433 semper
410 4365 440 4413 et
453 4357 543 4416 tutius
555 4368 601 4420 est
612 4358 744 4420 hostibus
762 4359 964 4420 inservientem
978 4361 1187 4424 conductitium
1201 4379 1297 4440 egere,

211 4464 297 4522 quam
313 4453 464 4524 susceptas
478 4447 507 4505 in
520 4469 576 4523 rep.
589 4470 641 4531 pro
655 4452 736 4513 robis
749 4461 846 4531 partes
861 4451 1070 4515 administrare.
