<?xml version="1.0" encoding="UTF-8"?>
<!DOCTYPE html PUBLIC "-//W3C//DTD XHTML 1.0 Transitional//EN"
    "http://www.w3.org/TR/xhtml1/DTD/xhtml1-transitional.dtd">
<html xmlns="http://www.w3.org/1999/xhtml" xml:lang="en" lang="en">
 <head>
  <title>
</title>
<meta http-equiv="Content-Type" content="text/html;charset=utf-8" />
  <meta name='ocr-system' content='tesseract 3.04.00' />
  <meta name='ocr-capabilities' content='ocr_page ocr_carea ocr_par ocr_line ocrx_word'/>
</head>
<body>
  <div class='ocr_page' id='page_1' title='image "./demosthenisetsc08ulpigoog/demosthenisetsc08ulpigoog_0459.png"; bbox 0 0 2912 4946; ppageno 0'>
   <div class='ocr_carea' id='block_1_1' title="bbox 277 197 1076 320">
    <p class='ocr_par' dir='ltr' id='par_1_1' title="bbox 277 197 1076 320">
     <span class='ocr_line' id='line_1_1' title="bbox 277 197 1076 320; baseline -0.011 -4"><span class='ocrx_word' id='word_1_1' title='bbox 277 250 337 320; x_wconf 76' lang='grc' dir='ltr'><strong>ιιι</strong></span> <span class='ocrx_word' id='word_1_2' title='bbox 572 251 755 318; x_wconf 79' lang='lat' dir='ltr'><strong>uouran</strong></span> <span class='ocrx_word' id='word_1_3' title='bbox 780 197 1076 320; x_wconf 76' lang='grc' dir='ltr'>ιιιιιιιιιιιιι.</span> 
     </span>
    </p>
   </div>
   <div class='ocr_carea' id='block_1_2' title="bbox 158 403 1431 4379">
    <p class='ocr_par' dir='ltr' id='par_1_2' title="bbox 192 403 1355 667">
     <span class='ocr_line' id='line_1_2' title="bbox 273 403 1355 486; baseline -0.001 -22"><span class='ocrx_word' id='word_1_4' title='bbox 273 413 383 478; x_wconf 85' lang='lat' dir='ltr'><strong>autem,</strong></span> <span class='ocrx_word' id='word_1_5' title='bbox 394 403 589 469; x_wconf 80' lang='lat' dir='ltr'><strong>&#39;limocratem</strong></span> <span class='ocrx_word' id='word_1_6' title='bbox 601 405 695 486; x_wconf 84' lang='lat' dir='ltr'><strong>legem</strong></span> <span class='ocrx_word' id='word_1_7' title='bbox 706 407 792 468; x_wconf 85' lang='lat' dir='ltr'><strong>latam</strong></span> <span class='ocrx_word' id='word_1_8' title='bbox 803 406 915 478; x_wconf 79' lang='lat' dir='ltr'><strong>tulisse,</strong></span> <span class='ocrx_word' id='word_1_9' title='bbox 923 404 1355 485; x_wconf 76' lang='lat' dir='ltr'><strong>nauminimampartemauapte</strong></span> 
     </span>
     <span class='ocr_line' id='line_1_3' title="bbox 217 487 1358 608; baseline -0.001 -52"><span class='ocrx_word' id='word_1_10' title='bbox 217 576 219 588; x_wconf 61' lang='lat'><strong><em>‚</em></strong></span> <span class='ocrx_word' id='word_1_11' title='bbox 273 497 585 564; x_wconf 69' lang='lat' dir='ltr'><strong>causarmultaenim</strong></span> <span class='ocrx_word' id='word_1_12' title='bbox 597 499 766 579; x_wconf 81' lang='lat' dir='ltr'><strong>ingerenda</strong></span> <span class='ocrx_word' id='word_1_13' title='bbox 780 487 929 579; x_wconf 75' lang='lat' dir='ltr'>republica</span> <span class='ocrx_word' id='word_1_14' title='bbox 938 519 971 562; x_wconf 78' lang='lat' dir='ltr'><strong>ee</strong></span> <span class='ocrx_word' id='word_1_15' title='bbox 985 518 1101 608; x_wconf 85' lang='lat' dir='ltr'><strong>carcere</strong></span> <span class='ocrx_word' id='word_1_16' title='bbox 1112 498 1204 576; x_wconf 82' lang='lat' dir='ltr'><strong>digna</strong></span> <span class='ocrx_word' id='word_1_17' title='bbox 1214 497 1358 566; x_wconf 82' lang='lat' dir='ltr'><strong>admittere,</strong></span> 
     </span>
     <span class='ocr_line' id='line_1_4' title="bbox 192 589 648 667; baseline 0.015 -22"><span class='ocrx_word' id='word_1_18' title='bbox 192 633 194 640; x_wconf 93' lang='lat'><em>.</em></span> <span class='ocrx_word' id='word_1_19' title='bbox 273 587 475 667; x_wconf 79' lang='lat' dir='ltr'><strong>ipseceusuit.</strong></span> <span class='ocrx_word' id='word_1_20' title='bbox 524 594 526 600; x_wconf 86' lang='lat'>&#39;</span> <span class='ocrx_word' id='word_1_21' title='bbox 645 645 648 652; x_wconf 79' lang='grc'>,</span> 
     </span>
    </p>

    <p class='ocr_par' dir='ltr' id='par_1_3' title="bbox 272 668 1357 856">
     <span class='ocr_line' id='line_1_5' title="bbox 314 668 1357 787; baseline 0 -49"><span class='ocrx_word' id='word_1_22' title='bbox 314 681 368 738; x_wconf 86' lang='grc'><strong>49</strong></span> <span class='ocrx_word' id='word_1_23' title='bbox 385 681 462 744; x_wconf 87' lang='lat' dir='ltr'><strong>Illud</strong></span> <span class='ocrx_word' id='word_1_24' title='bbox 476 682 563 742; x_wconf 90' lang='lat' dir='ltr'><strong>etiarn</strong></span> <span class='ocrx_word' id='word_1_25' title='bbox 579 668 660 740; x_wconf 86' lang='lat' dir='ltr'><strong>rolris</strong></span> <span class='ocrx_word' id='word_1_26' title='bbox 675 681 816 750; x_wconf 76' lang='lat' dir='ltr'>recitabo,</span> <span class='ocrx_word' id='word_1_27' title='bbox 836 682 925 760; x_wconf 87' lang='lat' dir='ltr'><strong>qued</strong></span> <span class='ocrx_word' id='word_1_28' title='bbox 938 681 1077 742; x_wconf 88' lang='lat' dir='ltr'><strong>Solonem</strong></span> <span class='ocrx_word' id='word_1_29' title='bbox 1091 680 1248 787; x_wconf 77' lang='lat' dir='ltr'><strong>aliquando</strong></span> <span class='ocrx_word' id='word_1_30' title='bbox 1267 679 1357 738; x_wconf 78' lang='lat' dir='ltr'>dixisse</span> 
     </span>
     <span class='ocr_line' id='line_1_6' title="bbox 272 771 1358 879; baseline 0 -49"><span class='ocrx_word' id='word_1_31' title='bbox 272 771 371 833; x_wconf 80' lang='lat' dir='ltr'><strong>ferunt</strong></span> <span class='ocrx_word' id='word_1_32' title='bbox 384 772 462 851; x_wconf 86' lang='lat' dir='ltr'><strong>apud</strong></span> <span class='ocrx_word' id='word_1_33' title='bbox 469 773 618 853; x_wconf 90' lang='lat' dir='ltr'><strong>judices,</strong></span> <span class='ocrx_word' id='word_1_34' title='bbox 611 795 641 832; x_wconf 89' lang='grc' dir='ltr'><strong>ιιι</strong></span> <span class='ocrx_word' id='word_1_35' title='bbox 655 795 691 834; x_wconf 85' lang='lat' dir='ltr'><strong>eo</strong></span> <span class='ocrx_word' id='word_1_36' title='bbox 705 775 872 836; x_wconf 86' lang='lat' dir='ltr'><strong>accusando</strong></span> <span class='ocrx_word' id='word_1_37' title='bbox 871 789 931 878; x_wconf 87' lang='lat' dir='ltr'><strong>qur</strong></span> <span class='ocrx_word' id='word_1_38' title='bbox 924 774 1040 852; x_wconf 74' lang='lat' dir='ltr'><strong>legem</strong></span> <span class='ocrx_word' id='word_1_39' title='bbox 1048 774 1239 854; x_wconf 72' lang='lat' dir='ltr'>perniciosam</span> <span class='ocrx_word' id='word_1_40' title='bbox 1250 783 1358 879; x_wconf 79' lang='lat' dir='ltr'><strong>rogarat,</strong></span> 
     </span>
    </p>

    <p class='ocr_par' dir='ltr' id='par_1_4' title="bbox 246 854 1359 1224">
     <span class='ocr_line' id='line_1_7' title="bbox 246 854 1357 946; baseline 0 -24"><span class='ocrx_word' id='word_1_41' title='bbox 246 939 250 944; x_wconf 77' lang='lat'><strong>,</strong></span> <span class='ocrx_word' id='word_1_42' title='bbox 272 864 302 922; x_wconf 88' lang='lat' dir='ltr'><strong>iu</strong></span> <span class='ocrx_word' id='word_1_43' title='bbox 318 865 394 926; x_wconf 88' lang='lat' dir='ltr'><strong>banc</strong></span> <span class='ocrx_word' id='word_1_44' title='bbox 408 867 603 934; x_wconf 72' lang='lat' dir='ltr'><strong>sententiamr</strong></span> <span class='ocrx_word' id='word_1_45' title='bbox 625 877 776 944; x_wconf 88' lang='lat' dir='ltr'><strong>receptum</strong></span> <span class='ocrx_word' id='word_1_46' title='bbox 790 887 857 928; x_wconf 82' lang='lat' dir='ltr'><strong>esec</strong></span> <span class='ocrx_word' id='word_1_47' title='bbox 870 854 900 926; x_wconf 87' lang='lat' dir='ltr'><strong>in</strong></span> <span class='ocrx_word' id='word_1_48' title='bbox 916 867 1079 928; x_wconf 83' lang='lat' dir='ltr'><strong>universum</strong></span> <span class='ocrx_word' id='word_1_49' title='bbox 1094 866 1174 946; x_wconf 85' lang='lat' dir='ltr'><strong>apud</strong></span> <span class='ocrx_word' id='word_1_50' title='bbox 1188 886 1287 928; x_wconf 81' lang='lat' dir='ltr'><strong>omnes</strong></span> <span class='ocrx_word' id='word_1_51' title='bbox 1302 865 1357 924; x_wconf 87' lang='lat' dir='ltr'><strong>ciri·</strong></span> 
     </span>
     <span class='ocr_line' id='line_1_8' title="bbox 274 955 1357 1036; baseline -0.002 -19"><span class='ocrx_word' id='word_1_52' title='bbox 274 959 423 1036; x_wconf 83' lang='lat' dir='ltr'><strong>tates,un</strong></span> <span class='ocrx_word' id='word_1_53' title='bbox 439 971 587 1020; x_wconf 77' lang='lat' dir='ltr'><strong>monetam</strong></span> <span class='ocrx_word' id='word_1_54' title='bbox 603 955 784 1030; x_wconf 78' lang='lat' dir='ltr'><strong>adulterarit,</strong></span> <span class='ocrx_word' id='word_1_55' title='bbox 799 970 832 1019; x_wconf 92' lang='lat' dir='ltr'><strong>ut</strong></span> <span class='ocrx_word' id='word_1_56' title='bbox 846 970 938 1020; x_wconf 85' lang='lat' dir='ltr'><strong>morte</strong></span> <span class='ocrx_word' id='word_1_57' title='bbox 955 960 1124 1020; x_wconf 87' lang='lat' dir='ltr'><strong>mulctetur.</strong></span> <span class='ocrx_word' id='word_1_58' title='bbox 1148 957 1267 1026; x_wconf 80' lang='lat' dir='ltr'>Deinde</span> <span class='ocrx_word' id='word_1_59' title='bbox 1287 959 1357 1018; x_wconf 87' lang='lat' dir='ltr'><strong>inter·</strong></span> 
     </span>
     <span class='ocr_line' id='line_1_9' title="bbox 275 1041 1359 1132; baseline 0 -22"><span class='ocrx_word' id='word_1_60' title='bbox 275 1069 394 1129; x_wconf 82' lang='lat' dir='ltr'><strong>rogasse</strong></span> <span class='ocrx_word' id='word_1_61' title='bbox 405 1051 661 1130; x_wconf 85' lang='lat' dir='ltr'><strong>judices‚.num</strong></span> <span class='ocrx_word' id='word_1_62' title='bbox 636 1072 679 1112; x_wconf 89' lang='lat' dir='ltr'><strong>ers</strong></span> <span class='ocrx_word' id='word_1_63' title='bbox 697 1071 732 1112; x_wconf 90' lang='lat' dir='ltr'><strong>ea</strong></span> <span class='ocrx_word' id='word_1_64' title='bbox 752 1052 826 1110; x_wconf 85' lang='lat' dir='ltr'><strong>lex</strong></span> <span class='ocrx_word' id='word_1_65' title='bbox 815 1063 898 1132; x_wconf 88' lang='lat' dir='ltr'><strong>Justa</strong></span> <span class='ocrx_word' id='word_1_66' title='bbox 912 1063 942 1111; x_wconf 93' lang='lat' dir='ltr'><strong>et</strong></span> <span class='ocrx_word' id='word_1_67' title='bbox 954 1041 1116 1122; x_wconf 79' lang='lat' dir='ltr'><strong>laudabilis</strong></span> <span class='ocrx_word' id='word_1_68' title='bbox 1131 1052 1286 1114; x_wconf 87' lang='lat' dir='ltr'><strong>videretur.</strong></span> <span class='ocrx_word' id='word_1_69' title='bbox 1313 1048 1359 1114; x_wconf 82' lang='lat' dir='ltr'><strong>Qui</strong></span> 
     </span>
     <span class='ocr_line' id='line_1_10' title="bbox 275 1132 1358 1224; baseline -0.002 -23"><span class='ocrx_word' id='word_1_70' title='bbox 275 1144 447 1218; x_wconf 60' lang='lat' dir='ltr'><strong>cumyideri</strong></span> <span class='ocrx_word' id='word_1_71' title='bbox 461 1144 515 1204; x_wconf 85' lang='lat' dir='ltr'><strong>sibi</strong></span> <span class='ocrx_word' id='word_1_72' title='bbox 530 1145 762 1223; x_wconf 84' lang='lat' dir='ltr'><strong>respondissent,</strong></span> <span class='ocrx_word' id='word_1_73' title='bbox 783 1135 954 1224; x_wconf 86' lang='lat' dir='ltr'><strong>subjecisse,</strong></span> <span class='ocrx_word' id='word_1_74' title='bbox 967 1156 1069 1223; x_wconf 85' lang='lat' dir='ltr'><strong>putare</strong></span> <span class='ocrx_word' id='word_1_75' title='bbox 1084 1137 1160 1216; x_wconf 86' lang='lat' dir='ltr'><strong>sese,</strong></span> <span class='ocrx_word' id='word_1_76' title='bbox 1184 1142 1295 1222; x_wconf 84' lang='lat' dir='ltr'><strong>argenti</strong></span> <span class='ocrx_word' id='word_1_77' title='bbox 1310 1132 1358 1200; x_wconf 62' lang='lat' dir='ltr'><strong>moss</strong></span> 
     </span>
    </p>

    <p class='ocr_par' dir='ltr' id='par_1_5' title="bbox 260 1235 1404 1776">
     <span class='ocr_line' id='line_1_11' title="bbox 260 1235 1360 1316; baseline 0 -26"><span class='ocrx_word' id='word_1_78' title='bbox 260 1247 371 1312; x_wconf 80' lang='lat' dir='ltr'><strong>netem</strong></span> <span class='ocrx_word' id='word_1_79' title='bbox 389 1236 563 1315; x_wconf 85' lang='lat' dir='ltr'><strong>privatorum</strong></span> <span class='ocrx_word' id='word_1_80' title='bbox 585 1247 788 1297; x_wconf 84' lang='lat' dir='ltr'>contractuum</span> <span class='ocrx_word' id='word_1_81' title='bbox 805 1256 895 1296; x_wconf 87' lang='lat' dir='ltr'><strong>causa</strong></span> <span class='ocrx_word' id='word_1_82' title='bbox 916 1247 1059 1316; x_wconf 78' lang='lat' dir='ltr'><strong>repertam</strong></span> <span class='ocrx_word' id='word_1_83' title='bbox 1079 1236 1153 1296; x_wconf 91' lang='lat' dir='ltr'><strong>inter</strong></span> <span class='ocrx_word' id='word_1_84' title='bbox 1178 1237 1276 1298; x_wconf 87' lang='lat' dir='ltr'><strong>cives:</strong></span> <span class='ocrx_word' id='word_1_85' title='bbox 1295 1235 1360 1311; x_wconf 83' lang='lat' dir='ltr'><strong>leges</strong></span> 
     </span>
     <span class='ocr_line' id='line_1_12' title="bbox 276 1325 1358 1408; baseline -0.006 -20"><span class='ocrx_word' id='word_1_86' title='bbox 276 1338 373 1398; x_wconf 83' lang='lat' dir='ltr'><strong>autern</strong></span> <span class='ocrx_word' id='word_1_87' title='bbox 397 1339 541 1404; x_wconf 77' lang='lat' dir='ltr'><strong>monetam</strong></span> <span class='ocrx_word' id='word_1_88' title='bbox 565 1349 633 1388; x_wconf 91' lang='lat' dir='ltr'><strong>esse</strong></span> <span class='ocrx_word' id='word_1_89' title='bbox 659 1328 837 1406; x_wconf 83' lang='lat' dir='ltr'><strong>reipublicae.</strong></span> <span class='ocrx_word' id='word_1_90' title='bbox 869 1327 991 1388; x_wconf 84' lang='lat' dir='ltr'><strong>Judices</strong></span> <span class='ocrx_word' id='word_1_91' title='bbox 1015 1327 1102 1408; x_wconf 85' lang='lat' dir='ltr'><strong>igitur</strong></span> <span class='ocrx_word' id='word_1_92' title='bbox 1122 1340 1265 1407; x_wconf 84' lang='lat' dir='ltr'>oportere,</span> <span class='ocrx_word' id='word_1_93' title='bbox 1284 1325 1358 1404; x_wconf 84' lang='lat' dir='ltr'><strong>multo</strong></span> 
     </span>
     <span class='ocr_line' id='line_1_13' title="bbox 276 1413 1362 1500; baseline -0.006 -18"><span class='ocrx_word' id='word_1_94' title='bbox 276 1421 370 1499; x_wconf 84' lang='lat' dir='ltr'><strong>magis</strong></span> <span class='ocrx_word' id='word_1_95' title='bbox 389 1421 414 1481; x_wconf 85' lang='lat' dir='ltr'><strong>si</strong></span> <span class='ocrx_word' id='word_1_96' title='bbox 432 1419 582 1500; x_wconf 80' lang='lat' dir='ltr'><strong>quiscum</strong></span> <span class='ocrx_word' id='word_1_97' title='bbox 601 1439 669 1500; x_wconf 85' lang='lat' dir='ltr'><strong>quae</strong></span> <span class='ocrx_word' id='word_1_98' title='bbox 694 1419 819 1494; x_wconf 71' lang='lat' dir='ltr'><strong>ciuitatis</strong></span> <span class='ocrx_word' id='word_1_99' title='bbox 839 1414 958 1488; x_wconf 82' lang='lat' dir='ltr'><strong>moneta</strong></span> <span class='ocrx_word' id='word_1_100' title='bbox 980 1420 1018 1480; x_wconf 85' lang='lat' dir='ltr'><strong>sit</strong></span> <span class='ocrx_word' id='word_1_101' title='bbox 1039 1431 1213 1500; x_wconf 85' lang='lat' dir='ltr'><strong>corrumpat,</strong></span> <span class='ocrx_word' id='word_1_102' title='bbox 1234 1422 1323 1495; x_wconf 86' lang='lat' dir='ltr'><strong>odisse</strong></span> <span class='ocrx_word' id='word_1_103' title='bbox 1339 1413 1362 1476; x_wconf 86' lang='lat' dir='ltr'><strong>et</strong></span> 
     </span>
     <span class='ocr_line' id='line_1_14' title="bbox 275 1505 1361 1593; baseline -0.005 -23"><span class='ocrx_word' id='word_1_104' title='bbox 275 1513 388 1592; x_wconf 83' lang='lat' dir='ltr'><strong>punire,</strong></span> <span class='ocrx_word' id='word_1_105' title='bbox 401 1533 489 1593; x_wconf 86' lang='lat' dir='ltr'><strong>quarn</strong></span> <span class='ocrx_word' id='word_1_106' title='bbox 511 1513 615 1592; x_wconf 85' lang='lat' dir='ltr'><strong>siquis</strong></span> <span class='ocrx_word' id='word_1_107' title='bbox 629 1532 694 1572; x_wconf 89' lang='lat' dir='ltr'><strong>eam</strong></span> <span class='ocrx_word' id='word_1_108' title='bbox 714 1505 780 1590; x_wconf 81' lang='lat' dir='ltr'><strong>quae</strong></span> <span class='ocrx_word' id='word_1_109' title='bbox 796 1513 834 1572; x_wconf 88' lang='lat' dir='ltr'><strong>sit</strong></span> <span class='ocrx_word' id='word_1_110' title='bbox 848 1512 1000 1586; x_wconf 84' lang='lat' dir='ltr'><strong>hominum</strong></span> <span class='ocrx_word' id='word_1_111' title='bbox 1017 1513 1203 1592; x_wconf 81' lang='lat' dir='ltr'><strong>privatorum.</strong></span> <span class='ocrx_word' id='word_1_112' title='bbox 1235 1515 1325 1592; x_wconf 80' lang='lat' dir='ltr'><strong>Atque</strong></span> <span class='ocrx_word' id='word_1_113' title='bbox 1336 1519 1361 1566; x_wconf 90' lang='grc' dir='ltr'><strong>ιι</strong></span> 
     </span>
     <span class='ocr_line' id='line_1_15' title="bbox 275 1597 1362 1686; baseline -0.003 -22"><span class='ocrx_word' id='word_1_114' title='bbox 275 1605 484 1686; x_wconf 80' lang='lat' dir='ltr'><strong>intelligerent,</strong></span> <span class='ocrx_word' id='word_1_115' title='bbox 498 1605 577 1666; x_wconf 90' lang='lat' dir='ltr'><strong>baud</strong></span> <span class='ocrx_word' id='word_1_116' title='bbox 601 1605 688 1666; x_wconf 92' lang='lat' dir='ltr'><strong>dubie</strong></span> <span class='ocrx_word' id='word_1_117' title='bbox 712 1605 809 1684; x_wconf 82' lang='lat' dir='ltr'><strong>majus</strong></span> <span class='ocrx_word' id='word_1_118' title='bbox 828 1625 893 1666; x_wconf 86' lang='lat' dir='ltr'><strong>esse</strong></span> <span class='ocrx_word' id='word_1_119' title='bbox 918 1605 1057 1664; x_wconf 89' lang='lat' dir='ltr'><strong>delictum</strong></span> <span class='ocrx_word' id='word_1_120' title='bbox 1079 1597 1267 1684; x_wconf 76' lang='lat' dir='ltr'><strong>corrumpere</strong></span> <span class='ocrx_word' id='word_1_121' title='bbox 1287 1606 1362 1682; x_wconf 84' lang='lat' dir='ltr'><strong>leges,</strong></span> 
     </span>
     <span class='ocr_line' id='line_1_16' title="bbox 275 1684 1404 1794; baseline -0.003 -39"><span class='ocrx_word' id='word_1_122' title='bbox 275 1717 382 1776; x_wconf 87' lang='lat' dir='ltr'><strong>quam</strong></span> <span class='ocrx_word' id='word_1_123' title='bbox 384 1693 547 1758; x_wconf 79' lang='lat' dir='ltr'>adulterare</span> <span class='ocrx_word' id='word_1_124' title='bbox 562 1705 721 1772; x_wconf 77' lang='lat' dir='ltr'><strong>monetam,</strong></span> <span class='ocrx_word' id='word_1_125' title='bbox 744 1695 912 1772; x_wconf 81' lang='lat' dir='ltr'><strong>addidisse:</strong></span> <span class='ocrx_word' id='word_1_126' title='bbox 934 1695 1010 1756; x_wconf 89' lang='lat' dir='ltr'><strong>mult</strong></span> <span class='ocrx_word' id='word_1_127' title='bbox 998 1706 1042 1772; x_wconf 75' lang='grc' dir='ltr'><strong>ιιι</strong></span> <span class='ocrx_word' id='word_1_128' title='bbox 1061 1697 1194 1772; x_wconf 83' lang='lat' dir='ltr'><strong>civitates</strong></span> <span class='ocrx_word' id='word_1_129' title='bbox 1213 1717 1282 1794; x_wconf 78' lang='lat' dir='ltr'><strong>qua</strong></span> <span class='ocrx_word' id='word_1_130' title='bbox 1297 1691 1361 1754; x_wconf 91' lang='lat' dir='ltr'><strong>haud</strong></span> <span class='ocrx_word' id='word_1_131' title='bbox 1401 1684 1404 1695; x_wconf 76' lang='lat'>&#39;</span> 
     </span>
    </p>

    <p class='ocr_par' dir='ltr' id='par_1_6' title="bbox 158 1781 1363 2334">
     <span class='ocr_line' id='line_1_17' title="bbox 158 1781 1362 1872; baseline -0.002 -20"><span class='ocrx_word' id='word_1_132' title='bbox 158 1861 167 1865; x_wconf 50' lang='grc'><strong>,</strong></span> <span class='ocrx_word' id='word_1_133' title='bbox 276 1790 493 1866; x_wconf 82' lang='lat' dir='ltr'><strong>dissimulanter</strong></span> <span class='ocrx_word' id='word_1_134' title='bbox 519 1801 650 1870; x_wconf 75' lang='lat' dir='ltr'><strong>argento,</strong></span> <span class='ocrx_word' id='word_1_135' title='bbox 677 1791 758 1868; x_wconf 92' lang='lat' dir='ltr'><strong>quod</strong></span> <span class='ocrx_word' id='word_1_136' title='bbox 783 1791 821 1853; x_wconf 80' lang='lat' dir='ltr'><strong>sit</strong></span> <span class='ocrx_word' id='word_1_137' title='bbox 843 1811 900 1850; x_wconf 66' lang='grc' dir='ltr'><strong>ιιι</strong></span> <span class='ocrx_word' id='word_1_138' title='bbox 925 1802 956 1852; x_wconf 92' lang='lat' dir='ltr'><strong>et</strong></span> <span class='ocrx_word' id='word_1_139' title='bbox 977 1791 1101 1870; x_wconf 89' lang='lat' dir='ltr'><strong>plumbo</strong></span> <span class='ocrx_word' id='word_1_140' title='bbox 1117 1781 1362 1872; x_wconf 86' lang='lat' dir='ltr'><strong>contemperatum,</strong></span> 
     </span>
     <span class='ocr_line' id='line_1_18' title="bbox 277 1869 1360 1964; baseline -0.004 -20"><span class='ocrx_word' id='word_1_141' title='bbox 277 1877 407 1954; x_wconf 87' lang='lat' dir='ltr'><strong>utantur,</strong></span> <span class='ocrx_word' id='word_1_142' title='bbox 422 1894 521 1943; x_wconf 87' lang='lat' dir='ltr'><strong>tamen</strong></span> <span class='ocrx_word' id='word_1_143' title='bbox 541 1903 608 1954; x_wconf 80' lang='lat' dir='ltr'><strong>esse</strong></span> <span class='ocrx_word' id='word_1_144' title='bbox 625 1883 796 1955; x_wconf 87' lang='lat' dir='ltr'><strong>incolumes,</strong></span> <span class='ocrx_word' id='word_1_145' title='bbox 819 1903 873 1956; x_wconf 89' lang='lat' dir='ltr'><strong>nec</strong></span> <span class='ocrx_word' id='word_1_146' title='bbox 890 1869 981 1944; x_wconf 82' lang='lat' dir='ltr'><strong>ullum</strong></span> <span class='ocrx_word' id='word_1_147' title='bbox 1004 1903 1041 1944; x_wconf 89' lang='lat' dir='ltr'><strong>ex</strong></span> <span class='ocrx_word' id='word_1_148' title='bbox 1060 1903 1096 1944; x_wconf 89' lang='lat' dir='ltr'><strong>ca</strong></span> <span class='ocrx_word' id='word_1_149' title='bbox 1115 1905 1146 1945; x_wconf 89' lang='lat' dir='ltr'><strong>rc</strong></span> <span class='ocrx_word' id='word_1_150' title='bbox 1168 1905 1276 1964; x_wconf 87' lang='lat' dir='ltr'><strong>capere</strong></span> <span class='ocrx_word' id='word_1_151' title='bbox 1290 1883 1360 1956; x_wconf 82' lang='lat' dir='ltr'><strong>detri-</strong></span> 
     </span>
     <span class='ocr_line' id='line_1_19' title="bbox 276 1975 1362 2086; baseline 0 -50"><span class='ocrx_word' id='word_1_152' title='bbox 276 1986 424 2048; x_wconf 80' lang='lat' dir='ltr'><strong>mentum:</strong></span> <span class='ocrx_word' id='word_1_153' title='bbox 439 1985 469 2036; x_wconf 89' lang='lat' dir='ltr'><strong>at</strong></span> <span class='ocrx_word' id='word_1_154' title='bbox 482 1975 505 2036; x_wconf 89' lang='lat' dir='ltr'><strong>si</strong></span> <span class='ocrx_word' id='word_1_155' title='bbox 518 1996 569 2055; x_wconf 90' lang='lat' dir='ltr'><strong>qur</strong></span> <span class='ocrx_word' id='word_1_156' title='bbox 560 1976 701 2056; x_wconf 87' lang='lat' dir='ltr'><strong>perinde</strong></span> <span class='ocrx_word' id='word_1_157' title='bbox 716 1977 831 2056; x_wconf 85' lang='lat' dir='ltr'><strong>legibus</strong></span> <span class='ocrx_word' id='word_1_158' title='bbox 844 1977 1014 2039; x_wconf 81' lang='lat' dir='ltr'><strong>adulterinis</strong></span> <span class='ocrx_word' id='word_1_159' title='bbox 1026 1977 1072 2036; x_wconf 89' lang='lat' dir='ltr'><strong>usi</strong></span> <span class='ocrx_word' id='word_1_160' title='bbox 1085 1989 1221 2086; x_wconf 74' lang='lat' dir='ltr'><strong>receptae</strong></span> <span class='ocrx_word' id='word_1_161' title='bbox 1237 1975 1362 2081; x_wconf 87' lang='lat' dir='ltr'><strong>corrumpi</strong></span> 
     </span>
     <span class='ocr_line' id='line_1_20' title="bbox 277 2069 1363 2151; baseline 0 -22"><span class='ocrx_word' id='word_1_162' title='bbox 277 2069 409 2141; x_wconf 85' lang='lat' dir='ltr'><strong>siverint,</strong></span> <span class='ocrx_word' id='word_1_163' title='bbox 423 2089 523 2140; x_wconf 83' lang='lat' dir='ltr'><strong>corum</strong></span> <span class='ocrx_word' id='word_1_164' title='bbox 538 2071 636 2130; x_wconf 90' lang='lat' dir='ltr'><strong>nullos</strong></span> <span class='ocrx_word' id='word_1_165' title='bbox 651 2087 777 2149; x_wconf 88' lang='lat' dir='ltr'><strong>unquam</strong></span> <span class='ocrx_word' id='word_1_166' title='bbox 793 2089 852 2132; x_wconf 93' lang='lat' dir='ltr'><strong>non</strong></span> <span class='ocrx_word' id='word_1_167' title='bbox 866 2071 1064 2132; x_wconf 83' lang='lat' dir='ltr'><strong>internecione</strong></span> <span class='ocrx_word' id='word_1_168' title='bbox 1077 2073 1206 2151; x_wconf 88' lang='lat' dir='ltr'><strong>periisse.</strong></span> <span class='ocrx_word' id='word_1_169' title='bbox 1236 2069 1352 2132; x_wconf 85' lang='lat' dir='ltr'><strong>Huic</strong></span> <span class='ocrx_word' id='word_1_170' title='bbox 1321 2091 1363 2148; x_wconf 69' lang='grc' dir='ltr'>ιιι·</span> 
     </span>
     <span class='ocr_line' id='line_1_21' title="bbox 277 2162 1363 2246; baseline -0.002 -24"><span class='ocrx_word' id='word_1_171' title='bbox 277 2171 326 2236; x_wconf 89' lang='grc' dir='ltr'><strong>ιιι</strong></span> <span class='ocrx_word' id='word_1_172' title='bbox 338 2162 451 2238; x_wconf 88' lang='lat' dir='ltr'><strong>crimini</strong></span> <span class='ocrx_word' id='word_1_173' title='bbox 463 2162 549 2223; x_wconf 86' lang='lat' dir='ltr'><strong>etiam</strong></span> <span class='ocrx_word' id='word_1_174' title='bbox 564 2163 742 2226; x_wconf 83' lang='lat' dir='ltr'><strong>Timocrates</strong></span> <span class='ocrx_word' id='word_1_175' title='bbox 756 2183 835 2223; x_wconf 90' lang='lat' dir='ltr'><strong>nunc</strong></span> <span class='ocrx_word' id='word_1_176' title='bbox 849 2173 895 2227; x_wconf 85' lang='lat' dir='ltr'><strong>est</strong></span> <span class='ocrx_word' id='word_1_177' title='bbox 905 2164 1059 2239; x_wconf 77' lang='lat' dir='ltr'><strong>obnoxius,</strong></span> <span class='ocrx_word' id='word_1_178' title='bbox 1070 2175 1101 2224; x_wconf 90' lang='lat' dir='ltr'><strong>et</strong></span> <span class='ocrx_word' id='word_1_179' title='bbox 1113 2185 1184 2226; x_wconf 89' lang='lat' dir='ltr'><strong>eam</strong></span> <span class='ocrx_word' id='word_1_180' title='bbox 1190 2165 1260 2246; x_wconf 90' lang='lat' dir='ltr'><strong>jure</strong></span> <span class='ocrx_word' id='word_1_181' title='bbox 1269 2185 1287 2226; x_wconf 88' lang='lat' dir='ltr'><strong>a</strong></span> <span class='ocrx_word' id='word_1_182' title='bbox 1297 2162 1363 2225; x_wconf 86' lang='lat' dir='ltr'><strong>robis</strong></span> 
     </span>
     <span class='ocr_line' id='line_1_22' title="bbox 278 2255 1022 2334; baseline 0.001 -21"><span class='ocrx_word' id='word_1_183' title='bbox 278 2255 501 2316; x_wconf 68' lang='lat' dir='ltr'><strong>estimationem</strong></span> <span class='ocrx_word' id='word_1_184' title='bbox 512 2275 591 2315; x_wconf 92' lang='lat' dir='ltr'><strong>nunc</strong></span> <span class='ocrx_word' id='word_1_185' title='bbox 606 2255 727 2326; x_wconf 82' lang='lat' dir='ltr'><strong>auferet,</strong></span> <span class='ocrx_word' id='word_1_186' title='bbox 738 2274 825 2334; x_wconf 89' lang='lat' dir='ltr'><strong>quam</strong></span> <span class='ocrx_word' id='word_1_187' title='bbox 840 2256 1022 2317; x_wconf 83' lang='lat' dir='ltr'><strong>commeruit.</strong></span> 
     </span>
    </p>

    <p class='ocr_par' dir='ltr' id='par_1_7' title="bbox 276 2317 1431 3164">
     <span class='ocr_line' id='line_1_23' title="bbox 318 2317 1431 2451; baseline 0.003 -46"><span class='ocrx_word' id='word_1_188' title='bbox 318 2349 368 2406; x_wconf 83' lang='lat'><strong>50.</strong></span> <span class='ocrx_word' id='word_1_189' title='bbox 390 2349 435 2408; x_wconf 88' lang='lat' dir='ltr'><strong>Ac</strong></span> <span class='ocrx_word' id='word_1_190' title='bbox 453 2367 524 2408; x_wconf 84' lang='lat' dir='ltr'><strong>vcro</strong></span> <span class='ocrx_word' id='word_1_191' title='bbox 543 2339 729 2410; x_wconf 84' lang='lat' dir='ltr'><strong>irascendum</strong></span> <span class='ocrx_word' id='word_1_192' title='bbox 744 2356 790 2408; x_wconf 88' lang='lat' dir='ltr'><strong>est</strong></span> <span class='ocrx_word' id='word_1_193' title='bbox 804 2347 949 2451; x_wconf 81' lang='lat' dir='ltr'><strong>omnibus,</strong></span> <span class='ocrx_word' id='word_1_194' title='bbox 964 2367 1015 2426; x_wconf 89' lang='lat' dir='ltr'><strong>qur</strong></span> <span class='ocrx_word' id='word_1_195' title='bbox 1006 2346 1109 2427; x_wconf 87' lang='lat' dir='ltr'><strong>leges</strong></span> <span class='ocrx_word' id='word_1_196' title='bbox 1120 2358 1221 2430; x_wconf 83' lang='lat' dir='ltr'><strong>turpes</strong></span> <span class='ocrx_word' id='word_1_197' title='bbox 1236 2317 1363 2428; x_wconf 76' lang='lat' dir='ltr'><strong>etimpro·</strong></span> <span class='ocrx_word' id='word_1_198' title='bbox 1430 2431 1431 2434; x_wconf 10' lang='lat' dir='ltr'>J</span> 
     </span>
     <span class='ocr_line' id='line_1_24' title="bbox 276 2438 1431 2524; baseline -0.003 -25"><span class='ocrx_word' id='word_1_199' title='bbox 276 2440 331 2500; x_wconf 86' lang='lat' dir='ltr'><strong>bas</strong></span> <span class='ocrx_word' id='word_1_200' title='bbox 346 2440 452 2521; x_wconf 79' lang='lat' dir='ltr'><strong>ferunt,</strong></span> <span class='ocrx_word' id='word_1_201' title='bbox 476 2452 540 2498; x_wconf 91' lang='lat' dir='ltr'><strong>tum</strong></span> <span class='ocrx_word' id='word_1_202' title='bbox 561 2459 630 2514; x_wconf 87' lang='lat' dir='ltr'><strong>vero</strong></span> <span class='ocrx_word' id='word_1_203' title='bbox 652 2438 729 2498; x_wconf 86' lang='lat' dir='ltr'><strong>bis</strong></span> <span class='ocrx_word' id='word_1_204' title='bbox 721 2439 882 2524; x_wconf 75' lang='lat' dir='ltr'><strong>imprimis,</strong></span> <span class='ocrx_word' id='word_1_205' title='bbox 895 2440 945 2518; x_wconf 91' lang='lat' dir='ltr'><strong>qui</strong></span> <span class='ocrx_word' id='word_1_206' title='bbox 967 2459 1017 2506; x_wconf 86' lang='lat' dir='ltr'><strong>eas</strong></span> <span class='ocrx_word' id='word_1_207' title='bbox 1038 2442 1119 2518; x_wconf 83' lang='lat' dir='ltr'><strong>leges</strong></span> <span class='ocrx_word' id='word_1_208' title='bbox 1141 2451 1333 2521; x_wconf 89' lang='lat' dir='ltr'><strong>corrumpunt,</strong></span> <span class='ocrx_word' id='word_1_209' title='bbox 1351 2457 1365 2495; x_wconf 89' lang='lat' dir='ltr'><strong>a</strong></span> <span class='ocrx_word' id='word_1_210' title='bbox 1430 2447 1431 2460; x_wconf 65' lang='lat'>¹</span> 
     </span>
     <span class='ocr_line' id='line_1_25' title="bbox 277 2531 1363 2612; baseline -0.002 -22"><span class='ocrx_word' id='word_1_211' title='bbox 277 2532 385 2612; x_wconf 87' lang='lat' dir='ltr'><strong>qurbus</strong></span> <span class='ocrx_word' id='word_1_212' title='bbox 398 2531 444 2592; x_wconf 88' lang='lat' dir='ltr'><strong>vel</strong></span> <span class='ocrx_word' id='word_1_213' title='bbox 460 2531 632 2610; x_wconf 80' lang='lat' dir='ltr'><strong>magnitudo</strong></span> <span class='ocrx_word' id='word_1_214' title='bbox 646 2531 736 2600; x_wconf 74' lang='lat' dir='ltr'><strong>urbrs</strong></span> <span class='ocrx_word' id='word_1_215' title='bbox 757 2531 804 2591; x_wconf 92' lang='lat' dir='ltr'><strong>vel</strong></span> <span class='ocrx_word' id='word_1_216' title='bbox 826 2531 974 2592; x_wconf 84' lang='lat' dir='ltr'><strong>humrlrtas</strong></span> <span class='ocrx_word' id='word_1_217' title='bbox 989 2531 1108 2612; x_wconf 89' lang='lat' dir='ltr'><strong>pendet</strong></span> <span class='ocrx_word' id='word_1_218' title='bbox 1148 2533 1204 2592; x_wconf 86' lang='lat' dir='ltr'><strong>Hae</strong></span> <span class='ocrx_word' id='word_1_219' title='bbox 1226 2553 1293 2594; x_wconf 85' lang='lat' dir='ltr'><strong>vero</strong></span> <span class='ocrx_word' id='word_1_220' title='bbox 1312 2549 1363 2610; x_wconf 86' lang='lat' dir='ltr'><strong>qua</strong></span> 
     </span>
     <span class='ocr_line' id='line_1_26' title="bbox 278 2621 1431 2720; baseline -0.005 -34"><span class='ocrx_word' id='word_1_221' title='bbox 278 2624 368 2686; x_wconf 73' lang='lat' dir='ltr'><strong>sunt?</strong></span> <span class='ocrx_word' id='word_1_222' title='bbox 390 2624 465 2684; x_wconf 90' lang='lat' dir='ltr'><strong>Tum</strong></span> <span class='ocrx_word' id='word_1_223' title='bbox 480 2643 545 2701; x_wconf 80' lang='lat' dir='ltr'><strong>quae</strong></span> <span class='ocrx_word' id='word_1_224' title='bbox 559 2623 680 2702; x_wconf 82' lang='lat' dir='ltr'><strong>injurios</strong></span> <span class='ocrx_word' id='word_1_225' title='bbox 690 2623 824 2701; x_wconf 84' lang='lat' dir='ltr'><strong>puniunt,</strong></span> <span class='ocrx_word' id='word_1_226' title='bbox 840 2632 902 2682; x_wconf 89' lang='lat' dir='ltr'><strong>tum</strong></span> <span class='ocrx_word' id='word_1_227' title='bbox 918 2645 985 2704; x_wconf 83' lang='lat' dir='ltr'><strong>quae</strong></span> <span class='ocrx_word' id='word_1_228' title='bbox 1000 2625 1083 2684; x_wconf 87' lang='lat' dir='ltr'><strong>bonis</strong></span> <span class='ocrx_word' id='word_1_229' title='bbox 1098 2634 1129 2686; x_wconf 90' lang='lat' dir='ltr'><strong>et</strong></span> <span class='ocrx_word' id='word_1_230' title='bbox 1137 2624 1229 2704; x_wconf 89' lang='lat' dir='ltr'><strong>justis</strong></span> <span class='ocrx_word' id='word_1_231' title='bbox 1244 2621 1365 2687; x_wconf 82' lang='lat' dir='ltr'><strong>honorem</strong></span> <span class='ocrx_word' id='word_1_232' title='bbox 1430 2631 1431 2720; x_wconf 91' lang='lat' dir='ltr'><strong>J</strong></span> 
     </span>
     <span class='ocr_line' id='line_1_27' title="bbox 277 2715 1431 2824; baseline -0.002 -50"><span class='ocrx_word' id='word_1_233' title='bbox 277 2715 397 2792; x_wconf 84' lang='lat' dir='ltr'><strong>babent.</strong></span> <span class='ocrx_word' id='word_1_234' title='bbox 432 2716 553 2774; x_wconf 90' lang='lat' dir='ltr'><strong>Nam</strong></span> <span class='ocrx_word' id='word_1_235' title='bbox 531 2736 555 2774; x_wconf 88' lang='grc' dir='ltr'><strong>ιι</strong></span> <span class='ocrx_word' id='word_1_236' title='bbox 569 2735 671 2776; x_wconf 89' lang='lat' dir='ltr'><strong>omnes</strong></span> <span class='ocrx_word' id='word_1_237' title='bbox 694 2717 731 2776; x_wconf 91' lang='lat' dir='ltr'><strong>de</strong></span> <span class='ocrx_word' id='word_1_238' title='bbox 746 2715 894 2794; x_wconf 83' lang='lat' dir='ltr'><strong>republica</strong></span> <span class='ocrx_word' id='word_1_239' title='bbox 907 2717 983 2776; x_wconf 86' lang='lat' dir='ltr'><strong>bene</strong></span> <span class='ocrx_word' id='word_1_240' title='bbox 1000 2716 1102 2776; x_wconf 90' lang='lat' dir='ltr'><strong>mereri</strong></span> <span class='ocrx_word' id='word_1_241' title='bbox 1122 2716 1272 2788; x_wconf 87' lang='lat' dir='ltr'><strong>studeant,</strong></span> <span class='ocrx_word' id='word_1_242' title='bbox 1289 2717 1364 2790; x_wconf 78' lang='lat' dir='ltr'><strong>borro-</strong></span> <span class='ocrx_word' id='word_1_243' title='bbox 1430 2721 1431 2824; x_wconf 96' lang='lat' dir='ltr'><strong>J</strong></span> 
     </span>
     <span class='ocr_line' id='line_1_28' title="bbox 278 2803 1431 2912; baseline -0.004 -44"><span class='ocrx_word' id='word_1_244' title='bbox 278 2809 359 2868; x_wconf 87' lang='lat' dir='ltr'><strong>ribus</strong></span> <span class='ocrx_word' id='word_1_245' title='bbox 373 2817 404 2866; x_wconf 89' lang='lat' dir='ltr'><strong>et</strong></span> <span class='ocrx_word' id='word_1_246' title='bbox 415 2808 541 2912; x_wconf 81' lang='lat' dir='ltr'><strong>praemiis</strong></span> <span class='ocrx_word' id='word_1_247' title='bbox 556 2829 623 2888; x_wconf 75' lang='lat' dir='ltr'><strong>qum</strong></span> <span class='ocrx_word' id='word_1_248' title='bbox 638 2819 792 2887; x_wconf 90' lang='lat' dir='ltr'><strong>propterea</strong></span> <span class='ocrx_word' id='word_1_249' title='bbox 806 2808 911 2868; x_wconf 89' lang='lat' dir='ltr'><strong>dantur</strong></span> <span class='ocrx_word' id='word_1_250' title='bbox 935 2803 1056 2878; x_wconf 83' lang='lat' dir='ltr'><strong>incitati,</strong></span> <span class='ocrx_word' id='word_1_251' title='bbox 1072 2818 1103 2868; x_wconf 87' lang='lat' dir='ltr'><strong>et</strong></span> <span class='ocrx_word' id='word_1_252' title='bbox 1115 2828 1220 2884; x_wconf 83' lang='lat' dir='ltr'><strong>omnes</strong></span> <span class='ocrx_word' id='word_1_253' title='bbox 1217 2805 1365 2898; x_wconf 73' lang='lat' dir='ltr'><strong>maleficiis</strong></span> <span class='ocrx_word' id='word_1_254' title='bbox 1430 2803 1431 2896; x_wconf 91' lang='lat' dir='ltr'><strong>J</strong></span> 
     </span>
     <span class='ocr_line' id='line_1_29' title="bbox 279 2888 1431 2980; baseline 0.003 -19"><span class='ocrx_word' id='word_1_255' title='bbox 279 2900 438 2980; x_wconf 89' lang='lat' dir='ltr'><strong>acinjuriis</strong></span> <span class='ocrx_word' id='word_1_256' title='bbox 452 2899 627 2974; x_wconf 83' lang='lat' dir='ltr'><strong>abstineant,</strong></span> <span class='ocrx_word' id='word_1_257' title='bbox 642 2900 817 2962; x_wconf 87' lang='lat' dir='ltr'><strong>detrimenta</strong></span> <span class='ocrx_word' id='word_1_258' title='bbox 831 2909 861 2960; x_wconf 90' lang='lat' dir='ltr'><strong>et</strong></span> <span class='ocrx_word' id='word_1_259' title='bbox 880 2900 1023 2979; x_wconf 84' lang='lat' dir='ltr'><strong>supplicia</strong></span> <span class='ocrx_word' id='word_1_260' title='bbox 1043 2901 1205 2963; x_wconf 84' lang='lat' dir='ltr'><strong>sceleribus</strong></span> <span class='ocrx_word' id='word_1_261' title='bbox 1224 2888 1365 2963; x_wconf 72' lang='lat' dir='ltr'><strong>construi</strong></span> <span class='ocrx_word' id='word_1_262' title='bbox 1430 2897 1431 2976; x_wconf 85' lang='lat' dir='ltr'><strong>J</strong></span> 
     </span>
     <span class='ocr_line' id='line_1_30' title="bbox 278 2991 1431 3095; baseline -0.003 -41"><span class='ocrx_word' id='word_1_263' title='bbox 278 3003 455 3074; x_wconf 78' lang='lat' dir='ltr'><strong>metuentes,</strong></span> <span class='ocrx_word' id='word_1_264' title='bbox 469 2991 545 3070; x_wconf 90' lang='lat' dir='ltr'><strong>quid</strong></span> <span class='ocrx_word' id='word_1_265' title='bbox 552 2993 717 3072; x_wconf 90' lang='lat' dir='ltr'><strong>prohibebit</strong></span> <span class='ocrx_word' id='word_1_266' title='bbox 731 2991 941 3071; x_wconf 85' lang='lat' dir='ltr'><strong>rempublicam</strong></span> <span class='ocrx_word' id='word_1_267' title='bbox 955 3003 1085 3052; x_wconf 85' lang='lat' dir='ltr'><strong>nostram</strong></span> <span class='ocrx_word' id='word_1_268' title='bbox 1099 3013 1163 3054; x_wconf 89' lang='lat' dir='ltr'><strong>esse</strong></span> <span class='ocrx_word' id='word_1_269' title='bbox 1175 2992 1365 3095; x_wconf 76' lang='lat' dir='ltr'><strong>amplissimam</strong></span> <span class='ocrx_word' id='word_1_270' title='bbox 1430 3005 1431 3074; x_wconf 67' lang='lat' dir='ltr'>J</span> 
     </span>
     <span class='ocr_line' id='line_1_31' title="bbox 278 3079 1431 3164; baseline -0.01 -14"><span class='ocrx_word' id='word_1_271' title='bbox 278 3098 309 3150; x_wconf 90' lang='lat' dir='ltr'><strong>et</strong></span> <span class='ocrx_word' id='word_1_272' title='bbox 322 3083 578 3160; x_wconf 69' lang='lat' dir='ltr'><strong>florentissimam?</strong></span> <span class='ocrx_word' id='word_1_273' title='bbox 600 3084 708 3145; x_wconf 89' lang='lat' dir='ltr'><strong>Nonne</strong></span> <span class='ocrx_word' id='word_1_274' title='bbox 730 3093 774 3144; x_wconf 89' lang='lat' dir='ltr'><strong>tot</strong></span> <span class='ocrx_word' id='word_1_275' title='bbox 787 3085 930 3157; x_wconf 81' lang='lat' dir='ltr'><strong>triremes,</strong></span> <span class='ocrx_word' id='word_1_276' title='bbox 944 3095 1015 3164; x_wconf 88' lang='lat' dir='ltr'><strong>quot</strong></span> <span class='ocrx_word' id='word_1_277' title='bbox 1028 3085 1110 3144; x_wconf 90' lang='lat' dir='ltr'><strong>nulla</strong></span> <span class='ocrx_word' id='word_1_278' title='bbox 1122 3079 1181 3144; x_wconf 82' lang='lat' dir='ltr'><strong>alia</strong></span> <span class='ocrx_word' id='word_1_279' title='bbox 1194 3084 1333 3146; x_wconf 63' lang='grc' dir='ltr'><strong>(ιιιιοιΙ</strong></span> <span class='ocrx_word' id='word_1_280' title='bbox 1311 3082 1366 3143; x_wconf 86' lang='lat' dir='ltr'><strong>crri-</strong></span> <span class='ocrx_word' id='word_1_281' title='bbox 1430 3089 1431 3154; x_wconf 89' lang='lat' dir='ltr'><strong>J</strong></span> 
     </span>
    </p>

    <p class='ocr_par' dir='ltr' id='par_1_8' title="bbox 256 3175 1431 3534">
     <span class='ocr_line' id='line_1_32' title="bbox 256 3175 1431 3264; baseline -0.004 -24"><span class='ocrx_word' id='word_1_282' title='bbox 256 3176 325 3242; x_wconf 62' lang='lat' dir='ltr'><strong>¹tss</strong></span> <span class='ocrx_word' id='word_1_283' title='bbox 352 3177 501 3260; x_wconf 71' lang='lat' dir='ltr'><strong>possidet?</strong></span> <span class='ocrx_word' id='word_1_284' title='bbox 532 3175 601 3236; x_wconf 87' lang='lat' dir='ltr'><strong>Non</strong></span> <span class='ocrx_word' id='word_1_285' title='bbox 626 3176 780 3255; x_wconf 71' lang='lat' dir='ltr'><strong>legiones?</strong></span> <span class='ocrx_word' id='word_1_286' title='bbox 806 3176 874 3238; x_wconf 89' lang='lat' dir='ltr'><strong>Non</strong></span> <span class='ocrx_word' id='word_1_287' title='bbox 893 3176 1034 3256; x_wconf 74' lang='lat' dir='ltr'><strong>equites?</strong></span> <span class='ocrx_word' id='word_1_288' title='bbox 1068 3178 1137 3239; x_wconf 91' lang='lat' dir='ltr'><strong>Non</strong></span> <span class='ocrx_word' id='word_1_289' title='bbox 1154 3179 1294 3258; x_wconf 68' lang='lat' dir='ltr'><strong>reditunl</strong></span> <span class='ocrx_word' id='word_1_290' title='bbox 1313 3175 1367 3237; x_wconf 90' lang='lat' dir='ltr'><strong>Non</strong></span> <span class='ocrx_word' id='word_1_291' title='bbox 1430 3225 1431 3264; x_wconf 61' lang='lat' dir='ltr'><strong>J</strong></span> 
     </span>
     <span class='ocr_line' id='line_1_33' title="bbox 277 3265 1431 3372; baseline -0.006 -38"><span class='ocrx_word' id='word_1_292' title='bbox 277 3269 364 3334; x_wconf 80' lang='grc' dir='ltr'>ῑοοι7</span> <span class='ocrx_word' id='word_1_293' title='bbox 386 3271 455 3350; x_wconf 84' lang='grc' dir='ltr'><strong>Νοι</strong></span> <span class='ocrx_word' id='word_1_294' title='bbox 475 3267 599 3348; x_wconf 69' lang='lat' dir='ltr'><strong>portusl</strong></span> <span class='ocrx_word' id='word_1_295' title='bbox 623 3269 698 3328; x_wconf 86' lang='lat' dir='ltr'><strong>Haec</strong></span> <span class='ocrx_word' id='word_1_296' title='bbox 711 3288 781 3326; x_wconf 73' lang='lat' dir='ltr'><strong>sero</strong></span> <span class='ocrx_word' id='word_1_297' title='bbox 800 3269 899 3330; x_wconf 84' lang='lat' dir='ltr'><strong>omnia</strong></span> <span class='ocrx_word' id='word_1_298' title='bbox 919 3289 985 3347; x_wconf 84' lang='lat' dir='ltr'><strong>quae</strong></span> <span class='ocrx_word' id='word_1_299' title='bbox 1007 3291 1053 3330; x_wconf 85' lang='lat' dir='ltr'><strong>res</strong></span> <span class='ocrx_word' id='word_1_300' title='bbox 1070 3280 1169 3330; x_wconf 85' lang='lat' dir='ltr'><strong>tuetur</strong></span> <span class='ocrx_word' id='word_1_301' title='bbox 1190 3285 1222 3332; x_wconf 90' lang='lat' dir='ltr'><strong>et</strong></span> <span class='ocrx_word' id='word_1_302' title='bbox 1236 3265 1367 3332; x_wconf 72' lang='lat' dir='ltr'><strong>conbusti</strong></span> <span class='ocrx_word' id='word_1_303' title='bbox 1430 3271 1431 3372; x_wconf 95' lang='lat' dir='ltr'><strong>J</strong></span> 
     </span>
     <span class='ocr_line' id='line_1_34' title="bbox 281 3359 1431 3442; baseline -0.004 -19"><span class='ocrx_word' id='word_1_304' title='bbox 281 3359 384 3442; x_wconf 74' lang='lat' dir='ltr'><strong>Legae.</strong></span> <span class='ocrx_word' id='word_1_305' title='bbox 420 3362 498 3421; x_wconf 87' lang='lat' dir='ltr'><strong>Nam</strong></span> <span class='ocrx_word' id='word_1_306' title='bbox 512 3380 580 3420; x_wconf 91' lang='lat' dir='ltr'><strong>curn</strong></span> <span class='ocrx_word' id='word_1_307' title='bbox 595 3359 697 3420; x_wconf 85' lang='lat' dir='ltr'><strong>civitas</strong></span> <span class='ocrx_word' id='word_1_308' title='bbox 711 3360 809 3440; x_wconf 80' lang='lat' dir='ltr'><strong>legum</strong></span> <span class='ocrx_word' id='word_1_309' title='bbox 823 3361 964 3441; x_wconf 81' lang='lat' dir='ltr'><strong>praesidiis</strong></span> <span class='ocrx_word' id='word_1_310' title='bbox 979 3362 1209 3438; x_wconf 83' lang='lat' dir='ltr'><strong>administratur,</strong></span> <span class='ocrx_word' id='word_1_311' title='bbox 1225 3365 1290 3424; x_wconf 83' lang='lat' dir='ltr'><strong>lraec</strong></span> <span class='ocrx_word' id='word_1_312' title='bbox 1302 3361 1369 3422; x_wconf 84' lang='lat' dir='ltr'><strong>utilia</strong></span> <span class='ocrx_word' id='word_1_313' title='bbox 1430 3367 1431 3424; x_wconf 93' lang='lat' dir='ltr'><strong>J</strong></span> 
     </span>
     <span class='ocr_line' id='line_1_35' title="bbox 280 3425 1431 3534; baseline 0.002 -16"><span class='ocrx_word' id='word_1_314' title='bbox 280 3453 546 3534; x_wconf 78' lang='lat' dir='ltr'><strong>suntreipublicae:</strong></span> <span class='ocrx_word' id='word_1_315' title='bbox 572 3453 618 3512; x_wconf 85' lang='lat' dir='ltr'><strong>sin</strong></span> <span class='ocrx_word' id='word_1_316' title='bbox 641 3463 710 3513; x_wconf 89' lang='lat' dir='ltr'><strong>cont</strong></span> <span class='ocrx_word' id='word_1_317' title='bbox 711 3473 743 3512; x_wconf 89' lang='lat' dir='ltr'><strong>ra</strong></span> <span class='ocrx_word' id='word_1_318' title='bbox 698 3449 835 3513; x_wconf 90' lang='lat' dir='ltr'><strong>tfiat</strong></span> <span class='ocrx_word' id='word_1_319' title='bbox 828 3475 859 3514; x_wconf 89' lang='grc' dir='ltr'><strong>ιι</strong></span> <span class='ocrx_word' id='word_1_320' title='bbox 880 3455 1041 3533; x_wconf 87' lang='lat' dir='ltr'><strong>republica,</strong></span> <span class='ocrx_word' id='word_1_321' title='bbox 1066 3455 1091 3513; x_wconf 90' lang='lat' dir='ltr'><strong>si</strong></span> <span class='ocrx_word' id='word_1_322' title='bbox 1112 3457 1245 3516; x_wconf 88' lang='lat' dir='ltr'><strong>bonis</strong></span> <span class='ocrx_word' id='word_1_323' title='bbox 1217 3459 1286 3519; x_wconf 85' lang='lat' dir='ltr'><strong>vrris</strong></span> <span class='ocrx_word' id='word_1_324' title='bbox 1304 3453 1368 3514; x_wconf 81' lang='lat' dir='ltr'><strong>nulla</strong></span> <span class='ocrx_word' id='word_1_325' title='bbox 1430 3425 1431 3530; x_wconf 83' lang='lat' dir='ltr'><strong>i</strong></span> 
     </span>
    </p>

    <p class='ocr_par' dir='ltr' id='par_1_9' title="bbox 278 3521 1431 3721">
     <span class='ocr_line' id='line_1_36' title="bbox 278 3521 1431 3631; baseline -0.002 -23"><span class='ocrx_word' id='word_1_326' title='bbox 278 3547 392 3610; x_wconf 84' lang='lat' dir='ltr'><strong>virtutis</strong></span> <span class='ocrx_word' id='word_1_327' title='bbox 405 3545 525 3625; x_wconf 85' lang='lat' dir='ltr'><strong>praemia</strong></span> <span class='ocrx_word' id='word_1_328' title='bbox 539 3531 804 3624; x_wconf 82' lang='lat' dir='ltr'><strong>sperarelioeat,</strong></span> <span class='ocrx_word' id='word_1_329' title='bbox 782 3565 806 3606; x_wconf 88' lang='grc' dir='ltr'><strong>ιι</strong></span> <span class='ocrx_word' id='word_1_330' title='bbox 821 3537 1050 3608; x_wconf 79' lang='lat' dir='ltr'><strong>facinorosorum</strong></span> <span class='ocrx_word' id='word_1_331' title='bbox 1065 3557 1148 3608; x_wconf 88' lang='lat' dir='ltr'><strong>tanta</strong></span> <span class='ocrx_word' id='word_1_332' title='bbox 1165 3551 1203 3611; x_wconf 89' lang='lat' dir='ltr'><strong>sit</strong></span> <span class='ocrx_word' id='word_1_333' title='bbox 1217 3549 1370 3631; x_wconf 80' lang='lat' dir='ltr'><strong>impunitas,</strong></span> <span class='ocrx_word' id='word_1_334' title='bbox 1430 3521 1431 3628; x_wconf 90' lang='lat' dir='ltr'><strong>J</strong></span> 
     </span>
     <span class='ocr_line' id='line_1_37' title="bbox 278 3637 1431 3721; baseline -0.003 -21"><span class='ocrx_word' id='word_1_335' title='bbox 278 3651 419 3721; x_wconf 86' lang='lat' dir='ltr'><strong>quantam</strong></span> <span class='ocrx_word' id='word_1_336' title='bbox 437 3637 479 3696; x_wconf 89' lang='lat' dir='ltr'><strong>eis</strong></span> <span class='ocrx_word' id='word_1_337' title='bbox 492 3637 560 3716; x_wconf 84' lang='lat' dir='ltr'><strong>lege</strong></span> <span class='ocrx_word' id='word_1_338' title='bbox 576 3657 629 3696; x_wconf 91' lang='lat' dir='ltr'><strong>sua</strong></span> <span class='ocrx_word' id='word_1_339' title='bbox 644 3637 826 3711; x_wconf 79' lang='lat' dir='ltr'><strong>Timocrates</strong></span> <span class='ocrx_word' id='word_1_340' title='bbox 839 3639 1001 3718; x_wconf 82' lang='lat' dir='ltr'><strong>proposuit,</strong></span> <span class='ocrx_word' id='word_1_341' title='bbox 1015 3649 1128 3718; x_wconf 85' lang='lat' dir='ltr'><strong>quanta</strong></span> <span class='ocrx_word' id='word_1_342' title='bbox 1141 3661 1246 3720; x_wconf 74' lang='lat' dir='ltr'><strong>quaeso</strong></span> <span class='ocrx_word' id='word_1_343' title='bbox 1258 3659 1307 3702; x_wconf 83' lang='lat' dir='ltr'><strong>vos</strong></span> <span class='ocrx_word' id='word_1_344' title='bbox 1318 3658 1369 3719; x_wconf 85' lang='lat' dir='ltr'><strong>per·</strong></span> <span class='ocrx_word' id='word_1_345' title='bbox 1430 3637 1431 3642; x_wconf 70' lang='grc'>’</span> 
     </span>
    </p>

    <p class='ocr_par' dir='ltr' id='par_1_10' title="bbox 185 3725 1431 4364">
     <span class='ocr_line' id='line_1_38' title="bbox 185 3725 1431 3811; baseline -0.002 -19"><span class='ocrx_word' id='word_1_346' title='bbox 185 3725 188 3732; x_wconf 72' lang='grc'><strong>’</strong></span> <span class='ocrx_word' id='word_1_347' title='bbox 280 3732 406 3811; x_wconf 76' lang='lat' dir='ltr'><strong>turbatio</strong></span> <span class='ocrx_word' id='word_1_348' title='bbox 421 3741 558 3790; x_wconf 87' lang='lat' dir='ltr'><strong>secutura</strong></span> <span class='ocrx_word' id='word_1_349' title='bbox 572 3728 638 3788; x_wconf 70' lang='lat' dir='ltr'><strong>est?</strong></span> <span class='ocrx_word' id='word_1_350' title='bbox 666 3729 743 3789; x_wconf 90' lang='lat' dir='ltr'><strong>Satis</strong></span> <span class='ocrx_word' id='word_1_351' title='bbox 758 3730 836 3800; x_wconf 85' lang='lat' dir='ltr'><strong>enim</strong></span> <span class='ocrx_word' id='word_1_352' title='bbox 851 3730 1048 3804; x_wconf 83' lang='lat' dir='ltr'><strong>scitisharurn</strong></span> <span class='ocrx_word' id='word_1_353' title='bbox 1063 3751 1136 3810; x_wconf 87' lang='lat' dir='ltr'><strong>quas</strong></span> <span class='ocrx_word' id='word_1_354' title='bbox 1151 3734 1241 3794; x_wconf 85' lang='lat' dir='ltr'><strong>modo</strong></span> <span class='ocrx_word' id='word_1_355' title='bbox 1255 3727 1372 3794; x_wconf 85' lang='lat' dir='ltr'><strong>recensui</strong></span> <span class='ocrx_word' id='word_1_356' title='bbox 1430 3771 1431 3774; x_wconf 22' lang='grc' dir='ltr'><strong>ι</strong></span> 
     </span>
     <span class='ocr_line' id='line_1_39' title="bbox 280 3821 1371 3912; baseline -0.004 -28"><span class='ocrx_word' id='word_1_357' title='bbox 280 3825 459 3912; x_wconf 88' lang='lat' dir='ltr'><strong>copiarum,</strong></span> <span class='ocrx_word' id='word_1_358' title='bbox 454 3842 491 3882; x_wconf 89' lang='lat' dir='ltr'><strong>ne</strong></span> <span class='ocrx_word' id='word_1_359' title='bbox 506 3842 531 3881; x_wconf 86' lang='grc' dir='ltr'><strong>ιι</strong></span> <span class='ocrx_word' id='word_1_360' title='bbox 523 3821 730 3900; x_wconf 88' lang='lat' dir='ltr'><strong>duplicentur</strong></span> <span class='ocrx_word' id='word_1_361' title='bbox 753 3821 882 3900; x_wconf 89' lang='lat' dir='ltr'><strong>quidem,</strong></span> <span class='ocrx_word' id='word_1_362' title='bbox 896 3823 986 3882; x_wconf 90' lang='lat' dir='ltr'><strong>ullam</strong></span> <span class='ocrx_word' id='word_1_363' title='bbox 1007 3824 1069 3884; x_wconf 89' lang='lat' dir='ltr'><strong>sore</strong></span> <span class='ocrx_word' id='word_1_364' title='bbox 1087 3825 1255 3892; x_wconf 85' lang='lat' dir='ltr'><strong>utilitatem.</strong></span> <span class='ocrx_word' id='word_1_365' title='bbox 1288 3826 1371 3894; x_wconf 86' lang='lat' dir='ltr'><strong>Quum</strong></span> 
     </span>
     <span class='ocr_line' id='line_1_40' title="bbox 278 3911 1374 4003; baseline -0.004 -25"><span class='ocrx_word' id='word_1_366' title='bbox 278 3929 378 4003; x_wconf 83' lang='lat' dir='ltr'><strong>autern</strong></span> <span class='ocrx_word' id='word_1_367' title='bbox 392 3918 447 3977; x_wconf 90' lang='lat' dir='ltr'><strong>iste</strong></span> <span class='ocrx_word' id='word_1_368' title='bbox 461 3915 527 3994; x_wconf 80' lang='lat' dir='ltr'><strong>lege</strong></span> <span class='ocrx_word' id='word_1_369' title='bbox 547 3934 602 3974; x_wconf 87' lang='lat' dir='ltr'><strong>sua</strong></span> <span class='ocrx_word' id='word_1_370' title='bbox 624 3914 706 3973; x_wconf 82' lang='lat' dir='ltr'><strong>robis</strong></span> <span class='ocrx_word' id='word_1_371' title='bbox 724 3933 831 3974; x_wconf 88' lang='lat' dir='ltr'><strong>nocere</strong></span> <span class='ocrx_word' id='word_1_372' title='bbox 847 3927 979 3994; x_wconf 83' lang='lat' dir='ltr'><strong>conetur,</strong></span> <span class='ocrx_word' id='word_1_373' title='bbox 993 3911 1054 3995; x_wconf 84' lang='lat' dir='ltr'><strong>qua</strong></span> <span class='ocrx_word' id='word_1_374' title='bbox 1072 3917 1115 3986; x_wconf 84' lang='lat' dir='ltr'><strong>fit,</strong></span> <span class='ocrx_word' id='word_1_375' title='bbox 1134 3929 1169 3980; x_wconf 88' lang='lat' dir='ltr'><strong>ut</strong></span> <span class='ocrx_word' id='word_1_376' title='bbox 1183 3918 1213 3981; x_wconf 88' lang='lat' dir='ltr'><strong>hr</strong></span> <span class='ocrx_word' id='word_1_377' title='bbox 1232 3915 1354 3998; x_wconf 87' lang='lat' dir='ltr'><strong>quibus</strong></span> <span class='ocrx_word' id='word_1_378' title='bbox 1349 3933 1374 3975; x_wconf 90' lang='grc' dir='ltr'><strong>ιι</strong></span> 
     </span>
     <span class='ocr_line' id='line_1_41' title="bbox 281 4005 1373 4088; baseline -0.005 -18"><span class='ocrx_word' id='word_1_379' title='bbox 281 4007 377 4070; x_wconf 87' lang='lat' dir='ltr'><strong>animo</strong></span> <span class='ocrx_word' id='word_1_380' title='bbox 391 4019 437 4068; x_wconf 89' lang='lat' dir='ltr'><strong>est</strong></span> <span class='ocrx_word' id='word_1_381' title='bbox 450 4008 635 4080; x_wconf 81' lang='lat' dir='ltr'><strong>malefacere,</strong></span> <span class='ocrx_word' id='word_1_382' title='bbox 656 4005 790 4085; x_wconf 77' lang='lat' dir='ltr'><strong>impuniti</strong></span> <span class='ocrx_word' id='word_1_383' title='bbox 810 4020 968 4068; x_wconf 77' lang='lat' dir='ltr'><strong>maneant:</strong></span> <span class='ocrx_word' id='word_1_384' title='bbox 995 4019 1115 4088; x_wconf 88' lang='lat' dir='ltr'><strong>propter</strong></span> <span class='ocrx_word' id='word_1_385' title='bbox 1129 4011 1305 4070; x_wconf 71' lang='lat' dir='ltr'><strong>haecomnia</strong></span> <span class='ocrx_word' id='word_1_386' title='bbox 1319 4027 1373 4088; x_wconf 84' lang='lat' dir='ltr'><strong>qne</strong></span> 
     </span>
     <span class='ocr_line' id='line_1_42' title="bbox 281 4099 1375 4206; baseline 0 -46"><span class='ocrx_word' id='word_1_387' title='bbox 281 4101 420 4172; x_wconf 79' lang='lat' dir='ltr'><strong>diximus,</strong></span> <span class='ocrx_word' id='word_1_388' title='bbox 436 4099 662 4178; x_wconf 84' lang='lat' dir='ltr'><strong>irascendum</strong></span> <span class='ocrx_word' id='word_1_389' title='bbox 637 4117 664 4159; x_wconf 91' lang='lat' dir='ltr'><strong>er</strong></span> <span class='ocrx_word' id='word_1_390' title='bbox 679 4109 736 4167; x_wconf 87' lang='lat' dir='ltr'><strong>est,</strong></span> <span class='ocrx_word' id='word_1_391' title='bbox 755 4108 787 4158; x_wconf 90' lang='lat' dir='ltr'><strong>et</strong></span> <span class='ocrx_word' id='word_1_392' title='bbox 801 4099 974 4178; x_wconf 90' lang='lat' dir='ltr'><strong>supplicium</strong></span> <span class='ocrx_word' id='word_1_393' title='bbox 995 4100 1217 4180; x_wconf 82' lang='lat' dir='ltr'><strong>infligendum,</strong></span> <span class='ocrx_word' id='word_1_394' title='bbox 1209 4111 1245 4161; x_wconf 91' lang='lat' dir='ltr'><strong>ut</strong></span> <span class='ocrx_word' id='word_1_395' title='bbox 1252 4103 1320 4206; x_wconf 63' lang='grc' dir='ltr'>ιιιι</span> <span class='ocrx_word' id='word_1_396' title='bbox 1335 4120 1375 4162; x_wconf 86' lang='lat' dir='ltr'><strong>ex·</strong></span> 
     </span>
     <span class='ocr_line' id='line_1_43' title="bbox 283 4189 1375 4272; baseline 0 -20"><span class='ocrx_word' id='word_1_397' title='bbox 283 4191 382 4270; x_wconf 88' lang='lat' dir='ltr'><strong>emplo</strong></span> <span class='ocrx_word' id='word_1_398' title='bbox 396 4192 444 4250; x_wconf 92' lang='lat' dir='ltr'><strong>alii</strong></span> <span class='ocrx_word' id='word_1_399' title='bbox 460 4193 518 4252; x_wconf 90' lang='lat' dir='ltr'><strong>sint</strong></span> <span class='ocrx_word' id='word_1_400' title='bbox 532 4191 598 4252; x_wconf 91' lang='lat' dir='ltr'><strong>ad</strong></span> <span class='ocrx_word' id='word_1_401' title='bbox 590 4189 724 4270; x_wconf 89' lang='lat' dir='ltr'><strong>rnjuriam</strong></span> <span class='ocrx_word' id='word_1_402' title='bbox 740 4189 903 4250; x_wconf 89' lang='lat' dir='ltr'><strong>tardiores:</strong></span> <span class='ocrx_word' id='word_1_403' title='bbox 925 4211 993 4252; x_wconf 88' lang='lat' dir='ltr'><strong>nam</strong></span> <span class='ocrx_word' id='word_1_404' title='bbox 1007 4191 1115 4252; x_wconf 89' lang='lat' dir='ltr'><strong>talibus</strong></span> <span class='ocrx_word' id='word_1_405' title='bbox 1135 4193 1197 4254; x_wconf 88' lang='lat' dir='ltr'><strong>leni</strong></span> <span class='ocrx_word' id='word_1_406' title='bbox 1209 4193 1310 4252; x_wconf 85' lang='lat' dir='ltr'><strong>animo</strong></span> <span class='ocrx_word' id='word_1_407' title='bbox 1321 4210 1375 4272; x_wconf 84' lang='lat' dir='ltr'><strong>par·</strong></span> 
     </span>
     <span class='ocr_line' id='line_1_44' title="bbox 284 4282 1378 4379; baseline -0.002 -37"><span class='ocrx_word' id='word_1_408' title='bbox 284 4301 361 4354; x_wconf 90' lang='lat' dir='ltr'><strong>cere,</strong></span> <span class='ocrx_word' id='word_1_409' title='bbox 371 4291 423 4341; x_wconf 87' lang='lat' dir='ltr'><strong>aut</strong></span> <span class='ocrx_word' id='word_1_410' title='bbox 441 4284 496 4342; x_wconf 81' lang='lat' dir='ltr'><strong>etsi</strong></span> <span class='ocrx_word' id='word_1_411' title='bbox 509 4283 666 4352; x_wconf 87' lang='lat' dir='ltr'><strong>damnetis,</strong></span> <span class='ocrx_word' id='word_1_412' title='bbox 686 4282 846 4361; x_wconf 80' lang='lat' dir='ltr'><strong>exiguam</strong></span> <span class='ocrx_word' id='word_1_413' title='bbox 841 4291 941 4344; x_wconf 88' lang='lat' dir='ltr'><strong>tamen</strong></span> <span class='ocrx_word' id='word_1_414' title='bbox 955 4283 997 4344; x_wconf 87' lang='lat' dir='ltr'><strong>eis</strong></span> <span class='ocrx_word' id='word_1_415' title='bbox 1012 4283 1184 4344; x_wconf 82' lang='lat' dir='ltr'><strong>mulctam</strong></span> <span class='ocrx_word' id='word_1_416' title='bbox 1176 4303 1317 4379; x_wconf 68' lang='lat' dir='ltr'><strong>arrogare,</strong></span> <span class='ocrx_word' id='word_1_417' title='bbox 1328 4301 1378 4344; x_wconf 88' lang='lat' dir='ltr'><strong>non</strong></span> 
     </span>
    </p>
   </div>
   <div class='ocr_carea' id='block_1_3' title="bbox 280 4360 1376 4572">
    <p class='ocr_par' dir='ltr' id='par_1_11' title="bbox 283 4360 1376 4551">
     <span class='ocr_line' id='line_1_45' title="bbox 283 4360 1376 4476; baseline 0.003 -43"><span class='ocrx_word' id='word_1_418' title='bbox 283 4360 364 4448; x_wconf 87' lang='lat' dir='ltr'><strong>aliud</strong></span> <span class='ocrx_word' id='word_1_419' title='bbox 376 4381 433 4442; x_wconf 87' lang='lat' dir='ltr'><strong>est,</strong></span> <span class='ocrx_word' id='word_1_420' title='bbox 446 4391 563 4453; x_wconf 85' lang='lat' dir='ltr'><strong>quarn</strong></span> <span class='ocrx_word' id='word_1_421' title='bbox 547 4373 756 4434; x_wconf 80' lang='lat' dir='ltr'><strong>consuefacere</strong></span> <span class='ocrx_word' id='word_1_422' title='bbox 768 4383 856 4454; x_wconf 82' lang='lat' dir='ltr'><strong>atque</strong></span> <span class='ocrx_word' id='word_1_423' title='bbox 865 4374 1015 4438; x_wconf 84' lang='lat' dir='ltr'><strong>instituere</strong></span> <span class='ocrx_word' id='word_1_424' title='bbox 1025 4395 1112 4456; x_wconf 84' lang='lat' dir='ltr'><strong>quam</strong></span> <span class='ocrx_word' id='word_1_425' title='bbox 1123 4360 1276 4462; x_wconf 72' lang='lat' dir='ltr'><strong>plurimos,</strong></span> <span class='ocrx_word' id='word_1_426' title='bbox 1289 4397 1325 4438; x_wconf 90' lang='lat' dir='ltr'><strong>ne</strong></span> <span class='ocrx_word' id='word_1_427' title='bbox 1333 4392 1376 4476; x_wconf 68' lang='lat' dir='ltr'><strong>ros</strong></span> 
     </span>
     <span class='ocr_line' id='line_1_46' title="bbox 280 4461 772 4572; baseline 0.006 -50.025"><span class='ocrx_word' id='word_1_428' title='bbox 280 4463 395 4572; x_wconf 74' lang='grc' dir='ltr'>ιιιιιιίἰι</span> <span class='ocrx_word' id='word_1_429' title='bbox 408 4461 520 4522; x_wconf 87' lang='lat' dir='ltr'><strong>afficere</strong></span> <span class='ocrx_word' id='word_1_430' title='bbox 531 4477 699 4564; x_wconf 76' lang='lat' dir='ltr'><strong>vereantur.</strong></span> <span class='ocrx_word' id='word_1_431' title='bbox 769 4545 772 4551; x_wconf 24' lang='grc' dir='ltr'><strong><em>Ι</em></strong></span> 
     </span>
    </p>
   </div>
   <div class='ocr_carea' id='block_1_4' title="bbox 0 0 1476 4946">
    <p class='ocr_par' dir='ltr' id='par_1_12' title="bbox 0 0 1476 4946">
     <span class='ocr_line' id='line_1_47' title="bbox 0 0 1476 4946; baseline 0 0"><span class='ocrx_word' id='word_1_432' title='bbox 0 0 1476 4946; x_wconf 95' lang='lat' dir='ltr'><strong> </strong></span> 
     </span>
    </p>
   </div>
  </div>
 </body>
</html>
