2946 4954
421 317 476 382 ΠΕ
500 319 617 383 Meta
638 324 770 384 GESTA
797 323 1041 386 LEGATIONE.
1223 327 1284 385 249

182 478 282 538 arrhis
301 476 562 557 pollicitationibus
582 479 759 558 impetraret.
801 479 848 538 Ne
867 479 958 557 igitur
980 479 1046 540 hoeo
1066 497 1132 558 quae
1150 477 1219 538 dico
1232 497 1287 559 pa·-

181 571 241 629 lam
263 573 380 641 fierent,
401 581 553 649 propterea
573 573 688 630 censuit
705 571 746 630 eis
774 589 919 648 nusquam
941 591 1007 632 asse
1028 571 1214 640 abeundum
1237 571 1285 646 isa·

180 671 280 722 autem
294 664 321 721 ei
334 663 434 722 omnia
445 663 696 740 gratificabantur,
707 682 773 722 cum
787 663 992 735 ostentatione,
1007 672 1037 723 et
1053 663 1162 741 insigni
1183 683 1285 723 assen-

181 755 302 814 tatione.
324 755 434 812 Verum
450 755 475 816 si
484 755 588 828 horum
602 755 730 814 omnium
741 747 1194 834 convincentur,consumpsisse
1208 765 1284 816 tem·

160 914 163 920 ,
181 866 249 924 pus,
264 845 432 925 neglexisse
450 847 613 919 Thraciam,
627 847 700 906 nihil
724 866 760 906 ex
780 847 905 905 decretis
928 846 1031 924 egisse·
1042 849 1158 918 vestris,
1181 859 1233 907 aut
1247 869 1283 910 err

164 963 168 969 ¹
180 938 305 998 utilitate
318 933 497 1018 reipublice,
510 938 586 998 salsa
599 939 658 1008 huc
671 939 871 1009 renunciasse,
885 938 936 1016 qui
950 948 1076 1016 possunt
1088 939 1134 998 isti
1148 960 1167 999 a
1179 942 1284 1002 corda.

182 1030 222 1088 tis
231 1029 380 1104 judicibus
394 1039 425 1088 et
432 1029 576 1109 religiosis
591 1031 778 1090 conservarit
789 1031 864 1099 Quae
878 1040 910 1088 ut
924 1051 942 1089 a
954 1050 1001 1090 me
1011 1031 1147 1106 rere-dici
1160 1047 1284 1110 constet,

182 1121 273 1192 recita
285 1121 410 1197 primum
429 1121 587 1192 decretum,
603 1141 662 1199 quo
675 1131 764 1200 pacto
779 1123 862 1181 nobis
884 1123 972 1181 luerit
996 1123 1172 1202 exigendum
1187 1128 1283 1206 jusju-

181 1212 330 1296 randumr
347 1212 452 1272 deinde
463 1213 562 1273 literas
576 1213 723 1294 Philippi:
745 1225 821 1293 post,
835 1215 1008 1275 Philocratis
1023 1207 1191 1278 decretum:
1214 1239 1283 1278 mox

182 1303 378 1382 plebiscitum.
422 1323 424 1327 ’

380 1451 651 1546 nnrrcunruu.
674 1486 846 1546 carana.
869 1441 1073 1546 nacnnrn.

180 1641 250 1706 Jam
265 1653 299 1702 ut
312 1657 451 1725 appareat
463 1647 660 1726 nospotuisse
675 1646 843 1726 Philippum
858 1648 887 1706 in
910 1647 1103 1727 Hellesponto
1119 1647 1283 1731 deprehen

181 1733 263 1808 dere,
278 1736 302 1794 si
317 1737 380 1816 quis
392 1737 462 1796 mihi
474 1739 633 1817 paruisset,
645 1749 678 1798 et
695 1749 794 1804 vestra
816 1739 956 1803 mandata
978 1749 1136 1804 exsecutus
1150 1753 1232 1804 esset
1244 1763 1282 1826 cx

180 1825 320 1902 decretis,
334 1848 410 1892 voca
419 1839 509 1893 testes
523 1832 574 1912 qui
587 1831 644 1891 illic
659 1832 827 1895 adfuerunt.
942 1836 943 1842 ’

655 2045 819 2106 TESTES.

180 2187 289 2249 Recita
302 2197 331 2249 et
345 2189 468 2248 alterurn
483 2187 692 2260 testimonium,
706 2188 776 2266 quid
794 2187 912 2248 Euclidi
936 2200 1005 2268 post
1024 2190 1156 2268 profecto
1171 2189 1282 2269 Philip-

156 2296 163 2306 *
182 2297 240 2358 pus
253 2275 444 2362 ¹responderit.
935 2301 941 2310 ·

580 2437 893 2498 TESTIMONIUM.

214 2598 274 2656 48.
296 2596 357 2656 Eos
370 2597 459 2676 igitur
469 2617 526 2657 nec
549 2598 661 2658 inficias
682 2599 722 2659 ire
739 2618 834 2677 posse,
848 2599 920 2678 quin
934 2599 984 2660 illa
997 2618 1049 2678 pro
1063 2598 1198 2678 Philippo
1211 2620 1281 2679 ege·

177 2689 248 2759 rint,
264 2709 301 2748 ex
315 2710 360 2749 me
374 2691 483 2750 audite.
526 2691 602 2755 Cum
616 2691 713 2770 priore
733 2691 879 2770 legatione
897 2692 1020 2773 proiecti
1041 2713 1143 2752 sumus
1158 2691 1194 2751 de
1209 2713 1284 2771 pace

180 2782 327 2856 facienda,
354 2803 406 2843 vos
432 2784 658 2842 caduceatorem
680 2785 864 2862 praemisistis
893 2785 931 2844 ad
945 2783 1169 2864 impetrandam
1192 2785 1282 2844 fidem

180 2874 340 2954 publicam.
359 2868 363 2876 ¹
381 2876 457 2934 Tum
479 2874 587 2954 igitur,'·¹
603 2885 637 2934 ut
648 2876 781 2954 primum
806 2877 915 2936 Oreum
935 2887 1089 2947 venerunt,
1104 2897 1163 2935 non
1178 2885 1282 2955 exspess

183 2974 302 3026 ctarunt
316 2966 556 3036 caduceatorem,
565 2987 666 3044 meque
681 2967 770 3025 ullam
793 2985 905 3026 moram
929 2967 1072 3039 fecerunt,
1084 2965 1136 3026 sed
1151 2968 1282 3044 quamvis

182 3058 568 3130 ullusohs'ideretur,tamen
578 3079 613 3117 eo
623 3059 809 3138 trajecerunt,
820 3068 850 3117 et
864 3078 963 3118 rursus
978 3059 1047 3126 inde
1061 3059 1099 3116 ad
1114 3058 1283 3118 Parmenioss

182 3168 262 3223 narn,
277 3151 327 3229 qul
341 3150 478 3230 oppidum
486 3139 781 3228 'obsidebat'egressi
795 3170 849 3229 per
863 3149 999 3208 hostilem
1012 3149 1169 3208 exercitum
1184 3149 1282 3228 Paga-⁸

183 3261 233 3304 sas
249 3244 392 3314 abierunt,
407 3253 436 3301 et
449 3243 607 3324 progressi,
625 3234 811 3302 caduceatori
821 3243 961 3302 xLaris'sae
985 3242 1184 3313 occurrerunt,
1197 3250 1282 3304 tauto

181 3335 280 3395 studio
302 3333 503 3395 et'alacritate
524 3345 588 3394 tum
602 3335 871 3412 proficiscebantur.
906 3335 992 3392 *Cum
1007 3344 1105 3392 autem
1119 3353 1178 3413 pax
1192 3337 1282 3408 esset,
1372 3356 1376 3364 ’

181 3439 212 3486 et
226 3428 289 3490 sine
313 3427 390 3487 omni
409 3427 539 3512 periculo
562 3427 605 3497 ire
628 3427 737 3498 liceret,
751 3438 783 3486 et
796 3444 814 3486 a
826 3428 910 3487 vohis
924 3427 1097 3506 properandi
1110 3427 1282 3486 mandatum

179 3521 334 3594 haberent,
348 3529 410 3579 turn
423 3541 479 3580 nec
494 3519 736 3592 iteraccelerare,
758 3540 813 3579 nec
835 3520 974 3598 nauigare
986 3521 1019 3578 in
1033 3531 1161 3580 mentem
1176 3521 1217 3580 eia'
1232 3540 1282 3580 ve·

181 3613 235 3672 nit.
265 3611 340 3688 ¹Cur
354 3611 493 3672 tandem?
515 3613 594 3681 Quia
607 3622 667 3671 tum
690 3633 707 3670 e
729 3633 760 3671 re
775 3611 903 3691 Philippi
919 3623 993 3684 erat,
1008 3629 1112 3691 pacem
1122 3631 1210 3691 quam
1224 3611 1285 3689 pri*

181 3723 263 3764 mum
277 3703 338 3764 fieri
348 3705 365 3762 τ’
379 3724 414 3764 eo
434 3725 504 3766 vero
518 3695 659 3783 tempore,
673 3721 783 3764 moram
805 3722 893 3784 quam
914 3704 1114 3785 longissimam
1123 3701 1283 3780 interponi,

180 3795 351 3876 priusquam
360 3796 566 3876 jusjurandum
580 3795 754 3874 exigeretur.
769 3796 857 3872 ·'Sad
870 3805 948 3862 utet
961 3796 1031 3856 ‘haec
1044 3813 1112 3853 rere
1125 3812 1144 3851 a
1157 3811 1204 3854 me
1224 3792 1284 3854 diet

175 3888 410 3962 consuendam
424 3889 482 3951 hoc
496 3892 569 3968 cape
583 3889 791 3952 testimonium.

581 4089 891 4151 TESTIMONIUM.

180 4245 229 4305 dn
244 4245 336 4326 igitur
357 4245 419 4305 fieri
439 4255 546 4324 potest,
566 4256 601 4303 ut
620 4244 671 4302 ulli
689 4244 822 4303 homiues
845 4242 939 4318 magis
957 4243 1089 4303 convinci
1110 4247 1281 4323 possintne

173 4338 278 4402 omnia
297 4357 351 4418 pro
371 4337 509 4417 Philippo
532 4355 630 4416 agera
651 4353 739 4412 queat
762 4333 813 4412 qui
833 4333 863 4391 in
886 4333 992 4392 eodem
1007 4323 1208 4406 itincraeum
1226 4359 1281 4420 pm

650 4472 653 4475 .
702 4427 759 4488 Π
