2886 4946
548 268 606 332 DE
627 268 833 334 CORONA.
1127 299 1136 308 ’
1186 282 1242 368 193

137 419 194 479 tias
208 428 305 480 autem
322 430 409 500 atque
422 421 461 482 ad
474 421 650 488 offensiones
670 434 788 488 mutuas
809 423 952 508 proclives
973 431 1046 506 sitis,
1067 451 1122 514 ego
1135 435 1191 496 hcc
1205 447 1238 497 ut

136 531 176 571 ne
190 512 272 572 fieret
286 513 405 574 assidue
425 514 631 593 providebam.
652 538 711 577 non
731 521 809 598 quod
824 541 890 581 mea
908 523 1001 587 solum
1022 526 1167 588 sententia
1180 528 1235 588 du-

134 613 200 664 ctus
214 606 280 664 haec
300 606 464 666 conducere
478 609 690 681 existimabam,
704 611 757 670 sed
769 613 837 690 quia
850 615 977 674 sciebam
991 607 1232 695 Aristophontem

129 698 262 778 ,itemque
277 699 423 759 Eubulum
440 719 553 806 semper
566 701 642 761 hanc
656 703 797 765 intervos
819 707 975 767 amicitiam
995 709 1152 771 conciliare
1172 723 1233 780 stu-

132 791 242 863 duisse,
256 800 287 851 et
307 812 373 851 cum
394 791 485 852 aliis
477 813 507 851 rn
522 793 609 852 rebus
624 813 824 873 saepeuumero
842 797 917 857 inter
934 819 965 859 se
985 799 1209 876 dissentirents
1201 824 1232 863 ιιι
1261 867 1263 871 ,

130 883 188 943 hac
210 903 360 962 nunquam
382 903 441 943 non
462 885 654 945 consensisse
696 889 777 953 Quos
797 898 829 948 tu
850 888 940 962 viros,
964 909 982 950 c
1002 891 1108 964 bellua,
1129 894 1231 956 adula-

130 963 259 1036 tionibus
272 976 440 1049 sectabaris,
453 987 581 1037 mortuos
599 998 658 1037 non
674 989 701 1038 te
714 979 806 1058 pudet
816 981 973 1042 criminari.
998 1002 1065 1042 nam
1081 1005 1147 1064 quoe
1160 989 1230 1048 mihi

131 1068 172 1128 de
193 1068 338 1127 Thebanis
351 1069 483 1144 objicis,
476 1090 505 1126 m
519 1070 554 1128 iis
565 1070 657 1130 multo
673 1071 766 1150 magis
779 1073 845 1132 illos
859 1093 947 1152 quam
965 1095 1012 1135 ma
1032 1077 1229 1155 reprehendis,

129 1161 181 1240 qui
196 1161 365 1222 societatem
380 1160 465 1220 istam
486 1170 554 1221 ante
576 1179 622 1222 me
636 1159 842 1242 approbarunt.
877 1162 986 1225 Verum
1006 1166 1077 1228 illuc
1098 1171 1167 1228 uude
1187 1174 1229 1230 di-

125 1275 242 1333 gressus
263 1275 322 1311 aum
341 1263 479 1326 revertor,
493 1255 573 1335 quod
587 1254 787 1333 Amphissensi
806 1256 917 1316 scilicet
936 1259 1016 1318 bello
1035 1260 1122 1338 hujus
1141 1281 1230 1342 opera

128 1347 288 1418 concitato,
303 1356 333 1406 et
350 1347 486 1425 perfectis
501 1367 551 1425 per
565 1346 637 1408 alios
655 1348 717 1427 ejus
738 1348 887 1428 adjutores
901 1349 1045 1430 adversus
1068 1353 1227 1429 Thebanos

128 1439 296 1510 inimicitiis,
311 1439 416 1522 accidit
436 1450 468 1499 ut
482 1439 632 1520 Philippus
645 1460 699 1500 nos
716 1439 885 1515 adoriretur,
899 1447 982 1518 cujus
996 1446 1037 1504 rei
1051 1437 1145 1525 gratia
1157 1449 1227 1510 civi-

129 1543 209 1593 tates
224 1533 274 1592 isti
291 1533 366 1592 inter
385 1553 416 1592 se
430 1531 688 1604 commiseruntet
709 1533 763 1594 nisi
775 1534 883 1614 priores
897 1539 1059 1614 experrecti
1071 1539 1224 1618 paululum
1280 1563 1287 1578 ’

127 1645 271 1696 essemus,
286 1645 324 1684 ne
337 1623 495 1701 colligendi
508 1626 624 1704 quidem
639 1625 730 1684 nostri
744 1623 813 1684 data
825 1637 904 1686 esset
916 1627 1058 1688 facultas:
1080 1650 1116 1689 eo
1129 1641 1224 1709 usque

126 1718 174 1777 isti
187 1738 250 1778 rena
261 1717 466 1796 perduxerant.
488 1720 554 1784 Quo
566 1718 662 1776 animo
672 1726 769 1776 autem
779 1727 841 1776 tum
852 1719 925 1778 inter
935 1719 1090 1780 vosaffecti
1101 1721 1224 1797 fueritis,

126 1809 171 1870 his
183 1809 312 1871 decretis
325 1828 360 1870 sc
373 1809 518 1890 responsis
527 1809 644 1884 auditis,
654 1811 844 1890 cognoscetis.
865 1811 929 1890 Age
939 1831 1010 1891 cape
1019 1813 1070 1873 illa
1080 1823 1112 1876 et
1124 1814 1223 1876 recita.

555 1962 795 2062 nncunruru.

157 2133 278 2180 Ambusto
284 2131 431 2192 Heropytho,
442 2131 527 2180 mensis
540 2129 729 2193 Elaphebolicnis
739 2146 807 2188 xxv„
816 2130 878 2178 tribu
888 2131 1025 2180 Erectheide
1037 2133 1184 2192 presidente,
1191 2137 1222 2183 de

124 2209 241 2257 sentemia
250 2214 346 2256 matus
358 2215 382 2254 et
393 2210 557 2268 Strategcrum,
567 2207 674 2268 quoniam
685 2205 810 2266 Philippus
822 2205 929 2253 finitimas
941 2209 1009 2254 urbes
1021 2208 1076 2254 alias
1087 2211 1222 2272 occuparit,

123 2286 181 2334 alias
189 2285 299 2340 vastavit,
309 2285 408 2346 deniqne
416 2284 440 2330 in
453 2278 551 2330 Atticarh
562 2289 629 2343 parat
640 2282 759 2336 invadere,
768 2297 809 2342 pro
825 2281 896 2328 nihilo
907 2279 993 2332 duceris
1002 2283 1091 2332 soedcra
1108 2286 1168 2332 iuter
1177 2297 1224 2334 ncs'
1323 2320 1325 2328 .

122 2379 245 2427 percussa,
254 2379 281 2410 ac
286 2362 447 2424 jusjurandum
457 2377 521 2406 suurn
530 2375 656 2422 pacemque
668 2359 750 2404 factam
760 2358 851 2405 solvere
862 2359 972 2420 instituit,
983 2361 1071 2422 placuit
1079 2364 1167 2410 senatui
1178 2379 1220 2426 po-

125 2441 240 2503 puloque,
252 2444 277 2486 ιιι
291 2439 409 2486 mittantur
420 2437 449 2484 ad
461 2452 513 2483 eum
526 2435 665 2482 caduceator
677 2442 706 2482 ‘et
717 2434 795 2496 legati,
805 2435 846 2494 qui
856 2451 908 2482 cum
920 2451 949 2483 eo
960 2443 1036 2496 agant,
1047 2432 1219 2500 hortenturque,

124 2517 227 2564 maxima
238 2514 417 2562 utcoucordiaus
430 2512 547 2562 nobiscum
558 2513 641 2558 iactam
653 2516 745 2558 tueatur
761 2517 786 2558 et
795 2517 917 2568 conventa,
934 2511 968 2558 sin
979 2513 1062 2570 minus,
1077 2521 1103 2564 ut
1120 2515 1227 2576 spatium,

122 2593 270 2648 deliberandi
280 2594 327 2642 (let
338 2590 429 2638 civitati
445 2590 596 2651 induciasque
608 2588 676 2642 faciat
694 2603 766 2650 usque
783 2589 811 2636 sd
824 2603 926 2636 menaeus
937 2590 1122 2652 'lhargelionem
1152 2594 1220 2642 Lecti

123 2677 178 2718 sunt
188 2686 203 2718 e
212 2675 291 2718 seuam
304 2667 379 2716 Siruus
388 2667 555 2730 Anagyrasiua,
566 2665 727 2726 Euthydemus
738 2663 864 2719 Phliasius,
876 2654 1005 2727 Bulsgarcs
1016 2665 1176 2730 Alopecensis.

431 2889 435 2896 ,
474 2781 601 2888 aurun
624 2825 863 2886 oscannum.

155 2959 273 3008 archonte
289 2957 438 3020 Heropytlso,
448 2956 534 3014 mensis
546 2955 712 3019 Munychionis
722 2953 762 3002 die
779 2955 870 3012 ultimo,
880 2956 910 3002 ds
928 2958 1043 3006 mutantia
1054 2959 1217 3008 Polemsrchi:

120 3035 239 3096 Quonissu
251 3035 374 3097 Philippus
385 3033 485 3088 alienare
495 3033 616 3082 Thebanos
627 3047 640 3078 a
650 3031 718 3078 nobis
733 3031 875 3095 aggreditur,
889 3040 913 3080 et
928 3049 981 3080 cunr
993 3034 1101 3082 universo
1112 3036 1218 3085 exercitu

117 3115 144 3164 in
155 3113 257 3162 maxime
269 3111 346 3180 ¹vicina
356 3111 439 3159 Atticae
448 3109 538 3173 ingredi
549 3113 614 3170 purat
624 3107 684 3164 loca,
693 3107 807 3170 neglectis
819 3123 871 3168 quus
887 3107 948 3155 inter
959 3124 1001 3156 nos
1013 3120 1066 3156 sunt
1082 3111 1217 3170 federibus,

117 3191 209 3256 placuit
220 3189 310 3238 senatui
320 3189 462 3251 populoque,
470 3195 496 3234 ut
504 3185 623 3248 mittantur
634 3185 662 3232 sd
674 3201 725 3232 eum
737 3185 874 3233 caduceator
884 3191 908 3232 et
917 3185 998 3246 legali,
1011 3185 1142 3250 qui‘petsut
1152 3195 1222 3238 cunr-'

117 3284 165 3332 que
172 3269 296 3315 hortentur
307 3273 333 3314 ut
343 3263 536 3320 inducias'laciat,
545 3279 591 3324 quo
600 3262 702 3325 populus
713 3262 789 3322 quoad
800 3261 850 3320 ejus
861 3261 911 3308 fleri
919 3262 1004 3323 poterit
1016 3263 1127 3312 deliberet
1137 3282 1143 3312 :
1155 3281 1222 3316 nunc

116 3345 179 3392 enisa
186 3342 374 3392 ncnceusuilsel
383 3335 499 3390 mediocre
511 3338 602 3402 quidem
614 3337 725 3386 auxilium
735 3339 793 3386 ferre
803 3353 829 3384 se
837 3344 954 3397 oportere.
970 3339 1037 3388 Lecti
1045 3347 1099 3388 sunt
1109 3351 1222 3407 exsenatu·

116 3422 240 3470 Nearchus
250 3418 367 3468 &emerui
377 3419 403 3474 t,
416 3418 551 3480 Polycrates
558 3413 707 3478 Epiplrrouis,
718 3420 742 3460 et
751 3413 891 3462 caduceator
900 3415 1017 3463 Eunomus
1025 3416 1192 3490 Anaphlystiua
1201 3436 1219 3490 οι

116 3499 196 3560 plebe.

116 3625 243 3686 Recita
231 3644 292 3705 Jam
302 3633 492 3704 etresponsa
563 3607 567 3611 ’

330 3789 583 3850 RESPONSUM
603 3787 661 3848 AD
682 3785 988 3870 ATHENIENSES.

149 3921 204 3969 llex
215 3921 370 3969 Macedonum
382 3891 502 3985 Philippus
513 3917 601 3966 serratui
608 3917 741 3980 populoque
749 3888 921 3965 Atheniensis.
929 3917 981 3974 Qua
989 3931 1044 3978 erga
1052 3929 1095 3961 nos
1105 3916 1211 3969 abluitis

114 3999 237 4050 voluntate
247 3997 344 4052 fueritis,
353 4013 397 4044 uon
409 3997 500 4058 ignoro,
510 4001 640 4058 quantoque
651 3993 728 4042 studio
740 3992 944 4042 elaboraveritisut
953 3992 1077 4039 ‘lhsssalcs
1086 3999 1110 4039 et
1120 3993 1212 4044 Theba·

110 4093 174 4134 rsus,
188 4077 335 4138 atquealiaru
346 4077 451 4134 Breotus,
461 4077 490 4123 ad
503 4089 544 4122 scs
559 4073 694 4122 alliceretis.
710 4073 805 4120 Aleum
825 4068 943 4131 cepissent
954 4068 990 4114 rllr
1003 4068 1094 4116 saniora
1113 4073 1214 4129 concilia

108 4155 405 4226 neqssrelllasubrnitters
414 4149 636 4212 voluissentjudicia
642 4166 693 4205 sua,
701 4148 772 4197 sedin
781 4145 888 4194 utilitatis
896 4157 942 4190 sure
951 4141 1070 4205 partibus
1064 4149 1212 4207 mansissent,

109 4251 158 4284 vus
169 4249 232 4281 nunc
242 4239 328 4280 ιιιιιιιιι
340 4231 462 4286 sententia,
473 4229 550 4278 missis
562 4229 591 4275 ad
602 4242 639 4275 me
648 4227 731 4288 legatis
743 4239 770 4272 ac
784 4221 914 4277 lecialibus,
924 4221 1037 4268 loedermn
1048 4221 1176 4272 admonetis
1187 4233 1211 4272 et

106 4312 218 4360 inducias
232 4309 282 4358 lieri
293 4308 381 4371 petitis,
393 4306 454 4354 nulla
468 4321 563 4368 prorsus
572 4304 655 4364 injuria
667 4317 723 4348 amc
732 4298 818 4346 affecti.
841 4299 891 4358 Ego
904 4313 967 4355 vero,
978 4299 1062 4347 auditis
1073 4301 1156 4362 legatis
1167 4317 1209 4349 vs·

108 4391 179 4448 stris,
189 4386 303 4436 assentior
310 4385 434 4450 postulatis
443 4389 467 4431 et
478 4381 584 4430 inducias
592 4383 668 4428 facere
677 4383 771 4440 paratus
780 4391 839 4433 surn,
851 4391 870 4422 ιι
863 4368 964 4423 ''mcdc
955 4393 995 4424 ecs
1004 4375 1044 4436 qui
1052 4378 1120 4425 vobis
1129 4392 1209 4439 parurn

104 4475 173 4520 nete
184 4465 310 4514 consulunt
318 4462 451 4512 amandatos
462 4477 489 4510 es
500 4475 546 4522 qus
555 4455 620 4519 digni
631 4454 818 4518 suntigucminia
829 4453 977 4505 mulctabitis.
998 4449 1131 4502 valete..

638 4532 690 4594 20
735 4572 736 4575 =
