<?xml version="1.0" encoding="UTF-8"?>
<!DOCTYPE html PUBLIC "-//W3C//DTD XHTML 1.0 Transitional//EN"
    "http://www.w3.org/TR/xhtml1/DTD/xhtml1-transitional.dtd">
<html xmlns="http://www.w3.org/1999/xhtml" xml:lang="en" lang="en">
 <head>
  <title>
</title>
<meta http-equiv="Content-Type" content="text/html;charset=utf-8" />
  <meta name='ocr-system' content='tesseract 3.04.00' />
  <meta name='ocr-capabilities' content='ocr_page ocr_carea ocr_par ocr_line ocrx_word'/>
</head>
<body>
  <div class='ocr_page' id='page_1' title='image "./demosthenisetsc08ulpigoog_0339.png"; bbox 0 0 2932 4952; ppageno 0'>
   <div class='ocr_carea' id='block_1_1' title="bbox 183 203 918 314">
    <p class='ocr_par' dir='ltr' id='par_1_1' title="bbox 183 203 918 314">
     <span class='ocr_line' id='line_1_1' title="bbox 183 203 918 314; baseline -0.004 0"><span class='ocrx_word' id='word_1_1' title='bbox 183 251 243 314; x_wconf 73' lang='lat' dir='ltr'><strong>aar</strong></span> <span class='ocrx_word' id='word_1_2' title='bbox 412 203 414 210; x_wconf 50' lang='grc'><em>’</em></span> <span class='ocrx_word' id='word_1_3' title='bbox 555 249 726 312; x_wconf 81' lang='lat' dir='ltr'><strong>cournr</strong></span> <span class='ocrx_word' id='word_1_4' title='bbox 747 249 918 312; x_wconf 82' lang='lat' dir='ltr'><strong>uramur.</strong></span> 
     </span>
    </p>
   </div>
   <div class='ocr_carea' id='block_1_2' title="bbox 119 391 1318 3368">
    <p class='ocr_par' dir='ltr' id='par_1_2' title="bbox 119 391 1306 2248">
     <span class='ocr_line' id='line_1_2' title="bbox 185 391 1285 488; baseline -0.012 -20"><span class='ocrx_word' id='word_1_5' title='bbox 185 405 303 486; x_wconf 83' lang='lat' dir='ltr'><strong>quidam</strong></span> <span class='ocrx_word' id='word_1_6' title='bbox 314 407 456 485; x_wconf 78' lang='lat' dir='ltr'><strong>nossem),</strong></span> <span class='ocrx_word' id='word_1_7' title='bbox 469 416 531 468; x_wconf 88' lang='lat' dir='ltr'><strong>tum</strong></span> <span class='ocrx_word' id='word_1_8' title='bbox 545 425 636 488; x_wconf 88' lang='lat' dir='ltr'><strong>quum</strong></span> <span class='ocrx_word' id='word_1_9' title='bbox 650 405 721 468; x_wconf 78' lang='lat' dir='ltr'><strong>main</strong></span> <span class='ocrx_word' id='word_1_10' title='bbox 734 407 812 468; x_wconf 86' lang='lat' dir='ltr'><strong>sotio</strong></span> <span class='ocrx_word' id='word_1_11' title='bbox 824 405 926 466; x_wconf 87' lang='lat' dir='ltr'><strong>danda</strong></span> <span class='ocrx_word' id='word_1_12' title='bbox 939 410 1020 464; x_wconf 87' lang='lat' dir='ltr'><strong>esset</strong></span> <span class='ocrx_word' id='word_1_13' title='bbox 1032 401 1061 461; x_wconf 93' lang='lat' dir='ltr'><strong>in</strong></span> <span class='ocrx_word' id='word_1_14' title='bbox 1077 401 1156 461; x_wconf 91' lang='lat' dir='ltr'><strong>diem</strong></span> <span class='ocrx_word' id='word_1_15' title='bbox 1169 391 1285 460; x_wconf 85' lang='lat' dir='ltr'><strong>circiter</strong></span> 
     </span>
     <span class='ocr_line' id='line_1_3' title="bbox 186 491 1289 581; baseline -0.009 -23"><span class='ocrx_word' id='word_1_16' title='bbox 186 507 323 578; x_wconf 88' lang='lat' dir='ltr'><strong>quartum</strong></span> <span class='ocrx_word' id='word_1_17' title='bbox 343 511 394 560; x_wconf 88' lang='lat' dir='ltr'><strong>aut</strong></span> <span class='ocrx_word' id='word_1_18' title='bbox 413 501 556 580; x_wconf 88' lang='lat' dir='ltr'><strong>quintum,</strong></span> <span class='ocrx_word' id='word_1_19' title='bbox 571 499 711 581; x_wconf 89' lang='lat' dir='ltr'><strong>impetum</strong></span> <span class='ocrx_word' id='word_1_20' title='bbox 725 500 860 559; x_wconf 83' lang='lat' dir='ltr'><strong>fecemnt</strong></span> <span class='ocrx_word' id='word_1_21' title='bbox 869 499 900 557; x_wconf 92' lang='lat' dir='ltr'><strong>in</strong></span> <span class='ocrx_word' id='word_1_22' title='bbox 913 496 994 556; x_wconf 86' lang='lat' dir='ltr'><strong>sedes</strong></span> <span class='ocrx_word' id='word_1_23' title='bbox 1006 513 1086 556; x_wconf 86' lang='lat' dir='ltr'><strong>meas</strong></span> <span class='ocrx_word' id='word_1_24' title='bbox 1099 493 1184 552; x_wconf 86' lang='lat' dir='ltr'><strong>istius</strong></span> <span class='ocrx_word' id='word_1_25' title='bbox 1197 491 1289 550; x_wconf 83' lang='lat' dir='ltr'><strong>frater</strong></span> 
     </span>
     <span class='ocr_line' id='line_1_4' title="bbox 186 587 1289 673; baseline -0.01 -22"><span class='ocrx_word' id='word_1_26' title='bbox 186 601 217 652; x_wconf 91' lang='lat' dir='ltr'><strong>et</strong></span> <span class='ocrx_word' id='word_1_27' title='bbox 235 592 302 666; x_wconf 88' lang='lat' dir='ltr'><strong>iste,</strong></span> <span class='ocrx_word' id='word_1_28' title='bbox 315 593 490 654; x_wconf 79' lang='lat' dir='ltr'><strong>trierarchiae</strong></span> <span class='ocrx_word' id='word_1_29' title='bbox 514 593 631 653; x_wconf 87' lang='lat' dir='ltr'><strong>nomine</strong></span> <span class='ocrx_word' id='word_1_30' title='bbox 655 612 727 673; x_wconf 91' lang='lat' dir='ltr'><strong>opes</strong></span> <span class='ocrx_word' id='word_1_31' title='bbox 749 611 864 652; x_wconf 89' lang='lat' dir='ltr'><strong>mecum</strong></span> <span class='ocrx_word' id='word_1_32' title='bbox 878 587 1080 672; x_wconf 87' lang='lat' dir='ltr'><strong>permutaturi.</strong></span> <span class='ocrx_word' id='word_1_33' title='bbox 1121 587 1166 645; x_wconf 81' lang='lat' dir='ltr'><strong>Ac</strong></span> <span class='ocrx_word' id='word_1_34' title='bbox 1179 601 1289 642; x_wconf 86' lang='lat' dir='ltr'><strong>nornen</strong></span> 
     </span>
     <span class='ocr_line' id='line_1_5' title="bbox 185 677 1289 764; baseline -0.013 -18"><span class='ocrx_word' id='word_1_35' title='bbox 185 685 303 763; x_wconf 87' lang='lat' dir='ltr'><strong>quidem</strong></span> <span class='ocrx_word' id='word_1_36' title='bbox 317 685 367 746; x_wconf 90' lang='lat' dir='ltr'><strong>ille</strong></span> <span class='ocrx_word' id='word_1_37' title='bbox 381 685 635 759; x_wconf 73' lang='lat' dir='ltr'><strong>accommodabat,</strong></span> <span class='ocrx_word' id='word_1_38' title='bbox 648 693 678 744; x_wconf 89' lang='lat' dir='ltr'><strong>et</strong></span> <span class='ocrx_word' id='word_1_39' title='bbox 702 694 765 744; x_wconf 90' lang='lat' dir='ltr'><strong>erat</strong></span> <span class='ocrx_word' id='word_1_40' title='bbox 787 684 811 754; x_wconf 91' lang='lat' dir='ltr'><strong>is</strong></span> <span class='ocrx_word' id='word_1_41' title='bbox 834 683 885 764; x_wconf 91' lang='lat' dir='ltr'><strong>qui</strong></span> <span class='ocrx_word' id='word_1_42' title='bbox 904 702 975 763; x_wconf 90' lang='lat' dir='ltr'><strong>opes</strong></span> <span class='ocrx_word' id='word_1_43' title='bbox 990 687 1181 762; x_wconf 81' lang='lat' dir='ltr'>permutaret,</span> <span class='ocrx_word' id='word_1_44' title='bbox 1194 677 1289 735; x_wconf 87' lang='lat' dir='ltr'><strong>Thra-</strong></span> 
     </span>
     <span class='ocr_line' id='line_1_6' title="bbox 187 769 1303 858; baseline -0.017 -13"><span class='ocrx_word' id='word_1_45' title='bbox 187 778 343 858; x_wconf 73' lang='lat' dir='ltr'><strong>rytochur:</strong></span> <span class='ocrx_word' id='word_1_46' title='bbox 364 799 411 840; x_wconf 87' lang='lat' dir='ltr'><strong>res</strong></span> <span class='ocrx_word' id='word_1_47' title='bbox 424 798 493 839; x_wconf 86' lang='lat' dir='ltr'><strong>vero</strong></span> <span class='ocrx_word' id='word_1_48' title='bbox 506 779 581 858; x_wconf 90' lang='lat' dir='ltr'><strong>ipsa,</strong></span> <span class='ocrx_word' id='word_1_49' title='bbox 596 787 627 837; x_wconf 86' lang='lat' dir='ltr'><strong>et</strong></span> <span class='ocrx_word' id='word_1_50' title='bbox 639 777 729 839; x_wconf 87' lang='lat' dir='ltr'><strong>totius</strong></span> <span class='ocrx_word' id='word_1_51' title='bbox 741 776 783 836; x_wconf 90' lang='lat' dir='ltr'><strong>rei</strong></span> <span class='ocrx_word' id='word_1_52' title='bbox 802 775 1014 850; x_wconf 77' lang='lat' dir='ltr'><strong>administratio</strong></span> <span class='ocrx_word' id='word_1_53' title='bbox 1027 771 1113 832; x_wconf 89' lang='lat' dir='ltr'><strong>istius</strong></span> <span class='ocrx_word' id='word_1_54' title='bbox 1126 780 1197 830; x_wconf 88' lang='lat' dir='ltr'><strong>erat.</strong></span> <span class='ocrx_word' id='word_1_55' title='bbox 1240 769 1303 842; x_wconf 36' lang='lat' dir='ltr'><strong>Aa,</strong></span> 
     </span>
     <span class='ocr_line' id='line_1_7' title="bbox 119 861 1290 963; baseline -0.011 -30"><span class='ocrx_word' id='word_1_56' title='bbox 119 863 142 888; x_wconf 76' lang='lat'><strong>&#39;&#39;</strong></span> <span class='ocrx_word' id='word_1_57' title='bbox 187 871 310 950; x_wconf 92' lang='lat' dir='ltr'><strong>primum</strong></span> <span class='ocrx_word' id='word_1_58' title='bbox 321 871 398 932; x_wconf 83' lang='lat' dir='ltr'><strong>sores</strong></span> <span class='ocrx_word' id='word_1_59' title='bbox 413 871 532 943; x_wconf 82' lang='lat' dir='ltr'><strong>redium,</strong></span> <span class='ocrx_word' id='word_1_60' title='bbox 547 879 581 930; x_wconf 92' lang='lat' dir='ltr'><strong>ut</strong></span> <span class='ocrx_word' id='word_1_61' title='bbox 602 890 667 949; x_wconf 84' lang='lat' dir='ltr'><strong>quae</strong></span> <span class='ocrx_word' id='word_1_62' title='bbox 684 871 746 950; x_wconf 90' lang='lat' dir='ltr'><strong>jam</strong></span> <span class='ocrx_word' id='word_1_63' title='bbox 772 869 817 928; x_wconf 90' lang='lat' dir='ltr'><strong>sui</strong></span> <span class='ocrx_word' id='word_1_64' title='bbox 837 869 911 950; x_wconf 81' lang='lat' dir='ltr'><strong>juris</strong></span> <span class='ocrx_word' id='word_1_65' title='bbox 929 869 1043 930; x_wconf 88' lang='lat' dir='ltr'><strong>ratione</strong></span> <span class='ocrx_word' id='word_1_66' title='bbox 1066 861 1290 963; x_wconf 64' lang='lat' dir='ltr'><strong>permupationis</strong></span> 
     </span>
     <span class='ocr_line' id='line_1_8' title="bbox 186 954 1290 1037; baseline -0.009 -16"><span class='ocrx_word' id='word_1_67' title='bbox 186 962 274 1024; x_wconf 78' lang='lat' dir='ltr'><strong>factae</strong></span> <span class='ocrx_word' id='word_1_68' title='bbox 284 973 393 1037; x_wconf 85' lang='lat' dir='ltr'><strong>essent,</strong></span> <span class='ocrx_word' id='word_1_69' title='bbox 407 963 586 1025; x_wconf 86' lang='lat' dir='ltr'><strong>diffiderunt.</strong></span> <span class='ocrx_word' id='word_1_70' title='bbox 629 962 745 1023; x_wconf 90' lang='lat' dir='ltr'><strong>Deinde</strong></span> <span class='ocrx_word' id='word_1_71' title='bbox 768 982 835 1021; x_wconf 92' lang='lat' dir='ltr'><strong>cum</strong></span> <span class='ocrx_word' id='word_1_72' title='bbox 859 981 939 1021; x_wconf 92' lang='lat' dir='ltr'><strong>soror</strong></span> <span class='ocrx_word' id='word_1_73' title='bbox 953 960 1042 1022; x_wconf 87' lang='lat' dir='ltr'><strong>etiam</strong></span> <span class='ocrx_word' id='word_1_74' title='bbox 1055 967 1196 1018; x_wconf 90' lang='lat' dir='ltr'><strong>meatum</strong></span> <span class='ocrx_word' id='word_1_75' title='bbox 1210 954 1290 1014; x_wconf 90' lang='lat' dir='ltr'><strong>intus</strong></span> 
     </span>
     <span class='ocr_line' id='line_1_9' title="bbox 191 1046 1291 1136; baseline -0.011 -20"><span class='ocrx_word' id='word_1_76' title='bbox 191 1064 281 1128; x_wconf 85' lang='lat' dir='ltr'><strong>esset,</strong></span> <span class='ocrx_word' id='word_1_77' title='bbox 296 1056 394 1136; x_wconf 90' lang='lat' dir='ltr'><strong>puella</strong></span> <span class='ocrx_word' id='word_1_78' title='bbox 407 1055 515 1126; x_wconf 88' lang='lat' dir='ltr'><strong>adhuc,</strong></span> <span class='ocrx_word' id='word_1_79' title='bbox 531 1074 629 1116; x_wconf 89' lang='lat' dir='ltr'><strong>coram</strong></span> <span class='ocrx_word' id='word_1_80' title='bbox 640 1054 814 1134; x_wconf 82' lang='lat' dir='ltr'><strong>virguncula</strong></span> <span class='ocrx_word' id='word_1_81' title='bbox 821 1056 962 1114; x_wconf 83' lang='lat' dir='ltr'><strong>obscaena</strong></span> <span class='ocrx_word' id='word_1_82' title='bbox 969 1053 1060 1113; x_wconf 87' lang='lat' dir='ltr'><strong>locuti</strong></span> <span class='ocrx_word' id='word_1_83' title='bbox 1074 1059 1152 1122; x_wconf 88' lang='lat' dir='ltr'><strong>sunt,</strong></span> <span class='ocrx_word' id='word_1_84' title='bbox 1166 1057 1196 1108; x_wconf 90' lang='lat' dir='ltr'><strong>et</strong></span> <span class='ocrx_word' id='word_1_85' title='bbox 1209 1046 1291 1116; x_wconf 89' lang='lat' dir='ltr'><strong>talia,</strong></span> 
     </span>
     <span class='ocr_line' id='line_1_10' title="bbox 189 1140 1292 1229; baseline -0.009 -21"><span class='ocrx_word' id='word_1_86' title='bbox 189 1149 288 1228; x_wconf 89' lang='lat' dir='ltr'><strong>qualia</strong></span> <span class='ocrx_word' id='word_1_87' title='bbox 300 1149 331 1208; x_wconf 93' lang='lat' dir='ltr'><strong>id</strong></span> <span class='ocrx_word' id='word_1_88' title='bbox 345 1169 438 1229; x_wconf 83' lang='lat' dir='ltr'><strong>genua</strong></span> <span class='ocrx_word' id='word_1_89' title='bbox 447 1149 597 1210; x_wconf 88' lang='lat' dir='ltr'><strong>homiuum</strong></span> <span class='ocrx_word' id='word_1_90' title='bbox 609 1148 695 1208; x_wconf 85' lang='lat' dir='ltr'><strong>solet.</strong></span> <span class='ocrx_word' id='word_1_91' title='bbox 738 1147 803 1207; x_wconf 86' lang='lat' dir='ltr'><strong>Nec</strong></span> <span class='ocrx_word' id='word_1_92' title='bbox 817 1147 895 1206; x_wconf 87' lang='lat' dir='ltr'><strong>enirn</strong></span> <span class='ocrx_word' id='word_1_93' title='bbox 909 1168 965 1227; x_wconf 82' lang='lat' dir='ltr'><strong>ego</strong></span> <span class='ocrx_word' id='word_1_94' title='bbox 979 1167 1027 1206; x_wconf 91' lang='lat' dir='ltr'><strong>me</strong></span> <span class='ocrx_word' id='word_1_95' title='bbox 1040 1163 1168 1224; x_wconf 87' lang='lat' dir='ltr'><strong>unquam</strong></span> <span class='ocrx_word' id='word_1_96' title='bbox 1183 1140 1292 1201; x_wconf 86' lang='lat' dir='ltr'><strong>adduci</strong></span> 
     </span>
     <span class='ocr_line' id='line_1_11' title="bbox 187 1240 1294 1322; baseline -0.01 -20"><span class='ocrx_word' id='word_1_97' title='bbox 187 1243 293 1316; x_wconf 85' lang='lat' dir='ltr'><strong>sinam,</strong></span> <span class='ocrx_word' id='word_1_98' title='bbox 305 1253 340 1303; x_wconf 91' lang='lat' dir='ltr'><strong>ut</strong></span> <span class='ocrx_word' id='word_1_99' title='bbox 353 1243 507 1322; x_wconf 89' lang='lat' dir='ltr'><strong>quicquam</strong></span> <span class='ocrx_word' id='word_1_100' title='bbox 522 1253 585 1302; x_wconf 93' lang='lat' dir='ltr'><strong>tum</strong></span> <span class='ocrx_word' id='word_1_101' title='bbox 600 1243 711 1302; x_wconf 90' lang='lat' dir='ltr'><strong>dictum</strong></span> <span class='ocrx_word' id='word_1_102' title='bbox 726 1241 806 1321; x_wconf 90' lang='lat' dir='ltr'><strong>apud</strong></span> <span class='ocrx_word' id='word_1_103' title='bbox 819 1261 873 1301; x_wconf 87' lang='lat' dir='ltr'><strong>vos</strong></span> <span class='ocrx_word' id='word_1_104' title='bbox 892 1242 1025 1302; x_wconf 80' lang='lat' dir='ltr'><strong>reseram.</strong></span> <span class='ocrx_word' id='word_1_105' title='bbox 1068 1240 1113 1297; x_wconf 87' lang='lat' dir='ltr'><strong>Ao</strong></span> <span class='ocrx_word' id='word_1_106' title='bbox 1124 1245 1250 1296; x_wconf 85' lang='lat' dir='ltr'><strong>matrem</strong></span> <span class='ocrx_word' id='word_1_107' title='bbox 1263 1241 1294 1292; x_wconf 91' lang='lat' dir='ltr'><strong>et</strong></span> 
     </span>
     <span class='ocr_line' id='line_1_12' title="bbox 167 1329 1294 1422; baseline -0.011 -26"><span class='ocrx_word' id='word_1_108' title='bbox 167 1355 293 1422; x_wconf 37' lang='lat' dir='ltr'><strong>&#39;omnes</strong></span> <span class='ocrx_word' id='word_1_109' title='bbox 313 1357 372 1398; x_wconf 90' lang='lat' dir='ltr'><strong>non</strong></span> <span class='ocrx_word' id='word_1_110' title='bbox 393 1336 490 1396; x_wconf 85' lang='lat' dir='ltr'><strong>fandis</strong></span> <span class='ocrx_word' id='word_1_111' title='bbox 512 1345 542 1396; x_wconf 88' lang='lat' dir='ltr'><strong>et</strong></span> <span class='ocrx_word' id='word_1_112' title='bbox 562 1336 690 1395; x_wconf 81' lang='lat' dir='ltr'><strong>infandis</strong></span> <span class='ocrx_word' id='word_1_113' title='bbox 705 1333 845 1395; x_wconf 79' lang='lat' dir='ltr'><strong>conviciis</strong></span> <span class='ocrx_word' id='word_1_114' title='bbox 866 1334 1079 1411; x_wconf 78' lang='lat' dir='ltr'><strong>prosciderunt.</strong></span> <span class='ocrx_word' id='word_1_115' title='bbox 1121 1329 1211 1398; x_wconf 84' lang='lat' dir='ltr'><strong>Quod</strong></span> <span class='ocrx_word' id='word_1_116' title='bbox 1224 1345 1294 1387; x_wconf 87' lang='lat' dir='ltr'><strong>vero</strong></span> 
     </span>
     <span class='ocr_line' id='line_1_13' title="bbox 191 1414 1306 1514; baseline -0.012 -24"><span class='ocrx_word' id='word_1_117' title='bbox 191 1427 393 1514; x_wconf 82' lang='lat' dir='ltr'><strong>gravissimum</strong></span> <span class='ocrx_word' id='word_1_118' title='bbox 408 1438 464 1500; x_wconf 88' lang='lat' dir='ltr'><strong>est,</strong></span> <span class='ocrx_word' id='word_1_119' title='bbox 478 1437 509 1487; x_wconf 88' lang='lat' dir='ltr'><strong>et</strong></span> <span class='ocrx_word' id='word_1_120' title='bbox 523 1427 584 1507; x_wconf 91' lang='lat' dir='ltr'><strong>jam</strong></span> <span class='ocrx_word' id='word_1_121' title='bbox 608 1446 670 1487; x_wconf 93' lang='lat' dir='ltr'><strong>non</strong></span> <span class='ocrx_word' id='word_1_122' title='bbox 689 1427 811 1500; x_wconf 91' lang='lat' dir='ltr'><strong>dictum,</strong></span> <span class='ocrx_word' id='word_1_123' title='bbox 824 1425 878 1485; x_wconf 91' lang='lat' dir='ltr'><strong>sed</strong></span> <span class='ocrx_word' id='word_1_124' title='bbox 891 1416 1022 1486; x_wconf 82' lang='lat' dir='ltr'><strong>factum:</strong></span> <span class='ocrx_word' id='word_1_125' title='bbox 1043 1414 1126 1502; x_wconf 87' lang='lat' dir='ltr'><strong>quasi</strong></span> <span class='ocrx_word' id='word_1_126' title='bbox 1140 1439 1227 1480; x_wconf 89' lang='lat' dir='ltr'><strong>suurn</strong></span> <span class='ocrx_word' id='word_1_127' title='bbox 1240 1439 1306 1508; x_wconf 62' lang='lat' dir='ltr'><strong>ne7¹</strong></span> 
     </span>
     <span class='ocr_line' id='line_1_14' title="bbox 191 1517 1294 1600; baseline -0.011 -18"><span class='ocrx_word' id='word_1_128' title='bbox 191 1521 303 1600; x_wconf 80' lang='lat' dir='ltr'><strong>gotium</strong></span> <span class='ocrx_word' id='word_1_129' title='bbox 317 1530 464 1600; x_wconf 84' lang='lat' dir='ltr'><strong>ageretur,</strong></span> <span class='ocrx_word' id='word_1_130' title='bbox 473 1529 586 1580; x_wconf 88' lang='lat' dir='ltr'><strong>tutores</strong></span> <span class='ocrx_word' id='word_1_131' title='bbox 596 1519 710 1599; x_wconf 88' lang='lat' dir='ltr'><strong>judicio</strong></span> <span class='ocrx_word' id='word_1_132' title='bbox 721 1517 889 1577; x_wconf 82' lang='lat' dir='ltr'><strong>liberarunt.</strong></span> <span class='ocrx_word' id='word_1_133' title='bbox 918 1517 993 1576; x_wconf 81' lang='lat' dir='ltr'><strong>Haeo</strong></span> <span class='ocrx_word' id='word_1_134' title='bbox 1005 1533 1173 1594; x_wconf 87' lang='lat' dir='ltr'><strong>quanquam</strong></span> <span class='ocrx_word' id='word_1_135' title='bbox 1182 1521 1294 1584; x_wconf 86' lang='lat' dir='ltr'><strong>vetera,</strong></span> 
     </span>
     <span class='ocr_line' id='line_1_15' title="bbox 192 1606 1295 1694; baseline -0.01 -17"><span class='ocrx_word' id='word_1_136' title='bbox 192 1615 335 1694; x_wconf 87' lang='lat' dir='ltr'><strong>quosdam</strong></span> <span class='ocrx_word' id='word_1_137' title='bbox 348 1623 448 1674; x_wconf 90' lang='lat' dir='ltr'><strong>tamen</strong></span> <span class='ocrx_word' id='word_1_138' title='bbox 462 1633 478 1673; x_wconf 90' lang='lat' dir='ltr'><strong>e</strong></span> <span class='ocrx_word' id='word_1_139' title='bbox 491 1612 575 1673; x_wconf 86' lang='lat' dir='ltr'><strong>vobis</strong></span> <span class='ocrx_word' id='word_1_140' title='bbox 596 1611 742 1672; x_wconf 86' lang='lat' dir='ltr'><strong>recordari</strong></span> <span class='ocrx_word' id='word_1_141' title='bbox 766 1621 849 1692; x_wconf 85' lang='lat' dir='ltr'><strong>puto.</strong></span> <span class='ocrx_word' id='word_1_142' title='bbox 891 1611 971 1671; x_wconf 88' lang='lat' dir='ltr'><strong>Tota</strong></span> <span class='ocrx_word' id='word_1_143' title='bbox 990 1612 1067 1671; x_wconf 85' lang='lat' dir='ltr'><strong>enim</strong></span> <span class='ocrx_word' id='word_1_144' title='bbox 1088 1609 1191 1669; x_wconf 85' lang='lat' dir='ltr'><strong>civitas</strong></span> <span class='ocrx_word' id='word_1_145' title='bbox 1213 1606 1295 1666; x_wconf 91' lang='lat' dir='ltr'><strong>illam</strong></span> 
     </span>
     <span class='ocr_line' id='line_1_16' title="bbox 191 1703 1295 1789; baseline -0.008 -20"><span class='ocrx_word' id='word_1_146' title='bbox 191 1709 445 1789; x_wconf 82' lang='lat' dir='ltr'><strong>permutationem,</strong></span> <span class='ocrx_word' id='word_1_147' title='bbox 461 1715 491 1766; x_wconf 88' lang='lat' dir='ltr'><strong>et</strong></span> <span class='ocrx_word' id='word_1_148' title='bbox 513 1706 590 1766; x_wconf 88' lang='lat' dir='ltr'><strong>illius</strong></span> <span class='ocrx_word' id='word_1_149' title='bbox 611 1706 751 1786; x_wconf 88' lang='lat' dir='ltr'><strong>temporis</strong></span> <span class='ocrx_word' id='word_1_150' title='bbox 775 1704 909 1776; x_wconf 88' lang='lat' dir='ltr'><strong>insidias,</strong></span> <span class='ocrx_word' id='word_1_151' title='bbox 924 1715 954 1765; x_wconf 93' lang='lat' dir='ltr'><strong>et</strong></span> <span class='ocrx_word' id='word_1_152' title='bbox 966 1703 1156 1785; x_wconf 82' lang='lat' dir='ltr'><strong>petulantiam</strong></span> <span class='ocrx_word' id='word_1_153' title='bbox 1171 1703 1295 1762; x_wconf 88' lang='lat' dir='ltr'><strong>istorum</strong></span> 
     </span>
     <span class='ocr_line' id='line_1_17' title="bbox 193 1795 1297 1880; baseline -0.009 -18"><span class='ocrx_word' id='word_1_154' title='bbox 193 1801 341 1880; x_wconf 78' lang='lat' dir='ltr'><strong>cognorit.</strong></span> <span class='ocrx_word' id='word_1_155' title='bbox 381 1799 480 1880; x_wconf 81' lang='lat' dir='ltr'><strong>Atque</strong></span> <span class='ocrx_word' id='word_1_156' title='bbox 501 1817 558 1877; x_wconf 83' lang='lat' dir='ltr'><strong>ego</strong></span> <span class='ocrx_word' id='word_1_157' title='bbox 578 1807 642 1857; x_wconf 90' lang='lat' dir='ltr'><strong>tum</strong></span> <span class='ocrx_word' id='word_1_158' title='bbox 666 1798 783 1857; x_wconf 90' lang='lat' dir='ltr'><strong>omnino</strong></span> <span class='ocrx_word' id='word_1_159' title='bbox 805 1797 963 1858; x_wconf 88' lang='lat' dir='ltr'><strong>destitutus</strong></span> <span class='ocrx_word' id='word_1_160' title='bbox 991 1815 1049 1877; x_wconf 86' lang='lat' dir='ltr'><strong>ope</strong></span> <span class='ocrx_word' id='word_1_161' title='bbox 1071 1795 1244 1864; x_wconf 86' lang='lat' dir='ltr'><strong>amicorum,</strong></span> <span class='ocrx_word' id='word_1_162' title='bbox 1267 1803 1297 1853; x_wconf 92' lang='lat' dir='ltr'><strong>et</strong></span> 
     </span>
     <span class='ocr_line' id='line_1_18' title="bbox 193 1888 1296 1971; baseline -0.013 -13"><span class='ocrx_word' id='word_1_163' title='bbox 193 1894 353 1958; x_wconf 78' lang='lat' dir='ltr'><strong>admodum</strong></span> <span class='ocrx_word' id='word_1_164' title='bbox 367 1890 616 1964; x_wconf 84' lang='lat' dir='ltr'><strong>adolescentulus,</strong></span> <span class='ocrx_word' id='word_1_165' title='bbox 630 1901 663 1949; x_wconf 92' lang='lat' dir='ltr'><strong>ut</strong></span> <span class='ocrx_word' id='word_1_166' title='bbox 676 1909 714 1949; x_wconf 89' lang='lat' dir='ltr'><strong>ne</strong></span> <span class='ocrx_word' id='word_1_167' title='bbox 732 1890 777 1949; x_wconf 90' lang='lat' dir='ltr'><strong>his</strong></span> <span class='ocrx_word' id='word_1_168' title='bbox 792 1911 859 1970; x_wconf 84' lang='lat' dir='ltr'><strong>quae</strong></span> <span class='ocrx_word' id='word_1_169' title='bbox 873 1891 952 1971; x_wconf 91' lang='lat' dir='ltr'><strong>apud</strong></span> <span class='ocrx_word' id='word_1_170' title='bbox 966 1899 1116 1949; x_wconf 80' lang='lat' dir='ltr'><strong>curatores</strong></span> <span class='ocrx_word' id='word_1_171' title='bbox 1137 1888 1296 1958; x_wconf 91' lang='lat' dir='ltr'><strong>habebam,</strong></span> 
     </span>
     <span class='ocr_line' id='line_1_19' title="bbox 195 1982 1297 2067; baseline -0.008 -21"><span class='ocrx_word' id='word_1_172' title='bbox 195 1987 333 2067; x_wconf 82' lang='lat' dir='ltr'><strong>privarer,</strong></span> <span class='ocrx_word' id='word_1_173' title='bbox 348 2004 415 2046; x_wconf 90' lang='lat' dir='ltr'><strong>cum</strong></span> <span class='ocrx_word' id='word_1_174' title='bbox 429 2003 477 2044; x_wconf 89' lang='lat' dir='ltr'><strong>me</strong></span> <span class='ocrx_word' id='word_1_175' title='bbox 490 1993 675 2062; x_wconf 85' lang='lat' dir='ltr'><strong>recepturum</strong></span> <span class='ocrx_word' id='word_1_176' title='bbox 694 1992 895 2062; x_wconf 86' lang='lat' dir='ltr'><strong>exspectarem</strong></span> <span class='ocrx_word' id='word_1_177' title='bbox 911 2003 971 2042; x_wconf 92' lang='lat' dir='ltr'><strong>non</strong></span> <span class='ocrx_word' id='word_1_178' title='bbox 982 1982 1139 2054; x_wconf 79' lang='lat' dir='ltr'><strong>tantillum,</strong></span> <span class='ocrx_word' id='word_1_179' title='bbox 1153 1988 1297 2060; x_wconf 86' lang='lat' dir='ltr'><strong>quantum</strong></span> 
     </span>
     <span class='ocr_line' id='line_1_20' title="bbox 195 2070 1298 2159; baseline -0.005 -21"><span class='ocrx_word' id='word_1_180' title='bbox 195 2097 369 2159; x_wconf 87' lang='lat' dir='ltr'><strong>recuperare</strong></span> <span class='ocrx_word' id='word_1_181' title='bbox 387 2076 481 2156; x_wconf 90' lang='lat' dir='ltr'><strong>potui,</strong></span> <span class='ocrx_word' id='word_1_182' title='bbox 497 2076 552 2136; x_wconf 87' lang='lat' dir='ltr'><strong>sed</strong></span> <span class='ocrx_word' id='word_1_183' title='bbox 567 2086 627 2138; x_wconf 89' lang='lat' dir='ltr'><strong>tam</strong></span> <span class='ocrx_word' id='word_1_184' title='bbox 641 2077 744 2150; x_wconf 86' lang='lat' dir='ltr'><strong>multa,</strong></span> <span class='ocrx_word' id='word_1_185' title='bbox 759 2096 846 2155; x_wconf 89' lang='lat' dir='ltr'><strong>quam</strong></span> <span class='ocrx_word' id='word_1_186' title='bbox 868 2070 968 2136; x_wconf 80' lang='lat' dir='ltr'><strong>miritis</strong></span> <span class='ocrx_word' id='word_1_187' title='bbox 988 2096 1035 2136; x_wconf 90' lang='lat' dir='ltr'><strong>me</strong></span> <span class='ocrx_word' id='word_1_188' title='bbox 1048 2075 1217 2134; x_wconf 86' lang='lat' dir='ltr'><strong>fraudatum</strong></span> <span class='ocrx_word' id='word_1_189' title='bbox 1231 2091 1298 2132; x_wconf 88' lang='lat' dir='ltr'><strong>esse</strong></span> 
     </span>
     <span class='ocr_line' id='line_1_21' title="bbox 196 2168 1144 2248; baseline -0.012 -12"><span class='ocrx_word' id='word_1_190' title='bbox 196 2191 309 2244; x_wconf 87' lang='lat' dir='ltr'><strong>noram,</strong></span> <span class='ocrx_word' id='word_1_191' title='bbox 321 2172 361 2230; x_wconf 92' lang='lat' dir='ltr'><strong>do</strong></span> <span class='ocrx_word' id='word_1_192' title='bbox 374 2169 437 2230; x_wconf 87' lang='lat' dir='ltr'><strong>istis</strong></span> <span class='ocrx_word' id='word_1_193' title='bbox 450 2169 551 2248; x_wconf 83' lang='lat' dir='ltr'><strong>viginti</strong></span> <span class='ocrx_word' id='word_1_194' title='bbox 564 2169 669 2241; x_wconf 88' lang='lat' dir='ltr'><strong>minas,</strong></span> <span class='ocrx_word' id='word_1_195' title='bbox 683 2169 784 2248; x_wconf 90' lang='lat' dir='ltr'><strong>quanti</strong></span> <span class='ocrx_word' id='word_1_196' title='bbox 795 2168 992 2229; x_wconf 87' lang='lat' dir='ltr'><strong>trierarchiam</strong></span> <span class='ocrx_word' id='word_1_197' title='bbox 1002 2169 1144 2228; x_wconf 85' lang='lat' dir='ltr'><strong>locarant.</strong></span> 
     </span>
    </p>

    <p class='ocr_par' dir='ltr' id='par_1_3' title="bbox 193 2259 1318 3368">
     <span class='ocr_line' id='line_1_22' title="bbox 238 2259 1302 2341; baseline -0.006 -17"><span class='ocrx_word' id='word_1_198' title='bbox 238 2268 288 2326; x_wconf 76' lang='lat'><strong>24.</strong></span> <span class='ocrx_word' id='word_1_199' title='bbox 311 2265 360 2324; x_wconf 78' lang='lat' dir='ltr'><strong>Ao</strong></span> <span class='ocrx_word' id='word_1_200' title='bbox 372 2263 487 2325; x_wconf 89' lang='lat' dir='ltr'><strong>illorum</strong></span> <span class='ocrx_word' id='word_1_201' title='bbox 500 2261 577 2321; x_wconf 90' lang='lat' dir='ltr'><strong>illius</strong></span> <span class='ocrx_word' id='word_1_202' title='bbox 590 2261 729 2341; x_wconf 88' lang='lat' dir='ltr'><strong>temporis</strong></span> <span class='ocrx_word' id='word_1_203' title='bbox 750 2261 779 2320; x_wconf 90' lang='lat' dir='ltr'><strong>in</strong></span> <span class='ocrx_word' id='word_1_204' title='bbox 802 2281 850 2321; x_wconf 91' lang='lat' dir='ltr'><strong>me</strong></span> <span class='ocrx_word' id='word_1_205' title='bbox 868 2261 991 2340; x_wconf 81' lang='lat' dir='ltr'><strong>injuriae,</strong></span> <span class='ocrx_word' id='word_1_206' title='bbox 1003 2263 1051 2320; x_wconf 88' lang='lat' dir='ltr'><strong>hae</strong></span> <span class='ocrx_word' id='word_1_207' title='bbox 1067 2270 1146 2321; x_wconf 86' lang='lat' dir='ltr'><strong>sunt.</strong></span> <span class='ocrx_word' id='word_1_208' title='bbox 1189 2259 1302 2322; x_wconf 79' lang='lat' dir='ltr'><strong>Postea</strong></span> 
     </span>
     <span class='ocr_line' id='line_1_23' title="bbox 198 2343 1301 2430; baseline -0.008 -11"><span class='ocrx_word' id='word_1_209' title='bbox 198 2377 277 2430; x_wconf 84' lang='lat' dir='ltr'><strong>vero,</strong></span> <span class='ocrx_word' id='word_1_210' title='bbox 291 2356 371 2416; x_wconf 89' lang='lat' dir='ltr'><strong>dicta</strong></span> <span class='ocrx_word' id='word_1_211' title='bbox 382 2355 423 2415; x_wconf 88' lang='lat' dir='ltr'><strong>illi</strong></span> <span class='ocrx_word' id='word_1_212' title='bbox 438 2355 485 2416; x_wconf 89' lang='lat' dir='ltr'><strong>die</strong></span> <span class='ocrx_word' id='word_1_213' title='bbox 500 2356 538 2414; x_wconf 95' lang='lat' dir='ltr'><strong>ob</strong></span> <span class='ocrx_word' id='word_1_214' title='bbox 553 2354 720 2428; x_wconf 88' lang='lat' dir='ltr'><strong>maledicta,</strong></span> <span class='ocrx_word' id='word_1_215' title='bbox 735 2343 886 2414; x_wconf 87' lang='lat' dir='ltr'><strong>absentem</strong></span> <span class='ocrx_word' id='word_1_216' title='bbox 901 2354 1047 2416; x_wconf 86' lang='lat' dir='ltr'><strong>damnari.</strong></span> <span class='ocrx_word' id='word_1_217' title='bbox 1088 2353 1153 2413; x_wconf 88' lang='lat' dir='ltr'><strong>Nec</strong></span> <span class='ocrx_word' id='word_1_218' title='bbox 1168 2353 1245 2412; x_wconf 90' lang='lat' dir='ltr'><strong>enim</strong></span> <span class='ocrx_word' id='word_1_219' title='bbox 1262 2349 1301 2411; x_wconf 85' lang='lat' dir='ltr'><strong>ad</strong></span> 
     </span>
     <span class='ocr_line' id='line_1_24' title="bbox 193 2445 1318 2533; baseline -0.007 -20"><span class='ocrx_word' id='word_1_220' title='bbox 193 2451 338 2533; x_wconf 86' lang='lat' dir='ltr'><strong>judicium</strong></span> <span class='ocrx_word' id='word_1_221' title='bbox 351 2449 442 2510; x_wconf 89' lang='lat' dir='ltr'><strong>venit.</strong></span> <span class='ocrx_word' id='word_1_222' title='bbox 470 2448 604 2527; x_wconf 87' lang='lat' dir='ltr'><strong>Cumque</strong></span> <span class='ocrx_word' id='word_1_223' title='bbox 614 2447 780 2524; x_wconf 86' lang='lat' dir='ltr'><strong>judicatum</strong></span> <span class='ocrx_word' id='word_1_224' title='bbox 794 2467 853 2522; x_wconf 85' lang='lat' dir='ltr'><strong>non</strong></span> <span class='ocrx_word' id='word_1_225' title='bbox 867 2447 1012 2521; x_wconf 86' lang='lat' dir='ltr'><strong>solvisset,</strong></span> <span class='ocrx_word' id='word_1_226' title='bbox 1029 2447 1099 2507; x_wconf 88' lang='lat' dir='ltr'><strong>nihil</strong></span> <span class='ocrx_word' id='word_1_227' title='bbox 1114 2465 1211 2519; x_wconf 82' lang='lat' dir='ltr'><strong>rerum</strong></span> <span class='ocrx_word' id='word_1_228' title='bbox 1226 2445 1300 2526; x_wconf 87' lang='lat' dir='ltr'><strong>ejus,</strong></span> <span class='ocrx_word' id='word_1_229' title='bbox 1315 2471 1318 2478; x_wconf 66' lang='lat'><strong><em>¹</em></strong></span> 
     </span>
     <span class='ocr_line' id='line_1_25' title="bbox 199 2535 1302 2626; baseline -0.006 -21"><span class='ocrx_word' id='word_1_230' title='bbox 199 2545 280 2626; x_wconf 94' lang='lat' dir='ltr'><strong>quod</strong></span> <span class='ocrx_word' id='word_1_231' title='bbox 301 2543 371 2604; x_wconf 90' lang='lat' dir='ltr'><strong>mihi</strong></span> <span class='ocrx_word' id='word_1_232' title='bbox 391 2541 508 2612; x_wconf 86' lang='lat' dir='ltr'><strong>licebat,</strong></span> <span class='ocrx_word' id='word_1_233' title='bbox 521 2559 649 2620; x_wconf 89' lang='lat' dir='ltr'><strong>unquam</strong></span> <span class='ocrx_word' id='word_1_234' title='bbox 673 2540 766 2620; x_wconf 84' lang='lat' dir='ltr'><strong>attigi,</strong></span> <span class='ocrx_word' id='word_1_235' title='bbox 780 2559 881 2601; x_wconf 88' lang='lat' dir='ltr'><strong>rursus</strong></span> <span class='ocrx_word' id='word_1_236' title='bbox 901 2550 999 2600; x_wconf 84' lang='lat' dir='ltr'><strong>autem</strong></span> <span class='ocrx_word' id='word_1_237' title='bbox 1012 2540 1092 2600; x_wconf 91' lang='lat' dir='ltr'><strong>dicta</strong></span> <span class='ocrx_word' id='word_1_238' title='bbox 1103 2535 1144 2598; x_wconf 90' lang='lat' dir='ltr'><strong>illi</strong></span> <span class='ocrx_word' id='word_1_239' title='bbox 1159 2539 1207 2598; x_wconf 91' lang='lat' dir='ltr'><strong>die</strong></span> <span class='ocrx_word' id='word_1_240' title='bbox 1221 2538 1302 2598; x_wconf 89' lang='lat' dir='ltr'><strong>unde</strong></span> 
     </span>
     <span class='ocr_line' id='line_1_26' title="bbox 200 2632 1302 2714; baseline -0.008 -15"><span class='ocrx_word' id='word_1_241' title='bbox 200 2639 240 2711; x_wconf 82' lang='lat' dir='ltr'><strong>si,</strong></span> <span class='ocrx_word' id='word_1_242' title='bbox 261 2655 411 2714; x_wconf 89' lang='lat' dir='ltr'><strong>nunquam</strong></span> <span class='ocrx_word' id='word_1_243' title='bbox 434 2634 580 2694; x_wconf 88' lang='lat' dir='ltr'><strong>hactenus</strong></span> <span class='ocrx_word' id='word_1_244' title='bbox 602 2634 631 2693; x_wconf 92' lang='lat' dir='ltr'><strong>in</strong></span> <span class='ocrx_word' id='word_1_245' title='bbox 654 2633 733 2693; x_wconf 83' lang='lat' dir='ltr'><strong>huno</strong></span> <span class='ocrx_word' id='word_1_246' title='bbox 756 2655 852 2714; x_wconf 86' lang='lat' dir='ltr'><strong>usqae</strong></span> <span class='ocrx_word' id='word_1_247' title='bbox 874 2633 950 2693; x_wconf 88' lang='lat' dir='ltr'><strong>diem</strong></span> <span class='ocrx_word' id='word_1_248' title='bbox 972 2633 1128 2714; x_wconf 88' lang='lat' dir='ltr'><strong>impetrare</strong></span> <span class='ocrx_word' id='word_1_249' title='bbox 1154 2632 1302 2692; x_wconf 89' lang='lat' dir='ltr'><strong>actionem</strong></span> 
     </span>
     <span class='ocr_line' id='line_1_27' title="bbox 201 2725 1303 2811; baseline -0.005 -21"><span class='ocrx_word' id='word_1_250' title='bbox 201 2730 300 2811; x_wconf 78' lang='lat' dir='ltr'><strong>pomi:</strong></span> <span class='ocrx_word' id='word_1_251' title='bbox 321 2739 365 2789; x_wconf 87' lang='lat' dir='ltr'><strong>tot</strong></span> <span class='ocrx_word' id='word_1_252' title='bbox 377 2725 491 2788; x_wconf 86' lang='lat' dir='ltr'><strong>technis</strong></span> <span class='ocrx_word' id='word_1_253' title='bbox 506 2735 537 2785; x_wconf 85' lang='lat' dir='ltr'><strong>et</strong></span> <span class='ocrx_word' id='word_1_254' title='bbox 549 2727 644 2786; x_wconf 85' lang='lat' dir='ltr'><strong>causis</strong></span> <span class='ocrx_word' id='word_1_255' title='bbox 657 2726 781 2789; x_wconf 85' lang='lat' dir='ltr'><strong>subinde</strong></span> <span class='ocrx_word' id='word_1_256' title='bbox 797 2727 923 2786; x_wconf 84' lang='lat' dir='ltr'><strong>inventis</strong></span> <span class='ocrx_word' id='word_1_257' title='bbox 933 2726 988 2787; x_wconf 88' lang='lat' dir='ltr'><strong>iste</strong></span> <span class='ocrx_word' id='word_1_258' title='bbox 999 2726 1215 2806; x_wconf 66' lang='lat' dir='ltr'><strong>tergiversatur.</strong></span> <span class='ocrx_word' id='word_1_259' title='bbox 1259 2725 1303 2784; x_wconf 88' lang='lat' dir='ltr'><strong>Ac</strong></span> 
     </span>
     <span class='ocr_line' id='line_1_28' title="bbox 202 2818 1303 2904; baseline -0.002 -24"><span class='ocrx_word' id='word_1_260' title='bbox 202 2843 259 2904; x_wconf 82' lang='lat' dir='ltr'><strong>ego</strong></span> <span class='ocrx_word' id='word_1_261' title='bbox 272 2821 391 2902; x_wconf 89' lang='lat' dir='ltr'><strong>quidem</strong></span> <span class='ocrx_word' id='word_1_262' title='bbox 404 2821 447 2878; x_wconf 89' lang='lat' dir='ltr'><strong>ita</strong></span> <span class='ocrx_word' id='word_1_263' title='bbox 458 2819 631 2891; x_wconf 81' lang='lat' dir='ltr'><strong>verecunde,</strong></span> <span class='ocrx_word' id='word_1_264' title='bbox 642 2818 767 2898; x_wconf 80' lang='lat' dir='ltr'><strong>legibus,</strong></span> <span class='ocrx_word' id='word_1_265' title='bbox 776 2820 900 2901; x_wconf 81' lang='lat' dir='ltr'><strong>judicio,</strong></span> <span class='ocrx_word' id='word_1_266' title='bbox 915 2820 1014 2880; x_wconf 88' lang='lat' dir='ltr'><strong>omnia</strong></span> <span class='ocrx_word' id='word_1_267' title='bbox 1026 2819 1097 2879; x_wconf 86' lang='lat' dir='ltr'><strong>milri</strong></span> <span class='ocrx_word' id='word_1_268' title='bbox 1109 2839 1217 2879; x_wconf 87' lang='lat' dir='ltr'><strong>censeo</strong></span> <span class='ocrx_word' id='word_1_269' title='bbox 1230 2819 1303 2878; x_wconf 81' lang='lat' dir='ltr'><strong>faoi·</strong></span> 
     </span>
     <span class='ocr_line' id='line_1_29' title="bbox 203 2913 1306 2996; baseline -0.007 -17"><span class='ocrx_word' id='word_1_270' title='bbox 203 2917 290 2978; x_wconf 88' lang='lat' dir='ltr'><strong>anda.</strong></span> <span class='ocrx_word' id='word_1_271' title='bbox 332 2915 394 2974; x_wconf 89' lang='lat' dir='ltr'><strong>Iste</strong></span> <span class='ocrx_word' id='word_1_272' title='bbox 414 2922 523 2983; x_wconf 90' lang='lat' dir='ltr'><strong>autem,</strong></span> <span class='ocrx_word' id='word_1_273' title='bbox 538 2921 638 2972; x_wconf 81' lang='lat' dir='ltr'><strong>utros</strong></span> <span class='ocrx_word' id='word_1_274' title='bbox 658 2913 773 2996; x_wconf 84' lang='lat' dir='ltr'><strong>auditis,</strong></span> <span class='ocrx_word' id='word_1_275' title='bbox 797 2913 964 2994; x_wconf 85' lang='lat' dir='ltr'><strong>petulanter</strong></span> <span class='ocrx_word' id='word_1_276' title='bbox 988 2933 1047 2974; x_wconf 92' lang='lat' dir='ltr'><strong>non</strong></span> <span class='ocrx_word' id='word_1_277' title='bbox 1062 2913 1131 2984; x_wconf 85' lang='lat' dir='ltr'><strong>milri</strong></span> <span class='ocrx_word' id='word_1_278' title='bbox 1145 2922 1262 2972; x_wconf 86' lang='lat' dir='ltr'><strong>tantum</strong></span> <span class='ocrx_word' id='word_1_279' title='bbox 1276 2920 1306 2971; x_wconf 79' lang='lat' dir='ltr'><strong>et</strong></span> 
     </span>
     <span class='ocr_line' id='line_1_30' title="bbox 203 3003 1304 3088; baseline -0.01 -15"><span class='ocrx_word' id='word_1_280' title='bbox 203 3012 286 3083; x_wconf 84' lang='lat' dir='ltr'><strong>meis,</strong></span> <span class='ocrx_word' id='word_1_281' title='bbox 300 3008 354 3069; x_wconf 90' lang='lat' dir='ltr'><strong>sed</strong></span> <span class='ocrx_word' id='word_1_282' title='bbox 366 3017 397 3067; x_wconf 88' lang='lat' dir='ltr'><strong>et</strong></span> <span class='ocrx_word' id='word_1_283' title='bbox 408 3005 559 3065; x_wconf 91' lang='lat' dir='ltr'><strong>tribulibus</strong></span> <span class='ocrx_word' id='word_1_284' title='bbox 571 3003 642 3064; x_wconf 88' lang='lat' dir='ltr'><strong>meis</strong></span> <span class='ocrx_word' id='word_1_285' title='bbox 661 3005 862 3068; x_wconf 87' lang='lat' dir='ltr'><strong>insultandum</strong></span> <span class='ocrx_word' id='word_1_286' title='bbox 875 3005 990 3087; x_wconf 87' lang='lat' dir='ltr'><strong>putavit</strong></span> <span class='ocrx_word' id='word_1_287' title='bbox 1002 3017 1120 3088; x_wconf 91' lang='lat' dir='ltr'><strong>propter</strong></span> <span class='ocrx_word' id='word_1_288' title='bbox 1132 3025 1190 3066; x_wconf 87' lang='lat' dir='ltr'><strong>me.</strong></span> <span class='ocrx_word' id='word_1_289' title='bbox 1228 3005 1304 3063; x_wconf 81' lang='lat' dir='ltr'><strong>Haeo</strong></span> 
     </span>
     <span class='ocr_line' id='line_1_31' title="bbox 203 3098 1305 3179; baseline -0.008 -14"><span class='ocrx_word' id='word_1_290' title='bbox 203 3117 238 3165; x_wconf 88' lang='lat' dir='ltr'><strong>ut</strong></span> <span class='ocrx_word' id='word_1_291' title='bbox 249 3124 268 3168; x_wconf 89' lang='lat' dir='ltr'><strong>a</strong></span> <span class='ocrx_word' id='word_1_292' title='bbox 281 3123 329 3162; x_wconf 91' lang='lat' dir='ltr'><strong>me</strong></span> <span class='ocrx_word' id='word_1_293' title='bbox 342 3119 410 3162; x_wconf 88' lang='lat' dir='ltr'><strong>vere</strong></span> <span class='ocrx_word' id='word_1_294' title='bbox 431 3098 491 3160; x_wconf 90' lang='lat' dir='ltr'><strong>dici</strong></span> <span class='ocrx_word' id='word_1_295' title='bbox 512 3106 639 3168; x_wconf 87' lang='lat' dir='ltr'><strong>constet,</strong></span> <span class='ocrx_word' id='word_1_296' title='bbox 652 3118 729 3159; x_wconf 87' lang='lat' dir='ltr'><strong>roca</strong></span> <span class='ocrx_word' id='word_1_297' title='bbox 748 3098 819 3159; x_wconf 91' lang='lat' dir='ltr'><strong>mihi</strong></span> <span class='ocrx_word' id='word_1_298' title='bbox 841 3108 942 3174; x_wconf 87' lang='lat' dir='ltr'><strong>testes,</strong></span> <span class='ocrx_word' id='word_1_299' title='bbox 957 3111 991 3158; x_wconf 90' lang='lat' dir='ltr'><strong>ut</strong></span> <span class='ocrx_word' id='word_1_300' title='bbox 1013 3099 1120 3174; x_wconf 83' lang='lat' dir='ltr'><strong>sciatis,</strong></span> <span class='ocrx_word' id='word_1_301' title='bbox 1134 3099 1305 3179; x_wconf 88' lang='lat' dir='ltr'><strong>priusquam</strong></span> 
     </span>
     <span class='ocr_line' id='line_1_32' title="bbox 206 3190 1306 3273; baseline -0.003 -20"><span class='ocrx_word' id='word_1_302' title='bbox 206 3195 379 3259; x_wconf 78' lang='lat' dir='ltr'><strong>auctoritate</strong></span> <span class='ocrx_word' id='word_1_303' title='bbox 400 3192 500 3270; x_wconf 80' lang='lat' dir='ltr'><strong>legum</strong></span> <span class='ocrx_word' id='word_1_304' title='bbox 514 3201 627 3250; x_wconf 82' lang='lat' dir='ltr'><strong>veteres</strong></span> <span class='ocrx_word' id='word_1_305' title='bbox 641 3190 705 3271; x_wconf 88' lang='lat' dir='ltr'><strong>ejus</strong></span> <span class='ocrx_word' id='word_1_306' title='bbox 723 3191 842 3271; x_wconf 87' lang='lat' dir='ltr'><strong>injurias</strong></span> <span class='ocrx_word' id='word_1_307' title='bbox 861 3190 965 3253; x_wconf 86' lang='lat' dir='ltr'><strong>ulcisci</strong></span> <span class='ocrx_word' id='word_1_308' title='bbox 985 3211 1112 3273; x_wconf 87' lang='lat' dir='ltr'><strong>possem,</strong></span> <span class='ocrx_word' id='word_1_309' title='bbox 1126 3211 1173 3257; x_wconf 84' lang='lat' dir='ltr'><strong>me</strong></span> <span class='ocrx_word' id='word_1_310' title='bbox 1186 3192 1253 3253; x_wconf 89' lang='lat' dir='ltr'><strong>aliis</strong></span> <span class='ocrx_word' id='word_1_311' title='bbox 1270 3193 1306 3251; x_wconf 90' lang='lat' dir='ltr'><strong>ab</strong></span> 
     </span>
     <span class='ocr_line' id='line_1_33' title="bbox 207 3283 969 3368; baseline -0.008 -18"><span class='ocrx_word' id='word_1_312' title='bbox 207 3309 254 3363; x_wconf 88' lang='lat' dir='ltr'><strong>eo,</strong></span> <span class='ocrx_word' id='word_1_313' title='bbox 268 3287 372 3368; x_wconf 89' lang='lat' dir='ltr'><strong>quales</strong></span> <span class='ocrx_word' id='word_1_314' title='bbox 386 3283 521 3359; x_wconf 89' lang='lat' dir='ltr'><strong>audistis,</strong></span> <span class='ocrx_word' id='word_1_315' title='bbox 531 3284 790 3367; x_wconf 82' lang='lat' dir='ltr'><strong>essecontumeliis</strong></span> <span class='ocrx_word' id='word_1_316' title='bbox 805 3295 969 3346; x_wconf 88' lang='lat' dir='ltr'><strong>oneratum.</strong></span> 
     </span>
    </p>
   </div>
   <div class='ocr_carea' id='block_1_3' title="bbox 678 3475 837 3536">
    <p class='ocr_par' dir='ltr' id='par_1_4' title="bbox 678 3475 837 3536">
     <span class='ocr_line' id='line_1_34' title="bbox 678 3475 837 3536; baseline 0 -1"><span class='ocrx_word' id='word_1_317' title='bbox 678 3475 837 3536; x_wconf 87' lang='lat' dir='ltr'><strong>TESTES.</strong></span> 
     </span>
    </p>
   </div>
   <div class='ocr_carea' id='block_1_4' title="bbox 208 3591 1310 3893">
    <p class='ocr_par' dir='ltr' id='par_1_5' title="bbox 208 3591 1310 3893">
     <span class='ocr_line' id='line_1_35' title="bbox 240 3591 1308 3658; baseline -0.004 -12"><span class='ocrx_word' id='word_1_318' title='bbox 240 3595 397 3646; x_wconf 77' lang='lat' dir='ltr'><strong>Callisthenes</strong></span> <span class='ocrx_word' id='word_1_319' title='bbox 408 3593 538 3657; x_wconf 85' lang='lat' dir='ltr'><strong>Spbettins,</strong></span> <span class='ocrx_word' id='word_1_320' title='bbox 545 3593 678 3655; x_wconf 76' lang='lat' dir='ltr'><strong>Diognetus</strong></span> <span class='ocrx_word' id='word_1_321' title='bbox 688 3591 822 3651; x_wconf 74' lang='lat' dir='ltr'><strong>Thorioios,</strong></span> <span class='ocrx_word' id='word_1_322' title='bbox 833 3593 980 3643; x_wconf 77' lang='lat' dir='ltr'><strong>Mnesitheus</strong></span> <span class='ocrx_word' id='word_1_323' title='bbox 988 3594 1152 3658; x_wconf 80' lang='lat' dir='ltr'><strong>Alopecensis,</strong></span> <span class='ocrx_word' id='word_1_324' title='bbox 1162 3594 1252 3644; x_wconf 75' lang='lat' dir='ltr'><strong>acinus</strong></span> <span class='ocrx_word' id='word_1_325' title='bbox 1262 3597 1308 3644; x_wconf 90' lang='lat' dir='ltr'><strong>De·</strong></span> 
     </span>
     <span class='ocr_line' id='line_1_36' title="bbox 208 3669 1309 3735; baseline -0.002 -11"><span class='ocrx_word' id='word_1_326' title='bbox 208 3677 361 3731; x_wconf 82' lang='lat' dir='ltr'><strong>mosthenern,</strong></span> <span class='ocrx_word' id='word_1_327' title='bbox 370 3671 408 3720; x_wconf 89' lang='lat' dir='ltr'><strong>oui</strong></span> <span class='ocrx_word' id='word_1_328' title='bbox 415 3669 574 3719; x_wconf 86' lang='lat' dir='ltr'><strong>testimonium</strong></span> <span class='ocrx_word' id='word_1_329' title='bbox 584 3671 693 3728; x_wconf 85' lang='lat' dir='ltr'><strong>dicimus,</strong></span> <span class='ocrx_word' id='word_1_330' title='bbox 704 3672 784 3719; x_wconf 82' lang='lat' dir='ltr'><strong>Midiae</strong></span> <span class='ocrx_word' id='word_1_331' title='bbox 796 3672 858 3720; x_wconf 91' lang='lat' dir='ltr'><strong>diem</strong></span> <span class='ocrx_word' id='word_1_332' title='bbox 869 3672 962 3720; x_wconf 85' lang='lat' dir='ltr'><strong>dixisse</strong></span> <span class='ocrx_word' id='word_1_333' title='bbox 972 3674 1033 3720; x_wconf 90' lang='lat' dir='ltr'><strong>unde</strong></span> <span class='ocrx_word' id='word_1_334' title='bbox 1044 3673 1108 3730; x_wconf 82' lang='lat' dir='ltr'><strong>vi,·ei</strong></span> <span class='ocrx_word' id='word_1_335' title='bbox 1119 3674 1159 3735; x_wconf 90' lang='lat' dir='ltr'><strong>qui</strong></span> <span class='ocrx_word' id='word_1_336' title='bbox 1171 3691 1233 3722; x_wconf 88' lang='lat' dir='ltr'><strong>nunc</strong></span> <span class='ocrx_word' id='word_1_337' title='bbox 1244 3677 1273 3723; x_wconf 85' lang='lat' dir='ltr'><strong>ab</strong></span> <span class='ocrx_word' id='word_1_338' title='bbox 1281 3691 1309 3722; x_wconf 87' lang='lat' dir='ltr'><strong>eo</strong></span> 
     </span>
     <span class='ocr_line' id='line_1_37' title="bbox 208 3748 1310 3818; baseline -0.002 -16"><span class='ocrx_word' id='word_1_339' title='bbox 208 3755 304 3818; x_wconf 80' lang='lat' dir='ltr'><strong>publico</strong></span> <span class='ocrx_word' id='word_1_340' title='bbox 312 3751 408 3809; x_wconf 82' lang='lat' dir='ltr'><strong>crimine</strong></span> <span class='ocrx_word' id='word_1_341' title='bbox 416 3754 546 3803; x_wconf 78' lang='lat' dir='ltr'><strong>securatur,</strong></span> <span class='ocrx_word' id='word_1_342' title='bbox 555 3754 578 3794; x_wconf 91' lang='lat' dir='ltr'><strong>et</strong></span> <span class='ocrx_word' id='word_1_343' title='bbox 583 3749 631 3808; x_wconf 80' lang='lat' dir='ltr'><strong>jam</strong></span> <span class='ocrx_word' id='word_1_344' title='bbox 641 3756 694 3796; x_wconf 79' lang='lat' dir='ltr'><strong>octo</strong></span> <span class='ocrx_word' id='word_1_345' title='bbox 701 3763 773 3799; x_wconf 80' lang='lat' dir='ltr'><strong>sonos</strong></span> <span class='ocrx_word' id='word_1_346' title='bbox 784 3748 842 3798; x_wconf 81' lang='lat' dir='ltr'><strong>illud</strong></span> <span class='ocrx_word' id='word_1_347' title='bbox 848 3749 964 3812; x_wconf 85' lang='lat' dir='ltr'><strong>judicium</strong></span> <span class='ocrx_word' id='word_1_348' title='bbox 975 3749 1073 3798; x_wconf 85' lang='lat' dir='ltr'><strong>elusisse</strong></span> <span class='ocrx_word' id='word_1_349' title='bbox 1080 3750 1192 3808; x_wconf 75' lang='lat' dir='ltr'><strong>ididiam,</strong></span> <span class='ocrx_word' id='word_1_350' title='bbox 1201 3769 1230 3800; x_wconf 89' lang='lat' dir='ltr'><strong>so</strong></span> <span class='ocrx_word' id='word_1_351' title='bbox 1239 3753 1310 3800; x_wconf 85' lang='lat' dir='ltr'><strong>totius</strong></span> 
     </span>
     <span class='ocr_line' id='line_1_38' title="bbox 209 3823 1177 3893; baseline -0.003 -14"><span class='ocrx_word' id='word_1_352' title='bbox 209 3832 277 3893; x_wconf 77' lang='lat' dir='ltr'><strong>huius</strong></span> <span class='ocrx_word' id='word_1_353' title='bbox 288 3845 358 3878; x_wconf 84' lang='lat' dir='ltr'><strong>morse</strong></span> <span class='ocrx_word' id='word_1_354' title='bbox 369 3841 463 3876; x_wconf 87' lang='lat' dir='ltr'><strong>causam</strong></span> <span class='ocrx_word' id='word_1_355' title='bbox 475 3823 604 3882; x_wconf 77' lang='lat' dir='ltr'><strong>exstitisse,</strong></span> <span class='ocrx_word' id='word_1_356' title='bbox 615 3840 708 3887; x_wconf 84' lang='lat' dir='ltr'><strong>semper</strong></span> <span class='ocrx_word' id='word_1_357' title='bbox 719 3825 920 3890; x_wconf 71' lang='lat' dir='ltr'><strong>tergiversantem,</strong></span> <span class='ocrx_word' id='word_1_358' title='bbox 929 3835 953 3876; x_wconf 87' lang='lat' dir='ltr'><strong>et</strong></span> <span class='ocrx_word' id='word_1_359' title='bbox 962 3827 1177 3892; x_wconf 79' lang='lat' dir='ltr'><strong>procrastinantem.</strong></span> 
     </span>
    </p>
   </div>
   <div class='ocr_carea' id='block_1_5' title="bbox 207 3927 1319 4476">
    <p class='ocr_par' dir='ltr' id='par_1_6' title="bbox 207 3927 1319 4476">
     <span class='ocr_line' id='line_1_39' title="bbox 211 3927 1313 4013; baseline -0.002 -19"><span class='ocrx_word' id='word_1_360' title='bbox 211 3933 260 3994; x_wconf 91' lang='lat' dir='ltr'><strong>De</strong></span> <span class='ocrx_word' id='word_1_361' title='bbox 270 3931 384 4013; x_wconf 86' lang='lat' dir='ltr'><strong>judicio</strong></span> <span class='ocrx_word' id='word_1_362' title='bbox 398 3930 487 4010; x_wconf 83' lang='lat' dir='ltr'><strong>igitur</strong></span> <span class='ocrx_word' id='word_1_363' title='bbox 505 3927 585 4007; x_wconf 91' lang='lat' dir='ltr'><strong>quod</strong></span> <span class='ocrx_word' id='word_1_364' title='bbox 604 3927 712 4001; x_wconf 88' lang='lat' dir='ltr'><strong>scelus,</strong></span> <span class='ocrx_word' id='word_1_365' title='bbox 733 3929 940 4004; x_wconf 85' lang='lat' dir='ltr'><strong>Athenienses,</strong></span> <span class='ocrx_word' id='word_1_366' title='bbox 959 3929 1147 4004; x_wconf 88' lang='lat' dir='ltr'><strong>commiserit,</strong></span> <span class='ocrx_word' id='word_1_367' title='bbox 1160 3931 1271 4004; x_wconf 88' lang='lat' dir='ltr'><strong>audite,</strong></span> <span class='ocrx_word' id='word_1_368' title='bbox 1283 3942 1313 3992; x_wconf 89' lang='lat' dir='ltr'><strong>et</strong></span> 
     </span>
     <span class='ocr_line' id='line_1_40' title="bbox 213 4019 1314 4104; baseline 0 -17"><span class='ocrx_word' id='word_1_369' title='bbox 213 4035 344 4104; x_wconf 82' lang='lat' dir='ltr'><strong>spectate</strong></span> <span class='ocrx_word' id='word_1_370' title='bbox 357 4025 387 4085; x_wconf 89' lang='lat' dir='ltr'><strong>in</strong></span> <span class='ocrx_word' id='word_1_371' title='bbox 401 4022 525 4102; x_wconf 79' lang='lat' dir='ltr'><strong>singulis</strong></span> <span class='ocrx_word' id='word_1_372' title='bbox 543 4021 607 4102; x_wconf 71' lang='lat' dir='ltr'><strong>eJus</strong></span> <span class='ocrx_word' id='word_1_373' title='bbox 621 4019 817 4095; x_wconf 90' lang='lat' dir='ltr'><strong>insolentiam,</strong></span> <span class='ocrx_word' id='word_1_374' title='bbox 831 4033 862 4082; x_wconf 91' lang='lat' dir='ltr'><strong>et</strong></span> <span class='ocrx_word' id='word_1_375' title='bbox 878 4022 1096 4084; x_wconf 89' lang='lat' dir='ltr'><strong>confidentiam.</strong></span> <span class='ocrx_word' id='word_1_376' title='bbox 1138 4025 1221 4086; x_wconf 85' lang='lat' dir='ltr'><strong>Illius</strong></span> <span class='ocrx_word' id='word_1_377' title='bbox 1235 4029 1314 4087; x_wconf 89' lang='lat' dir='ltr'><strong>enim</strong></span> 
     </span>
     <span class='ocr_line' id='line_1_41' title="bbox 207 4111 1315 4200; baseline 0.005 -24"><span class='ocrx_word' id='word_1_378' title='bbox 207 4116 323 4200; x_wconf 86' lang='lat' dir='ltr'><strong>judicii,</strong></span> <span class='ocrx_word' id='word_1_379' title='bbox 336 4115 394 4176; x_wconf 91' lang='lat' dir='ltr'><strong>hoc</strong></span> <span class='ocrx_word' id='word_1_380' title='bbox 406 4115 484 4187; x_wconf 87' lang='lat' dir='ltr'><strong>dico,</strong></span> <span class='ocrx_word' id='word_1_381' title='bbox 496 4135 556 4194; x_wconf 93' lang='lat' dir='ltr'><strong>quo</strong></span> <span class='ocrx_word' id='word_1_382' title='bbox 571 4133 638 4176; x_wconf 87' lang='lat' dir='ltr'><strong>eum</strong></span> <span class='ocrx_word' id='word_1_383' title='bbox 652 4115 776 4189; x_wconf 86' lang='lat' dir='ltr'><strong>convici,</strong></span> <span class='ocrx_word' id='word_1_384' title='bbox 789 4115 845 4175; x_wconf 82' lang='lat' dir='ltr'><strong>tuit</strong></span> <span class='ocrx_word' id='word_1_385' title='bbox 867 4115 937 4176; x_wconf 90' lang='lat' dir='ltr'><strong>mihi</strong></span> <span class='ocrx_word' id='word_1_386' title='bbox 958 4117 1066 4176; x_wconf 86' lang='lat' dir='ltr'><strong>arbiter</strong></span> <span class='ocrx_word' id='word_1_387' title='bbox 1084 4117 1185 4177; x_wconf 89' lang='lat' dir='ltr'><strong>Strato</strong></span> <span class='ocrx_word' id='word_1_388' title='bbox 1205 4111 1315 4182; x_wconf 86' lang='lat' dir='ltr'><strong>Phale-</strong></span> 
     </span>
     <span class='ocr_line' id='line_1_42' title="bbox 212 4207 1315 4291; baseline 0.002 -19"><span class='ocrx_word' id='word_1_389' title='bbox 212 4230 289 4282; x_wconf 84' lang='lat' dir='ltr'><strong>reus,</strong></span> <span class='ocrx_word' id='word_1_390' title='bbox 299 4209 388 4270; x_wconf 90' lang='lat' dir='ltr'><strong>homo</strong></span> <span class='ocrx_word' id='word_1_391' title='bbox 398 4228 509 4288; x_wconf 89' lang='lat' dir='ltr'><strong>pauper</strong></span> <span class='ocrx_word' id='word_1_392' title='bbox 518 4209 567 4268; x_wconf 91' lang='lat' dir='ltr'><strong>ille</strong></span> <span class='ocrx_word' id='word_1_393' title='bbox 581 4207 700 4288; x_wconf 90' lang='lat' dir='ltr'><strong>quidem</strong></span> <span class='ocrx_word' id='word_1_394' title='bbox 715 4217 746 4270; x_wconf 89' lang='lat' dir='ltr'><strong>et</strong></span> <span class='ocrx_word' id='word_1_395' title='bbox 756 4209 883 4287; x_wconf 88' lang='lat' dir='ltr'><strong>quietus,</strong></span> <span class='ocrx_word' id='word_1_396' title='bbox 897 4208 950 4269; x_wconf 89' lang='lat' dir='ltr'><strong>sed</strong></span> <span class='ocrx_word' id='word_1_397' title='bbox 962 4208 1071 4289; x_wconf 85' lang='lat' dir='ltr'><strong>alioqui</strong></span> <span class='ocrx_word' id='word_1_398' title='bbox 1084 4229 1143 4272; x_wconf 84' lang='lat' dir='ltr'><strong>noo</strong></span> <span class='ocrx_word' id='word_1_399' title='bbox 1154 4211 1315 4291; x_wconf 85' lang='lat' dir='ltr'><strong>improbus,</strong></span> 
     </span>
     <span class='ocr_line' id='line_1_43' title="bbox 215 4301 1316 4384; baseline 0 -17"><span class='ocrx_word' id='word_1_400' title='bbox 215 4325 251 4368; x_wconf 79' lang='lat' dir='ltr'><strong>ac</strong></span> <span class='ocrx_word' id='word_1_401' title='bbox 260 4303 360 4383; x_wconf 86' lang='lat' dir='ltr'><strong>potius</strong></span> <span class='ocrx_word' id='word_1_402' title='bbox 374 4303 492 4362; x_wconf 87' lang='lat' dir='ltr'><strong>omnino</strong></span> <span class='ocrx_word' id='word_1_403' title='bbox 501 4303 606 4362; x_wconf 85' lang='lat' dir='ltr'><strong>bonos.</strong></span> <span class='ocrx_word' id='word_1_404' title='bbox 628 4301 753 4381; x_wconf 91' lang='lat' dir='ltr'><strong>ldquod</strong></span> <span class='ocrx_word' id='word_1_405' title='bbox 766 4301 904 4361; x_wconf 87' lang='lat' dir='ltr'><strong>miserum</strong></span> <span class='ocrx_word' id='word_1_406' title='bbox 915 4322 975 4363; x_wconf 89' lang='lat' dir='ltr'><strong>non</strong></span> <span class='ocrx_word' id='word_1_407' title='bbox 989 4312 1080 4376; x_wconf 88' lang='lat' dir='ltr'><strong>recte,</strong></span> <span class='ocrx_word' id='word_1_408' title='bbox 1093 4302 1153 4362; x_wconf 91' lang='lat' dir='ltr'><strong>imo</strong></span> <span class='ocrx_word' id='word_1_409' title='bbox 1164 4323 1316 4384; x_wconf 84' lang='lat' dir='ltr'><strong>perquam</strong></span> 
     </span>
     <span class='ocr_line' id='line_1_44' title="bbox 217 4393 1319 4476; baseline 0.002 -18"><span class='ocrx_word' id='word_1_410' title='bbox 217 4397 373 4476; x_wconf 70' lang='lat' dir='ltr'><strong>flagitiose,</strong></span> <span class='ocrx_word' id='word_1_411' title='bbox 386 4393 551 4472; x_wconf 85' lang='lat' dir='ltr'><strong>nequejure</strong></span> <span class='ocrx_word' id='word_1_412' title='bbox 562 4394 698 4474; x_wconf 88' lang='lat' dir='ltr'><strong>perdidit.</strong></span> <span class='ocrx_word' id='word_1_413' title='bbox 741 4396 786 4456; x_wconf 87' lang='lat' dir='ltr'><strong>Eo</strong></span> <span class='ocrx_word' id='word_1_414' title='bbox 802 4394 938 4458; x_wconf 86' lang='lat' dir='ltr'><strong>Stratone</strong></span> <span class='ocrx_word' id='word_1_415' title='bbox 959 4397 1043 4456; x_wconf 92' lang='lat' dir='ltr'><strong>nobis</strong></span> <span class='ocrx_word' id='word_1_416' title='bbox 1060 4395 1230 4472; x_wconf 80' lang='lat' dir='ltr'><strong>arbitrante,</strong></span> <span class='ocrx_word' id='word_1_417' title='bbox 1248 4419 1319 4460; x_wconf 84' lang='lat' dir='ltr'><strong>oum</strong></span> 
     </span>
    </p>
   </div>
   <div class='ocr_carea' id='block_1_6' title="bbox 0 0 1503 4952">
    <p class='ocr_par' dir='ltr' id='par_1_7' title="bbox 0 0 1503 4952">
     <span class='ocr_line' id='line_1_45' title="bbox 0 0 1503 4952; baseline 0 0"><span class='ocrx_word' id='word_1_418' title='bbox 0 0 1503 4952; x_wconf 95' lang='lat' dir='ltr'><strong> </strong></span> 
     </span>
    </p>
   </div>
  </div>
 </body>
</html>
