2920 4950
461 293 868 382 rnrnrrrronenrnr.
1196 301 1236 364 rs

16 463 17 528 j
132 447 205 512 enim
219 450 250 523 ii,
263 451 315 530 qui
328 457 447 512 statuas.
457 470 494 510 ex
504 450 610 530 argilla
626 451 753 532 lingunt,
766 452 804 512 ad
819 451 914 513 lorum
928 449 1034 514 creatis
1049 439 1235 516 centuriones

133 556 162 606 st
173 545 320 618 tribunos,
333 565 394 604 non
407 545 444 606 ιιι
461 545 581 604 bellurn.
622 545 673 604 An
690 564 750 606 ιιοιι
759 544 898 624 oportuit,
911 544 1117 619 Athenienses,
1130 557 1236 608 centu·

130 637 226 698 rioues
237 637 328 709 cives,
343 638 499 718 magistros
515 630 646 718 equitum
662 637 751 710 cives,
764 647 905 717 praetores
918 638 1097 700 domesticos
1111 659 1188 713 esse,
1201 650 1237 702 ut

49 727 53 737 “
130 750 232 790 revera
245 739 348 790 esseut
360 731 455 810 copiae
469 730 611 799 civitatis;
633 741 670 798 at,
681 731 712 802 ιιι
727 729 869 800 Lemnum
886 731 990 792 scilicet
1005 741 1123 811 oportet
1142 735 1237 813 magi-

132 831 224 884 strum
237 825 371 902 equitum
384 823 465 902 quie
483 823 567 883 vobis
581 831 628 884 est
642 823 789 901 navigare,
803 841 905 886 eorum
924 835 1023 884 autem
1041 825 1092 904 qni
1111 844 1163 905 pro
1180 827 1238 887 rei-

131 915 259 994 publicae
270 915 506 994 possessionibus
517 915 696 996 praeliantur,
708 916 888 988 Menelaum
888 935 953 976 esse
968 918 1140 998 magistrum
1151 919 1237 998 equi·
1342 935 1348 946 ·

130 1007 216 1068 turni
247 1008 353 1089 Neque
366 1007 433 1069 baec
447 1007 570 1068 hominis
588 1007 821 1087 reprehendendi
835 1027 924 1070 causa
945 1009 1023 1084 dico,
1045 1011 1132 1072 seda
1154 1012 1236 1074 robis

131 1120 198 1160 eum
209 1111 341 1162 creatum
355 1119 422 1162 esse
432 1101 596 1180 oportebat
607 1101 742 1180 quisquis
753 1101 872 1162 tandem
887 1102 934 1163 sit.
1021 1167 1026 1174 ,

172 1194 221 1252 10
243 1194 392 1256 Fortassis
415 1203 514 1254 autem
542 1193 608 1255 haec
626 1204 705 1256 recte
727 1194 788 1254 dici
808 1195 934 1274 putatisr
957 1195 994 1255 de
1017 1169 1237 1274 pecuniarum,

130 1295 243 1366 quanta
255 1286 321 1357 ent
334 1296 365 1346 et
377 1286 458 1346 unde
479 1285 670 1362 comparando,
693 1287 818 1348 maxime
843 1287 943 1347 audire
966 1289 1098 1369 cupitis·
1113 1300 1145 1352 et
1161 1290 1237 1352 illud

129 1378 231 1457 utique
244 1378 438 1457 expediam.
455 1377 543 1447 Quod
558 1376 598 1439 ad
611 1377 764 1456 pecuniam
777 1377 865 1457 igitur
877 1379 992 1452 attinet,
1003 1381 1188 1459 requiruntur
1196 1363 1236 1445 ad

129 1469 269 1532 alendum
282 1471 363 1532 hune
372 1470 541 1541 exercitum,
553 1470 592 1531 ad
602 1470 710 1532 cibaria
722 1470 868 1532 duntaxat
879 1471 1017 1538 militibus
1027 1474 1239 1552 comparanda,

130 1564 295 1643 nonaginta
307 1565 428 1636 talenta,
442 1574 473 1624 et
485 1563 573 1642 paulo
587 1563 734 1642 amplius;
754 1562 878 1624 naribus
889 1563 993 1624 decern
1006 1563 1149 1626 celeribus
1162 1587 1238 1646 qna-

130 1657 271 1738 draginta
281 1657 405 1731 talenta,
418 1657 529 1718 virente
538 1657 627 1716 mina
640 1656 671 1716 ιιι
681 1675 786 1716 navem
797 1655 920 1735 singulis
931 1656 1100 1728 mensibusr
1112 1658 1239 1724 militum

131 1749 248 1812 duobus
263 1749 393 1810 millibus
417 1749 538 1810 tetidem
562 1747 629 1823 alia,
651 1758 686 1808 ut
710 1748 783 1808 duas
799 1748 920 1828 quisque
933 1749 1018 1808 miles
1036 1749 1191 1812 drachmas
1205 1751 1238 1812 ia

130 1863 264 1904 mensem
276 1861 330 1922 pro
342 1843 459 1902 cibariis
472 1842 615 1922 accipiat:
637 1841 782 1920 equitibus
801 1839 936 1902 ducentia
950 1861 1082 1914 numero,
1102 1842 1129 1905 si
1146 1842 1237 1904 trice·

131 1955 183 1996 nas
205 1937 365 1998 drachmas
387 1931 563 1998 inmensam
576 1935 724 2015 accipiant
736 1934 855 2014 singuli,
869 1934 1025 1996 duodecim
1037 1935 1160 1999 talenta.
1203 1937 1240 1996 Si

131 2032 194 2110 quis
207 2032 279 2091 'vero
292 2040 388 2109 putat,
409 2039 605 2090 commeatum
625 2047 715 2108 parvo
736 2045 802 2088 esse
822 2027 1008 2088 subsidialis
1029 2029 1079 2107 qui
1099 2029 1236 2100 militant,
1294 2080 1300 2100 ,

129 2145 187 2185 non
201 2135 282 2186 recte
293 2123 403 2184 sentit:
424 2142 480 2201 ego
492 2123 570 2182 cuim
581 2131 764 2202 compertum
776 2120 883 2193 habeo,
896 2121 922 2181 si
939 2121 996 2181 bec
1007 2122 1119 2182 iactum
1137 2122 1239 2195 inerit,

130 2217 227 2298 ipsum
243 2217 437 2278 exercitume
456 2216 538 2292 bellq
554 2215 609 2276 sibi
631 2215 745 2295 reliqua
765 2203 1011 2294 comparaturum,
1029 2215 1092 2275 sine
1106 2215 1170 2276 ulla
1188 2215 1238 2276 rel

131 2311 307 2372 Graecorum
328 2310 374 2369 vel
397 2309 540 2370 sociorum
558 2307 673 2389 injuria,
693 2317 728 2368 ut
749 2307 896 2388 integrum
919 2307 1098 2414 sb'pendiurn
1119 2309 1238 2370 habeat.

133 2403 198 2483 Ego
221 2403 301 2463 ultro
323 2403 465 2481 navigans
488 2421 558 2479 nna,
572 2400 687 2481 quidvis
701 2401 763 2480 pati
785 2411 904 2508 paratus
929 2421 1000 2474 sum,
1024 2401 1081 2461 nisi
1104 2400 1169 2462 boee
1195 2402 1240 2465 ira

132 2507 226 2558 erunt.
269 2495 379 2557 Unde
371 2485 459 2575 rgitur
472 2495 608 2575 pecunia,
621 2513 716 2576 quam
723 2494 839 2576 requiro
852 2514 870 2553 a
883 2495 964 2556 vobis
978 2493 1162 2574 comparari?
1179 2493 1240 2558 lure

129 2589 191 2670 jam
204 2589 313 2650 dicam.

478 2783 742 2850 PECUNIARIA
763 2785 906 2850 RATIO.

141 2995 143 3000 ·
177 2962 224 3020 ιι.
245 2959 323 3028 Qum
331 2978 396 3034 nos,
404 2959 612 3035 Athenienses,
621 2960 786 3038 excogitare
796 2960 956 3038 potuimus,
967 2958 1032 3018 baee
1041 2969 1120 3021 snut.
1149 2958 1244 3025 Post..

136 3073 223 3135 quam
242 3063 341 3112 autem
362 3053 524 3114 sententias
550 3051 817 3131 comprobaveritis,
829 3070 865 3113 ea
878 3055 945 3131 quie
959 3051 1076 3115 libuerit
1087 3053 1171 3114 vohis
1185 3055 1242 3116 dea

136 3147 253 3219 cernite,
267 3155 372 3206 utnon
386 3154 500 3208 tantum
515 3145 643 3206 decretis
663 3155 693 3205 et
706 3145 796 3205 literis
810 3145 986 3224 belligeretis
1009 3165 1075 3204 cum
1089 3145 1243 3228 Philippo,

137 3240 188 3302 aed
203 3241 293 3300 etiam
312 3237 408 3298 laetis
451 3238 660 3314 Multoautem
678 3237 1242 3311 melius,utm1h1ridetur,debello

136 3341 165 3394 et
190 3342 254 3394 tota
288 3331 480 3392 instructione
507 3331 716 3413 deliberabitis,
744 3329 769 3389 si
796 3331 896 3402 situm,
920 3329 1125 3404 Athenienses,
1145 3334 1245 3413 ragio-o

135 3425 190 3498 ais,
203 3423 502 3497 cnibelluminiertis‚
516 3405 766 3492 οοιιιιιιειιιιιιιιιηι
778 3421 997 3502 etcogitabitis,
1017 3424 1112 3484 ventis
1126 3426 1244 3486 etannir

135 3517 313 3597 temporibus
323 3516 498 3596 anticipatis,
512 3517 648 3596 pleraque
659 3517 797 3596 perficere
811 3514 998 3594 Philippum:
1019 3527 1050 3574 et
1063 3520 1245 3624 exspectatis

136 3608 242 3670 Etesiis
263 3619 316 3670 aut
338 3609 454 3688 hyeme,
471 3609 584 3673 bellum
605 3609 738 3688 aggredi,
757 3629 826 3668 cum
848 3627 903 3668 nos
926 3609 995 3668 illuc
1017 3611 1168 3688 pervenire
1181 3632 1244 3672 noa

135 3721 304 3781 possumus.
346 3702 404 3762 His
425 3701 526 3786 itaque
549 3702 751 3772 consideratis,
771 3710 886 3780 oportet
908 3721 975 3780 ros,
1001 3721 1061 3760 non
1079 3703 1245 3782 repentinis
1323 3717 1328 3726 “

135 3795 272 3856 subsidiis
298 3794 658 3874 bellare-praevenimur
696 3794 774 3854 enim
807 3794 1013 3872 ubique-sed
1042 3793 1245 3858 instructione

134 3897 384 3967 perpetuamque
401 3887 544 3950 exercitu.
586 3888 697 3948 Licebit
721 3898 819 3948 autem
841 3886 924 3947 robis
946 3886 1118 3959 Lemnian
1137 3890 1246 3965 Thasi·

134 3989 163 4040 et
183 3980 305 4052 Sciathi‚
326 3991 357 4040 et
376 3981 407 4040 in
429 3980 507 4040 illius
528 3979 586 4041 loci
615 3979 717 4040 insulis
738 3981 901 4060 hybernare
921 3998 989 4040 cum
1018 3981 1170 4050 exercitu:
1210 3983 1244 4046 in

135 4073 239 4151 quibus
261 4083 293 4136 ct
317 4083 428 4153 portus,
443 4083 473 4134 et
492 4074 680 4147 frumentum,
694 4083 726 4135 et
738 4072 837 4134 omnia
860 4091 928 4151 qum
945 4071 1068 4151 requirit
1087 4074 1246 4148 exercitus,

135 4175 235 4246 parata
248 4176 335 4226 suut:
358 4167 426 4226 anui
441 4176 539 4226 autem
554 4175 681 4246 tempus,
699 4186 766 4226 curn
781 4176 811 4226 et
825 4165 971 4244 appellere
982 4165 1021 4224 ad
1035 4175 1144 4226 terram
1156 4167 1245 4244 facile

133 4260 180 4332 rit,
206 4267 238 4318 et
251 4279 270 4319 a
282 4258 379 4318 ventis
397 4259 483 4339 juxta
501 4258 594 4337 ipsam
616 4261 776 4338 regionem,
790 4268 821 4319 et
833 4258 1033 4339 emporiorum
1052 4259 1165 4334 lances,
1179 4278 1242 4325 oer-

134 4352 256 4428 ruatibus
270 4349 342 4410 nibil
358 4352 396 4411 sit
409 4350 542 4432 periculi,
557 4351 697 4410 intellectu
710 4351 796 4412 facile
810 4350 874 4411 erit.

177 4447 223 4506 ιι.
246 4444 404 4513 Quomodo
426 4443 525 4524 igitur,
543 4453 574 4506 et
585 4443 705 4525 qnando
729 4443 871 4506 utendum
895 4443 934 4506 sit
948 4441 1089 4517 exercitu,
1103 4443 1134 4502 ιιι
1144 4441 1241 4504 duxa

422 4741 437 4785 Ι
