2946 4954
574 269 631 327 DE
651 265 834 328 CORONA.
1187 255 1245 322 207

153 421 212 482 tior
226 441 291 482 esse
305 419 442 501 potitum,
457 422 650 503 frumentique
664 425 743 503 quod
765 423 804 483 ad
823 421 946 482 Grecos
960 419 1182 499 supportabantur
1192 413 1246 478 do'·

155 513 266 572 minum
282 531 350 572 esse
360 513 481 586 factum,
494 515 606 575 bellum
618 515 772 576 finitimum
792 524 879 593 atque
891 523 975 574 atrox
988 531 1039 591 per
1049 509 1206 570 Thebanos
1216 508 1248 568 in

154 605 287 666 Atticam
301 606 460 688 inuectum,
478 626 557 667 mare
570 619 689 688 propter
702 607 873 687 proedouum
891 625 928 665 ex
948 605 1061 663 Euboea
1081 601 1247 682 eruptiones

151 697 361 776 navigantibus
372 718 438 757 esse
448 698 599 759 clausum?
641 701 748 760 Nonne
760 700 824 759 haec
838 699 971 759 dicerent
980 696 1094 774 aliaque
1108 704 1248 773 praeterea

152 788 270 848 multa?
293 791 438 869 Improba,
447 792 650 867 Athenienses,
661 793 792 872 improba
802 811 916 871 semper
929 809 974 850 res
988 787 1247 860 est'calumniator,

151 890 183 941 et
192 880 388 960 undecunque
402 882 546 962 malignus
557 894 588 944 et
596 885 767 945 criminandi
782 885 925 963 cupidus:
947 883 1002 941 iste
1015 890 1110 940 autem
1124 881 1248 940 homun-

153 973 243 1031 culus
261 983 292 1031 et
303 983 405 1033 natura
418 973 516 1035 bellua
529 986 584 1048 est,
597 977 646 1055 qui
664 977 735 1036 nihil
749 995 876 1054 uuquam
897 995 915 1035 a
936 975 1029 1054 prima
1042 982 1129 1038 aetate
1144 973 1248 1032 sinceri
1307 1003 1313 1013 =

154 1064 238 1133 fecit,
259 1065 328 1123 nihil
352 1067 444 1126 libero
468 1068 559 1147 digni,
581 1069 663 1129 simia
685 1069 892 1147 tragoedorum,
912 1067 1041 1126 rusticus
1072 1065 1247 1132 (Emmaus,

123 1205 126 1212 .
154 1155 338 1216 adulterinus
353 1167 459 1217 orator.
502 1159 581 1228 Quid
594 1161 671 1219 enim
680 1169 733 1218 tua
746 1155 862 1217 dicendi
881 1157 1006 1217 facultas
1019 1156 1143 1234 patriam
1151 1154 1248 1231 juvit?

151 1247 244 1307 Nunc
268 1258 301 1306 tu
325 1251 408 1309 nobis
434 1250 470 1310 de
490 1250 642 1330 praeteritis
665 1253 755 1310 uerba
779 1248 875 1310 lacis?
916 1248 958 1306 Ut
980 1247 1003 1308 si
1025 1248 1090 1326 quis
1104 1247 1247 1318 medicus,

153 1340 243 1418 aegris
256 1340 368 1399 interea
381 1342 453 1400 dum
471 1352 615 1421 aegrotent
633 1343 792 1420 ingressus,
813 1362 872 1402 non
898 1341 976 1400 dicat
993 1361 1088 1416 neque
1104 1339 1248 1410 ostendat,

154 1431 303 1508 quomodo
313 1433 413 1490 morbo
427 1434 597 1506 liberentur,
611 1435 663 1493 sed
676 1435 726 1493 uhi
741 1434 849 1496 obierit¹
858 1453 956 1491 eorum
971 1431 1074 1508 aliquis
1094 1431 1180 1509 eique
1200 1434 1249 1510 ju·
1305 1475 1308 1483 .

154 1533 202 1584 sta
214 1523 325 1582 funeris
339 1525 497 1597 solvantur,
509 1533 631 1601 pompam
645 1525 683 1584 ad
696 1527 859 1604 sepulcrum
873 1530 997 1582 secutus,
1013 1520 1122 1599 prolixe
1142 1534 1249 1598 narret,

154 1615 187 1673 si
219 1615 291 1674 hoc
320 1626 357 1675 et
384 1615 487 1675 illud
516 1615 688 1676 fecisset
718 1615 828 1675 homo
859 1613 946 1686 iste,
968 1633 1042 1673 non
1063 1612 1249 1676 obiisset.

157 1705 340 1785 Stupesacte,
353 1727 430 1766 nunc
445 1707 562 1768 demum
572 1708 720 1787 loqueris?

81 1796 84 1802 ’
196 1801 246 1858 72.
268 1799 337 1858 Jam
350 1813 469 1860 verone
483 1799 595 1861 cladem
609 1801 727 1878 quidem
740 1801 884 1860 illam—si
897 1801 927 1859 in
938 1819 973 1860 ea
982 1799 1121 1873 exsultas,
1131 1809 1250 1879 propter

154 1910 244 1969 quam
263 1891 454 1969 ingemiscere
472 1903 512 1966 te,
533 1913 551 1952 o
572 1894 679 1966 scelus,
694 1892 974 1973 oportebat—ullam
995 1893 1033 1950 ob
1052 1911 1113 1950 rem
1133 1911 1201 1970 quae
1219 1893 1250 1953 in

154 2005 221 2045 mea
233 1995 383 2064 potestate
398 1987 454 2046 sita
466 1987 522 2045 suit
547 1987 705 2066 contigisse
719 1987 871 2046 invenietis
886 1984 1062 2063 reipublicae.
1094 1985 1140 2044 Ita
1151 1995 1249 2046 autem

154 2097 215 2136 rem
229 2077 412 2156 perpendite.
454 2079 607 2158 Nusquam
621 2099 687 2158 ege,
697 2097 871 2157 quocunque
885 2077 1001 2155 legatus
1016 2095 1034 2134 a
1047 2075 1128 2134 vobis
1143 2075 1247 2136 missus

155 2189 233 2240 sum,
243 2171 337 2229 victus
351 2190 477 2248 uuquam
492 2170 616 2232 discessi
627 2192 647 2230 a
660 2171 786 2250 Philippi
806 2169 920 2248 legatis,
941 2188 1001 2227 non
1024 2187 1060 2226 ex
1085 2168 1248 2242 Thessalia,

155 2281 216 2320 non
230 2281 267 2320 ex
282 2262 449 2335 Ambracia,
463 2283 522 2322 non
537 2265 573 2323 ab
589 2264 706 2343 Illyriis,
721 2282 780 2321 non
797 2261 960 2324 aThraciaa
975 2261 1101 2338 regibus,
1115 2279 1174 2318 nou
1189 2261 1249 2342 By·
1349 2317 1351 2322 .

156 2354 261 2426 cantio,
273 2355 408 2413 'nonullo
423 2355 479 2414 alio
493 2376 528 2415 ex
542 2356 617 2428 loco,
631 2375 691 2415 uon
715 2354 839 2432 denique
860 2373 950 2432 nuper
973 2351 1094 2410 Thebis:
1109 2351 1170 2430 'sed
1184 2354 1247 2430 qui-

155 2448 213 2506 bus
226 2448 257 2505 in
270 2450 355 2508 rebus
370 2448 432 2527 ejus
446 2449 534 2528 legati
543 2448 611 2509 victi
628 2449 743 2508 fuerant
754 2449 851 2519 verbo,
866 2447 918 2506 has
938 2445 986 2504 ille
1007 2445 1090 2504 armis
1112 2465 1249 2524 superve·

154 2541 239 2601 niens
253 2544 408 2602 evertebat.
451 2543 525 2602 Hoec
538 2554 570 2603 tu
584 2543 671 2621 igitur
685 2563 702 2602 a
714 2561 762 2600 me
776 2541 892 2620 repetis,
908 2558 1000 2618 neque
1020 2549 1050 2598 te
1063 2538 1157 2617 pudet
1175 2559 1248 2598 eun-

154 2632 221 2692 dem
243 2634 392 2694 homiuem
413 2636 450 2694 ob
476 2634 623 2694 mollitiam
639 2634 772 2694 vellicare
786 2633 876 2710 utque
891 2651 992 2691 omnes
1007 2630 1135 2710 Philippi
1148 2633 1248 2711 copias

157 2745 231 2784 unus
246 2725 296 2786 ille
311 2736 427 2805 superet
440 2725 611 2805 postulare?
632 2726 719 2804 idque
733 2726 844 2786 verbis:
866 2724 938 2804 quid
951 2723 1026 2782 enim
1047 2723 1127 2782 aliud
1141 2723 1168 2782 in
1183 2744 1249 2784 mea

154 2827 304 2895 potestate
317 2819 442 2896 positum
456 2818 539 2877 erat?
560 2837 617 2877 nou
631 2819 709 2878 enim
722 2818 819 2878 anima
832 2836 926 2894 neque
939 2817 1055 2875 fomuna
1075 2818 1249 2894 cujusquam

155 2911 322 2987 eorumqui
341 2911 370 2969 in
394 2912 455 2970 acie
478 2922 626 2985 steterant,
648 2931 708 2971 non
730 2910 944 2990 imperatorium
957 2909 1170 2988 munus,‚cujus
1184 2920 1216 2968 tu
1230 2929 1250 2969 a

156 3020 207 3059 me
220 3003 351 3077 postulas
366 3004 508 3063 rationes:
530 3024 622 3084 usque
637 3003 715 3062 adeo*
724 3002 849 3062 stolidus
863 3021 905 3060 es.
1229 3005 1234 3010 '

199 3093 249 3150 73.
265 3093 309 3152 At
317 3114 436 3172 quarum
446 3113 537 3154 rerum
548 3106 645 3155 orator
651 3094 792 3154 rationem
802 3093 908 3152 referre
919 3091 1015 3163 debet,
1024 3091 1061 3151 de
1072 3090 1106 3149 iis
1117 3091 1246 3169 qualem-

155 3203 273 3262 cunque
289 3185 502 3264 inquisitionem
520 3188 629 3248 facito:
654 3207 714 3248 non
727 3206 839 3247 recuso.
861 3187 1004 3251 Quaenam
1013 3183 1100 3262 igitur
1109 3202 1145 3242 ea
1159 3185 1249 3249 sunti

156 3276 330 3356 Prospicere
340 3279 420 3338 initia
430 3298 524 3338 rerum
544 3290 573 3340 et
586 3280 754 3364 praesentire
768 3288 798 3336 et
815 3274 970 3356 praedicere
982 3276 1047 3334 'aliis
1059 3295 1066 3333 :
1080 3274 1143 3335 heac
1164 3297 1182 3336 a
1197 3295 1247 3337 me

157 3369 236 3428 facta
249 3381 328 3430 sunt.
370 3371 484 3432 Deinde
497 3391 562 3449 quae
574 3371 695 3449 singulis
709 3370 738 3426 in
751 3367 876 3446 negotiis
882 3367 1015 3426 incidunt
1027 3367 1187 3442 tarditates,
1202 3389 1249 3430 se·

156 3461 457 3540 guitias,inscientias,
465 3463 677 3535 contentiones,
686 3481 752 3539 quae
761 3460 848 3519 insita
858 3468 928 3518 sunt
940 3459 1104 3518 civitatibus
1115 3461 1246 3521 omnibus
1351 3491 1356 3502 ·

156 3565 186 3611 et
199 3555 364 3614 necessaria
373 3564 503 3634 peccata,
518 3574 653 3632 eaquam
668 3553 827 3613 arctissime
839 3550 1037 3630 comprimere,
1051 3562 1081 3610 et
1095 3562 1196 3610 contra
1209 3552 1246 3611 ad

154 3646 344 3706 concordiam
370 3647 582 3725 amicitiamque
601 3656 632 3705 et
656 3646 784 3705 studium
806 3642 964 3723 peragendi
987 3663 1053 3721 quae
1075 3663 1149 3722 opus
1178 3653 1247 3701 sunt

156 3737 305 3797 excitare:
327 3749 413 3818 atque
436 3739 499 3799 hanc
521 3740 655 3800 omniaa
678 3758 723 3796 me
744 3739 822 3798 facta
845 3748 924 3810 sunt,
937 3757 1031 3816 neque
1044 3735 1151 3814 aliquid
1167 3736 1247 3813 quis·

155 3849 246 3907 quam
260 3832 423 3890 mortalium
444 3833 567 3911 reperire
591 3842 689 3910 queat,
716 3831 795 3910 quod
819 3851 842 3910 a¹
858 3850 905 3888 me
929 3839 1069 3908 quantum
1083 3827 1164 3906 potui
1184 3837 1248 3888 erat

155 3923 392 3999 proetermissum.
434 3923 464 3982 si
483 3925 548 4002 quis
571 3924 658 4002 igitur
683 3942 884 4002 quemcunque
912 3930 1004 3999 roget,
1030 3919 1135 3996 quihus
1159 3920 1246 3980 rebus

155 4012 309 4092 Philippus
323 4017 477 4074 maximam
491 4035 668 4093 eorumquae
682 4015 773 4094 gessit
786 4025 897 4094 partem
911 4011 1077 4088 expedierit,
1090 4012 1247 4088 responde-

154 4105 347 4167 buntomnes
374 4107 561 4168 exercitu
596 4117 633 4167 et
662 4106 873 4186 promissis
908 4101 1128 4180 pretioque
1164 4122 1247 4163 cor-

155 4200 396 4277 rumpendis
430 4200 480 4260 iis
508 4202 581 4279 qui
615 4201 734 4260 rebus
767 4204 884 4257 erant
913 4194 1110 4273 proesecti.
1154 4195 1246 4254 Exer-

154 4289 247 4350 citum
261 4291 349 4370 igitur
363 4309 458 4371 neque
470 4292 500 4350 in
514 4312 579 4351 mea
593 4301 737 4370 potestate
750 4287 890 4362 habebam
904 4305 998 4364 neque
1016 4288 1159 4347 ducebam
1180 4307 1245 4364 ego,

153 4387 198 4450 ita
207 4404 305 4464 neque
318 4405 497 4468 eorumquae
510 4386 547 4445 ihi
559 4395 642 4464 gesta
654 4392 724 4444 sunt
743 4381 816 4444 ratio
834 4379 872 4439 ad
886 4399 930 4442 me
944 4381 1083 4459 pertinet:
1106 4378 1246 4440 sedenim
