2948 4954
404 302 459 362 DE
481 301 722 366 REPUBLICA
745 303 1010 394 QRDINANDA,
1135 367 1137 374 ,
1200 311 1257 372 147

154 459 223 518 bns.
265 457 377 520 Hostes
391 471 489 520 autern
501 461 590 520 armis
608 460 764 541 superandi
784 469 863 533 sunt,
875 471 906 521 et
918 461 949 521 in
963 459 1009 525 his
1023 460 1158 524 consistit
1176 461 1256 526 salut

155 547 326 630 reipublicae
339 571 347 611 ε
369 571 423 613 nec
437 553 515 613 enirn
529 562 628 612 vestm
640 553 898 616 senatmoonsnlta
907 553 1035 614 efficient
1048 563 1081 615 ut
1094 552 1187 614 nostri
1204 573 1256 616 eos

152 643 203 721 qui
217 643 330 704 suntin
340 644 427 705 armis
440 645 568 718 vincant,
578 645 631 706 sed
644 645 664 706 ii
676 646 727 725 qui
739 645 841 708 hostes
851 645 938 708 armis
952 657 1102 725 superant,
1117 645 1255 721 efficiunt,

151 743 254 796 utros
269 745 300 796 et
318 736 409 798 libere
428 736 594 800 consultare
609 748 642 801 et
654 739 793 820 quicquid
807 739 955 802 volueritis
971 757 1072 802 secura
1086 759 1173 819 agere
1186 759 1255 818 pos-

148 827 232 896 sitis:
255 830 460 892 naminarmis
469 830 678 904 formidabiles,
692 832 723 892 in
729 832 847 908 judiciis
858 831 1005 892 humanos
1014 843 1068 895 vos
1078 848 1147 894 esse
1155 833 1252 896 decet.

193 923 224 980 7.
245 921 336 989 Quod
348 922 374 982 si
387 923 435 983 cui
447 923 604 1001 grandiora
615 923 696 1003 loqui
708 942 797 1002 quam
809 943 864 1006 pro
877 933 982 984 natura
995 932 1046 983 aut
1057 923 1175 988 fortuna
1185 943 1255 988 maa

148 1011 263 1084 videor,
278 1034 344 1075 eum
365 1034 423 1094 ego
443 1025 523 1078 recte
544 1016 652 1078 sentire
673 1035 801 1078 censeo:
822 1035 890 1078 narn
910 1015 1013 1089 oratio,
1025 1036 1092 1095 quaa
1105 1035 1158 1098 pro
1170 1025 1253 1080 tanta

147 1107 222 1166 urbe
236 1106 381 1186 tantisque
394 1109 432 1169 de
447 1110 534 1170 rebus
547 1108 681 1184 habetur,
696 1129 811 1189 semper
821 1128 882 1170 uno
895 1127 1070 1188 quocunque
1083 1109 1199 1173 oratore
1208 1108 1251 1168 vi·

148 1198 212 1260 deri
226 1201 328 1280 major,
337 1210 368 1263 et
376 1201 416 1262 ad
427 1212 554 1263 vestram
564 1221 624 1264 non
634 1203 673 1264 ad
685 1202 809 1264 dicentis
822 1201 996 1282 dignitatem
1006 1221 1098 1282 prope
1109 1201 1251 1266 accedero

148 1291 250 1352 dehet.
292 1292 354 1352 Cur
367 1303 466 1354 autem
479 1313 580 1356 eorum
593 1311 681 1356 nemo
694 1293 747 1372 qui
760 1313 778 1352 a
796 1293 878 1354 robis
890 1294 1071 1358 honorantur
1083 1293 1148 1354 hmo
1162 1293 1251 1366 dicat.
1301 1308 1303 1314 ‘

148 1383 212 1463 ejus
226 1383 384 1446 reicausas
396 1403 453 1465 ego
461 1386 544 1448 vobis
554 1405 719 1466 exponam:
739 1405 806 1446 nam
817 1385 867 1466 qui
880 1385 919 1446 sd
928 1387 1045 1448 comitia
1056 1387 1250 1450 creandorum

148 1475 372 1554 magistratuum
384 1488 416 1538 et
427 1478 467 1539 ad
480 1499 547 1540 eum
559 1478 690 1540 ordinem
704 1479 858 1549 accedunt,
874 1478 1009 1540 senilem
1021 1478 1052 1538 in
1065 1477 1185 1538 modurn
1194 1475 1251 1538 cir·

150 1579 292 1629 cumeunt
313 1569 351 1630 ad
372 1571 599 1632 eblandiendum
614 1570 817 1652 suffragiorum
827 1571 965 1644 levorem,
978 1569 1179 1660 unusquisque
1198 1587 1250 1630 cu·

150 1663 235 1740 piens
249 1663 450 1743 imperatorem
471 1685 503 1726 se
527 1665 685 1745 designari,
704 1665 765 1726 non
776 1664 868 1726 ullum
880 1664 934 1724 viri
947 1663 1030 1724 sortis
1051 1665 1150 1729 facore
1162 1681 1247 1742 opus.

150 1755 241 1821 Quod
254 1756 280 1814 sl
293 1757 359 1836 quis
373 1757 462 1818 etiam
475 1757 541 1819 talis
558 1763 604 1820 'est
615 1768 650 1819 ut
667 1759 776 1838 aliquid
789 1758 888 1818 conari
902 1757 1052 1831 audeatis
1065 1775 1145 1818 nunc
1156 1755 1250 1834 gloria

149 1858 182 1908 et
199 1850 317 1909 nornine
330 1850 408 1911 urbis
428 1855 535 1912 n'ostroe
548 1852 688 1924 munitus,
701 1871 801 1911 eorum
817 1851 870 1930 qui
881 1850 1072 1912 adversentur
1091 1849 1250 1912 solitudine

146 1941 251 2011 l'retus,
265 1947 320 2002 vos
332 1942 412 2004 bona
420 1963 473 2023 spe
483 1944 628 2004 duntaxat
641 1963 706 2004 esse
715 1943 883 2013 lactandos,
896 1962 992 2020 neque
1001 1941 1155 2021 quicquam
1166 1940 1248 2006 aliud

148 2032 308 2110 agendum,
316 2053 349 2094 se
362 2053 432 2094 vero
441 2035 584 2096 bonorum
597 2044 760 2094 vestrorum
774 2033 1123 2112 tanquamhaereditatem
1130 2053 1248 2096 cernere

148 2144 249 2204 posse,
262 2125 425 2193 existimat:
446 2124 536 2203 idque
554 2144 654 2186 verum
665 2133 723 2184 cst.
765 2125 810 2182 At
823 2125 848 2184 si
861 2143 913 2204 per
925 2125 1118 2204 vosmetipsos
1131 2125 1248 2204 egeritis

148 2220 256 2288 omnia,
268 2239 301 2279 se
314 2229 348 2279 nt
357 2235 478 2298 operum
491 2216 681 2298 ipsorum,·sic
695 2227 725 2278 et
738 2218 923 2296 pramiorunr
935 2236 1002 2296 quse
1013 2217 1064 2278 illa
1072 2227 1247 2298 sequuntur,

147 2329 263 2390 requam
273 2329 340 2371 curn
351 2311 466 2374 coetsris
476 2321 588 2391 partem
600 2307 767 2371 habiturum
775 2309 926 2388 preavidet·
948 2310 1007 2377 Qui
1019 2320 1117 2372 autam
1130 2328 1246 2390 rempu-
1365 2393 1368 2396 ἡ

145 2402 256 2464 blicam
264 2415 368 2482 gerunt
377 2414 408 2464 at
416 2403 447 2464 in
457 2397 493 2465 eo
501 2401 598 2463 studio
608 2414 770 2474 versantur,
781 2401 1166 2466 utilissimadioendisdvos
1175 2417 1246 2466 con·
1295 2393 1299 2400 ’

148 2495 306 2578 suetudine
319 2496 436 2569 omissa,
449 2516 481 2556 se
500 2515 569 2556 curn
580 2495 660 2555 bisce
673 2497 865 2576 conjungunt.
904 2497 950 2556 Ac
969 2496 1048 2576 prius
1062 2497 1177 2576 quidem
1194 2517 1247 2578 pes

49 2628 52 2634 ·
147 2589 262 2650 &sees
285 2588 489 2662 conferebatis,
515 2607 594 2648 nunc
614 2605 683 2648 vero
702 2606 755 2667 per
774 2588 886 2650 classes
906 2590 1114 2670 rempublicam
1136 2591 1247 2670 geritis.

148 2682 258 2744 Orator
271 2682 332 2742 dux
344 2692 402 2755 est,
413 2691 443 2742 at
453 2682 610 2762 imperator
622 2680 692 2741 huic
704 2682 858 2756 obnoxius,
869 2694 901 2744 et
910 2685 960 2761 qui
972 2682 1131 2762 partimbis
1140 2684 1247 2763 partita

147 2775 206 2836 illis
230 2774 428 2854 suffiagentor
447 2773 591 2835 oeoenu:
612 2791 664 2834 sos
678 2771 781 2852 reliqui
795 2772 926 2836 attributi
944 2776 1014 2836 estis
1038 2775 1160 2838 auctarii
1172 2776 1246 2850 vice,

148 2867 198 2928 alii
210 2868 267 2940 bis,
280 2867 340 2928 illis
353 2867 411 2930 alii.
439 2866 545 2928 Erebis
557 2865 645 2946 igitur
658 2867 745 2927 rebus
754 2865 810 2928 hoc
824 2867 1046 2946 censiquimini,
1061 2875 1095 2928 ut
1106 2867 1156 2928 ille
1170 2887 1247 2930 terea

147 2970 250 3021 staua
259 2971 388 3035 ornetur,
397 2959 447 3020 ille
456 2959 496 3020 sit
503 2960 620 3032 beatus,
630 2977 706 3018 unus
713 2968 802 3037 atque
810 2958 886 3020 alter
895 2959 1045 3038 republica
1053 2960 1247 3039 potentiores:

146 3053 252 3132 reliqui
263 3063 356 3114 testes
377 3053 525 3114 felicitatis
541 3053 645 3112 honum
665 3051 787 3125 sedem,
800 3061 830 3112 et
849 3061 883 3112 ut
894 3051 1019 3130 ignaviae
1031 3061 1137 3112 vestroe
1149 3052 1246 3114 indul·

147 3166 218 3227 gere
230 3148 363 3227 possitis,
375 3147 481 3208 multas
495 3156 528 3207 et
539 3165 663 3225 magnas
675 3164 748 3224 opes
756 3163 792 3206 ac
806 3144 1009 3225 gloriamque
1022 3143 1052 3204 in
1066 3144 1170 3206 restris
1183 3163 1246 3210 ma-

144 3241 231 3301 nibus
241 3251 312 3302 sunt
325 3241 448 3322 abjicitis
461 3249 549 3318 atque
561 3238 624 3300 istis
637 3237 808 3306 conceditis.
1240 3293 1242 3300 .

163 3337 164 3342 ’
184 3337 215 3396 8.
237 3335 330 3414 Atqui
343 3333 538 3406 considerate,
551 3350 611 3412 quo
619 3331 650 3391 in
660 3330 728 3391 loco
741 3329 805 3416 brec
818 3329 898 3408 apud
905 3332 1024 3403 majores
1033 3326 1158 3388 fusum:
1178 3347 1248 3394 nam

147 3447 214 3508 quse
227 3427 345 3504 agenda
357 3428 426 3501 sint,
438 3445 499 3486 non
511 3423 614 3486 alienis
628 3421 781 3500 exemplis,
801 3421 856 3482 sad
870 3418 1037 3481 domesticis
1055 3419 1112 3492 usi,
1135 3439 1246 3500 cogno,

146 3520 237 3582 acatis
249 3521 329 3580 lieet.
350 3519 396 3578 llli
410 3517 600 3578 Themistocli
612 3515 696 3594 eujus
708 3512 799 3571 ductu
813 3511 917 3572 navale
931 3507 1062 3588 proelium
1073 3511 1112 3574 sd
1122 3511 1245 3576 Salami-

147 3634 216 3675 nem
229 3614 416 3673 commissum
431 3620 476 3668 est
488 3621 519 3670 et
532 3608 660 3670 Miltiadi
678 3601 873 3664 Marathonio
885 3621 994 3682 pugnae
1006 3601 1076 3662 duci
1085 3602 1246 3684 multisque

147 3705 214 3768 aliis
228 3705 340 3784 quires
353 3721 413 3762 non
424 3719 510 3780 pares
522 3699 569 3758 bis
586 3696 694 3758 nostris
704 3693 828 3755 ducibus
846 3702 1005 3773 gesserant,
1020 3693 1134 3756 madius
1146 3695 1244 3770 fidius,

148 3819 208 3862 non
215 3815 311 3859 sareas
324 3800 436 3856 statuas
448 3786 647 3854 dominabant
659 3805 854 3867 nequesupra
861 3785 980 3848 modum
988 3785 1173 3856 adunabunt,
1181 3787 1245 3863 sed,

148 3905 183 3954 ut
193 3892 244 3972 qui
256 3890 339 3952 nulla
350 3907 381 3949 re
394 3888 505 3968 populo
517 3881 734 3966 prestantiores
744 3889 853 3954 essent,
864 3879 906 3940 sic
916 3897 968 3940 eos
978 3877 1243 3942 nffidebanthono·

147 3987 246 4055 ribuar
267 3983 376 4046 etenim
389 3980 498 4042 auibus
506 3979 621 4040 illorum
634 3976 800 4037 facinorum
809 3973 903 4053 gloria
916 3991 948 4031 se
955 3969 1143 4045 fraudabant,
1149 3991 1245 4053 nequa

148 4081 304 4161 quisquam
318 4075 428 4156 estqui
447 4073 553 4136 nasale
570 4070 703 4152 pralium
715 4068 755 4133 ad
769 4065 944 4127 Salaminem
958 4062 1163 4128 Themistoclis
1180 4087 1245 4129 esse

149 4173 233 4233 dicat
248 4169 300 4231 sed
314 4167 548 4238 Atheniensium,
573 4174 625 4224 aut
640 4158 855 4221 Marathoniam
872 4171 1002 4235 pugnarn
1025 4155 1168 4220 Miltiadis
1191 4159 1244 4236 sed

146 4265 288 4328 civitatis:
310 4255 390 4322 nune
403 4279 472 4325 sero
480 4259 586 4339 vulgus
598 4259 641 4318 its
657 4254 793 4334 loquitur,
807 4250 965 4328 Corcyram
976 4247 1054 4328 cepit
1066 4249 1246 4326 Timotheus,

149 4369 180 4421 et
194 4347 310 4424 liorem
319 4355 426 4420 occidit
432 4340 602 4436 lpbicrates,
610 4360 641 4412 at
648 4346 753 4410 navale
762 4343 803 4406 ad
813 4343 933 4408 Naxum
942 4342 1074 4424 pralium
1084 4332 1154 4406 vicit
1162 4342 1243 4406 Cha.
