2886 4946
389 541 617 638 ιιιιιιιιι
654 541 927 643 Ριιιιιιιι.

132 709 359 822 rnrmrru's
372 747 568 822 'sannam
588 747 847 830 Poruuoonn
868 754 1193 830 nrunurnusmrr

609 890 644 952 s.
666 891 706 951 n.

145 1066 173 1127 l.
195 1065 278 1126 Com
292 1085 372 1146 saepe
385 1067 501 1148 legatos
524 1085 561 1134 ea
574 1067 612 1128 de
623 1086 715 1129 causa
728 1066 866 1140 miserim,
881 1077 916 1128 ut
928 1066 1022 1148 pectis
1036 1077 1067 1128 et
1081 1087 1210 1128 eonven-

107 1159 141 1243 tis
154 1170 310 1234 staremus,
326 1161 415 1240 idque
428 1181 482 1222 ros
496 1161 568 1222 nihil
582 1163 705 1224 moverit
706 1162 948 1243 ,significandum
958 1163 1041 1223 robis
1051 1181 1115 1223 esse
1129 1162 1210 1236 duxi,

106 1254 231 1334 quibus
223 1275 255 1314 ιιι
275 1255 393 1315 rebus
379 1255 521 1335 mjuriam
541 1255 611 1316 mihi
631 1257 694 1318 fieri
709 1256 883 1317 existimem.
925 1255 973 1316 Ne
987 1274 1056 1317 vero
1068 1254 1212 1315 miremini

104 1349 243 1428 epistolae
247 1349 461 1428 prolixitatem:
484 1349 554 1428 quia
566 1351 645 1410 euim
663 1350 763 1410 multae
787 1349 987 1430 conquerendi
1007 1369 1108 1418 causae
1129 1357 1210 1424 sunt,

104 1461 224 1502 necesse
234 1451 281 1501 est
294 1461 395 1502 omnes
408 1443 561 1522 perspicue
575 1443 725 1524 explicari.

139 1538 168 1596 2.
189 1535 236 1594 Ac
250 1534 386 1615 primum,
407 1535 493 1597 Nicia
506 1535 728 1598 caduceatoree
742 1525 808 1597 mea
821 1536 931 1596 ditione
949 1537 1082 1642 abrepto,
1095 1531 1208 1615 nequa·

103 1647 186 1709 quam
199 1649 256 1690 vos
275 1629 406 1690 sontibus
424 1637 543 1709 poenam·
556 1649 674 1708 gravem
688 1615 844 1704 indixistis,
859 1629 912 1691 sed
927 1649 995 1690 erun
1008 1629 1058 1709 qui
1072 1627 1208 1710 injuriam

103 1731 255 1802 acceperat
269 1741 389 1783 carcere
400 1721 504 1783 decem
515 1723 664 1784 mensibus
679 1721 865 1792 detinuistis;
888 1725 959 1804 quin
972 1733 1003 1783 et
1016 1723 1115 1782 literas
1133 1729 1207 1802 qua's

99 1815 126 1875 'ei
137 1816 280 1876 dederam
289 1817 489 1898 perferendae,
504 1809 558 1897 pro
569 1817 711 1878 concione
721 1817 883 1881 recitastis:
906 1817 1015 1878 deiude
1028 1835 1097 1877 cum
1106 1815 1208 1876 Thasii

101 1907 308 1990 Byzantiorum
321 1910 450 1969 triremm
461 1919 491 1969 et
500 1909 609 1994 piratas
625 1911 773 1990 quoslibet
785 1921 872 1990 portu
885 1912 1076 1990 recepissent,
1091 1909 1162 1968 nihil
1175 1909 1207 1970 id

100 2003 176 2064 robis
190 2023 273 2064 curae
290 2002 359 2073 fuit,
374 2020 542 2082 quenquam
556 2013 656 2082 aperte
678 2004 707 2062 in
731 2004 841 2064 foedere
856 2006 999 2084 scriptum
1021 2005 1068 2086 sit,
1083 2023 1137 2083 pro
1151 2005 1207 2064 ho·

101 2097 190 2182 stibus
206 2116 274 2155 esse
287 2095 453 2168 habendos,
466 2096 634 2180 quicunqne
649 2096 678 2156 id
693 2097 814 2162 faciant.
845 2097 962 2157 Rursus
977 2097 1117 2177 peridem
1130 2106 1207 2156 tem-

98 2209 150 2270 pus
165 2188 336 2272 Diopithes,
357 2189 442 2249 iacta·
459 2189 490 2248 in
513 2190 665 2270 regionem
688 2189 1010 2270 meam-impressione,
1034 2211 1094 2250 non
1117 2191 1206 2251 modo

101 2283 249 2362 Crobylen
266 2290 297 2366 et
309 2281 470 2355 Tiristasin,
484 2282 599 2342 ciuibus
610 2282 641 2341 in
657 2283 824 2342 servitutem
840 2281 983 2356 abductis,
992 2283 1128 2362 diripuit;
1151 2284 1206 2344 sed

97 2385 128 2436 et
140 2376 293 2435 finitimam
318 2375 474 2446 Tbraeiam
487 2375 646 2455 populatus
670 2385 734 2444 est;
756 2395 849 2455 eoque
863 2377 984 2436 tandem
999 2377 1139 2456 nequitie
1153 2377 1206 2436 de-

95 2468 188 2542 venit,
201 2468 471 2548 utAmpbilochum
486 2469 589 2548 quide
609 2469 732 2550 captivis
752 2468 928 2530 redimendis
947 2470 1065 2549 legatus
1084 2479 1207 2530 venerat

98 2561 352 2641 comprehensum,
366 2571 400 2648 et
413 2563 442 2622 in
456 2571 618 2623 extremam
640 2563 849 2624 necessitatem
873 2563 1043 2636 adductum,
1064 2580 1125 2625 uon
1147 2565 1206 2624 uisi

96 2674 200 2716 novem
214 2655 331 2715 talentis
345 2657 467 2717 extortis
481 2656 631 2716 dimiserit.
674 2653 714 2738 Et
728 2655 793 2717 haec
807 2658 917 2737 populo
931 2660 1111 2738 approbante
1125 2657 1204 2720 fecit.

97 2748 187 2828 Atqui
202 2765 272 2808 eum
285 2749 398 2808 caeteris
419 2749 555 2808 omnibus
574 2765 741 2829 praeconem
765 2759 796 2810 et
812 2751 926 2832 legatos
949 2751 1057 2812 violare
1080 2753 1203 2832 impium

96 2840 221 2915 videtur,
235 2853 299 2901 tum
325 2842 456 2902 vobisin
468 2843 589 2932 primis.
632 2845 732 2917 Certe,
746 2864 815 2904 eum
826 2845 1021 2924 Megarenses
1037 2847 1205 2907 Anthemo-

94 2935 197 2994 critum
211 2934 409 3008 sustulissent,
422 2946 505 2996 tauta
517 2937 670 3022 iracundia
682 2940 809 3042 populus
824 2940 941 3012 exarsit,
953 2948 987 2998 ut
996 2958 1048 2999 eos
1059 2940 1203 3020 mysteriis

94 3028 276 3106 prohiberem
299 3028 367 3089 etin
381 3015 602 3090 mouumentum
613 3030 724 3136 injurios
735 3041 861 3092 statuam
871 3041 940 3090 ante
952 3037 1052 3110 portes
1066 3033 1201 3119 erigeret.

93 3121 253 3200 Curigitur
265 3139 324 3180 nou
340 3123 545 3202 gravissimum
559 3124 607 3196 sit,
615 3143 672 3184 vos
685 3123 766 3204 ipsos
779 3144 859 3184 nuuc
873 3124 1029 3228 sefacere,
1041 3145 1108 3204 quae
1121 3125 1202 3186 facte

92 3215 129 3274 ab
142 3213 208 3274 aliis
222 3223 284 3272 tam
296 3213 404 3292 iniquis
418 3215 522 3275 animis
535 3215 666 3276 tulistis?
1189 3237 1192 3251 ’

131 3310 160 3368 3.
184 3306 343 3378 Praeterea,
358 3307 468 3368 Callias
482 3317 581 3368 vester
600 3307 758 3388 imperator
770 3311 886 3370 urbes'
877 3331 908 3368 ιιι
932 3310 998 3370 sinu
1020 3309 1201 3406 Pagasiteno

91 3401 162 3462 sitas
182 3401 337 3460 universas
360 3401 447 3480 oepit,
457 3401 544 3464 noba
558 3401 761 3476 loedere,mihi
782 3404 922 3464 societate
936 3405 1125 3484 conjunctam
1148 3407 1200 3486 qui
1233 3419 1256 3428 '¹

88 3511 157 3560 vero
171 3493 204 3560 ιιι
218 3483 437 3556 Macedoniam
433 3486 629 3584 narignbaut,
648 3515 700 3559 eos
719 3515 821 3556 omues
834 3497 963 3558 hostium
977 3498 1042 3559 loco
1053 3499 1159 3558 habuit
1169 3507 1200 3558 et
1286 3533 1290 3541 ·

88 3589 240 3660 vendidit:
263 3599 295 3649 et
313 3597 434 3669 propter
455 3577 521 3649 hese
544 3589 677 3650 facinora
694 3611 747 3650 vos
762 3604 830 3650 eum
844 3591 968 3671 publicis
982 3593 1136 3671 praeconiis
1150 3596 1199 3651 οι-

86 3682 203 3743 nastis:
224 3702 317 3762 quare
330 3682 417 3741 valde
430 3683 545 3766 dubito,
562 3682 633 3762 quid
644 3683 691 3743 his
705 3675 758 3764 per
771 3703 823 3745 vos
838 3684 925 3766 adjici
937 3695 1049 3765 posset,
1062 3705 1086 3744 er
1078 3685 1199 3764 'palam
1248 3735 1254 3742 .

87 3793 206 3835 mecum
224 3775 335 3836 bellum
358 3776 515 3854 gereretis;
538 3795 607 3835 nam
630 3795 703 3860 cum
721 3777 803 3838 haud
826 3779 942 3839 occulte
965 3779 1197 3850 dissentiremus,
1274 3841 1277 3850 ,

85 3869 242 3952 praedones
253 3867 441 3946 emit-tebetis,
455 3889 506 3929 eos
521 3889 571 3950 qur
561 3868 622 3929 ad
636 3889 691 3930 nos
704 3871 883 3951 navigabant
894 3871 1049 3939 vendebat'
1028 3881 1078 3954 ιιι,
1089 3870 1199 3933 adrer-

85 3963 180 4022 sarios
193 3971 310 4023 nostros
318 3949 478 4042 Jurebatis,
488 3981 613 4042 regnum
623 3982 722 4046 meum
735 3964 932 4027 infestabatis.
974 3964 1021 4024 Ad
1036 3983 1102 4025 eam
1112 3961 1197 4026 d'e'ui·

85 4073 146 4134 que
159 4055 345 4162 iniquitatem
360 4064 391 4116 et
410 4055 519 4136 hostile
534 4055 633 4116 odium
649 4075 797 4138 progressr
790 4057 894 4128 estis,
917 4063 951 4116 ut
972 4055 1060 4125 etiam
1084 4057 1196 4131 Persae,

82 4150 186 4209 missis
199 4150 316 4229 legatis,
329 4150 511 4230 persuadere
521 4145 759 4238 studuerrtrsnut
776 4149 848 4209 mihi
869 4144 981 4210 bellum
1002 4149 1141 4230 inferret:
1160 4150 1197 4216 ιιι

84 4243 169 4321 quod
190 4243 317 4302 maxime
342 4243 435 4322 quivis
448 4243 633 4324 demiretur:
666 4253 823 4322 autequam
847 4243 923 4302 enirn
941 4244 966 4304 is
985 4245 1145 4328 AEgypturn'
1166 4249 1197 4308 et

84 4335 271 4396 Phoenieiam
285 4335 422 4417 cepisset,
432 4335 638 4410 decreveratis,
648 4347 682 4397 ut
692 4336 716 4397 si
726 4337 807 4415 quod
815 4357 898 4398 norae
913 4337 955 4396 rei
962 4337 1120 4414 moliretur,
1134 4341 1196 4400 n'ori

83 4432 182 4492 miuus
196 4450 262 4513 ego,
277 4447 368 4512 quam
382 4432 479 4492 caeteri
502 4429 598 4491 Graeri
621 4439 734 4506 omnes,
750 4431 899 4492 'adversus
917 4451 987 4493 eum
1009 4425 1194 4502 accerserers

633 4554 654 4600 Q
