2960 4952
572 602 621 734 ¹s
654 649 711 736 u·
727 647 771 734 e
800 651 839 748 u
870 649 964 738 ur
1077 752 1079 757 .

540 945 544 957 .
648 874 907 970 ANALYSIS

426 1037 697 1152 onarroms
721 1036 786 1155 uu
806 1055 1141 1150 chersoneso.

690 1281 872 1354 &speruus

259 1409 348 1479 Quen
361 1409 576 1466 Atheniensibus
587 1411 786 1468 Chersonesum
800 1409 924 1465 cessisset
933 1411 1124 1478 Cersoblepies
1136 1405 1329 1472 Thraeiaerex,
1347 1437 1349 1440 -
1462 1391 1463 1394 ¹

232 1493 342 1557 Cardia,
354 1491 437 1561 hujus
450 1495 565 1561 regionis
581 1495 703 1547 maxima
723 1495 827 1558 civitas,
847 1493 999 1546 detrectato
1018 1490 1189 1545 Athenarum
1205 1487 1329 1556 imperio,

233 1594 262 1630 se
276 1577 420 1630 addixerat
429 1575 486 1643 regi
497 1575 693 1640 Macedonum,
707 1577 754 1643 qui
771 1591 832 1628 eam
850 1575 878 1627 in
896 1575 978 1627 fidem
991 1590 1068 1628 suam
1081 1589 1113 1626 ae
1126 1573 1241 1626 tutelam
1254 1585 1331 1622 rece-

232 1664 318 1729 perat.
354 1658 495 1711 Miserunt
506 1658 688 1711 Athenienses
696 1659 830 1712 coloniam
838 1658 867 1712 in
878 1657 1086 1720 Chersonesum,
1098 1655 1198 1730 atejus
1210 1651 1328 1706 colouiae

232 1742 331 1794 ducem
343 1740 544 1793 constituerunt
560 1740 731 1807 Diopithem,
752 1746 857 1809 patrem
869 1739 1017 1793 Menandri
1035 1739 1109 1792 illius
1128 1736 1328 1792 comoediarum

233 1821 377 1891 scriptoris.
414 1821 471 1884 Qui
490 1837 553 1873 cnm
572 1821 698 1874 exercitu
717 1821 863 1894 protectus,
884 1825 916 1874 ut
939 1819 1059 1888 Philippi
1071 1824 1162 1873 motus
1173 1823 1202 1871 et
1213 1816 1329 1872 consilia

234 1907 398 1973 exploraret,
416 1918 500 1972 quum
519 1903 593 1956 illurn
612 1904 717 1956 videret
736 1908 894 1972 pergentem
918 1903 987 1956 tueri
1005 1903 1142 1967 Cardiam,
1160 1900 1331 1953 maritimam

235 1987 391 2052 Thraciam,
404 2001 467 2057 quae
488 1985 663 2042 Macedoniae
681 1987 801 2056 parebat,
813 1986 1014 2040 incursionibus
1030 1990 1113 2039 vexat
1128 2001 1161 2038 ac
1172 1984 1331 2052 populatur,

233 2078 262 2123 et
273 2074 419 2137 antequam
432 2083 481 2120 rex
500 2073 652 2121 revertatur
672 2086 688 2120 e
706 2067 839 2137 superiori
850 2069 969 2122 Thracia
985 2069 1034 2121 ubi
1052 2066 1164 2134 gerebat
1174 2067 1286 2128 bellum,
1298 2065 1329 2117 in

231 2156 292 2206 tuta
301 2168 330 2204 se
342 2151 446 2220 recipit.
483 2150 576 2214 Quum
588 2151 632 2203 ilie
645 2151 725 2204 armis
736 2155 804 2204 tuno
814 2151 910 2205 ulcisci
921 2166 975 2204 non
985 2155 1085 2220 posset,
1098 2149 1197 2202 ducem
1206 2145 1329 2202 Atheni·

235 2249 328 2287 ensem
340 2249 388 2300 per
399 2233 492 2285 literas
511 2229 766 2302 accusattanquam
785 2233 863 2302 pacis
882 2233 1049 2286 violatorem.
1085 2231 1215 2285 Oratores
1232 2230 1329 2298 itaque

235 2314 362 2384 Philippo
374 2315 515 2368 studentes
533 2314 561 2376 in
575 2313 736 2386 Diopithem
746 2315 856 2379 invecti,
871 2315 1036 2383 supplicium
1046 2313 1081 2366 de
1093 2329 1127 2365 eo
1138 2311 1208 2365 sumi
1215 2311 1328 2380 jubent.

233 2401 283 2454 Eis
295 2399 453 2452 adversatur
466 2397 673 2470 Demosthenes,
685 2401 767 2467 atque
779 2397 830 2452 hac
847 2397 968 2450 oratione
980 2397 1104 2450 defendit
1121 2392 1289 2464 Diopithem,
1298 2397 1330 2445 et

232 2481 407 2534 vehementer
428 2482 540 2532 accusat
558 2479 725 2550 Philippum,
745 2483 777 2532 ut
793 2479 843 2548 qui
855 2479 1030 2547 priorpacem
1043 2478 1165 2542 violarit3
1183 2480 1266 2544 negat
1277 2475 1331 2528 im·

233 2562 337 2632 primis,
348 2562 413 2614 etin
425 2560 477 2613 hoc
488 2560 573 2612 instat
585 2562 714 2626 maxime,
726 2562 878 2614 exercitum
890 2576 949 2614 esse
957 2560 1162 2614 dimittendum.

702 2733 860 2790 Exordium.

268 2849 403 2906 Hortatur
412 2849 594 2905 Athenienses
603 2854 693 2906 orator
704 2857 744 2919 ut,
755 2855 820 2906 dum
833 2853 879 2906 alii
890 2853 955 2908 odio
964 2853 1007 2906 vel
1024 2853 1114 2920 gralia
1133 2850 1255 2917 adducti,
1269 2854 1328 2906 ani-

233 2951 279 2989 mo
290 2951 341 2989 suo
358 2950 458 2988 morem
477 2931 614 3004 gerentes,
635 2936 739 3002 dicunt,
751 2937 804 3006 ipsi
822 2925 929 3005 eaquae
942 2941 1007 2989 sunt
1018 2952 1034 2988 e
1046 2935 1185 3004 republica
1194 2938 1223 2987 et
1234 2935 1329 2989 decer·

232 3021 301 3071 naut
312 3019 341 3069 et
352 3016 460 3070 iaciant.
496 3016 596 3070 Monet
607 3015 653 3070 hic
671 3033 726 3078 non
747 3019 792 3086 agi
811 3019 846 3072 de
866 3018 999 3086 Diopitbo
1020 3021 1049 3070 et
1069 3017 1129 3084 ejus
1141 3016 1217 3083 actis,
1229 3017 1278 3069 sed
1290 3018 1327 3070 de

234 3099 556 3164 Chersonesoserranda,
572 3099 620 3150 sed
641 3100 676 3152 de
696 3099 821 3168 Philippo
839 3099 1000 3168 coercendo,
1020 3115 1056 3152 ne
1070 3116 1104 3152 ea
1121 3099 1167 3152 ille
1183 3099 1327 3168 praen'pial,

230 3199 297 3252 qnae
308 3181 414 3236 restitui
430 3180 457 3232 in
469 3179 605 3249 integrum
619 3195 672 3238 uon
684 3184 822 3249 poterunt.

691 3352 871 3424 Confirmatio.

271 3475 309 3526 1⁰.
327 3471 383 3524 Eos
396 3475 514 3525 oratores
535 3471 679 3541 impugnat
698 3473 899 3526 Demosthenes
909 3473 956 3541 qui
968 3471 1097 3528 dicebant
1109 3472 1206 3527 decere
1216 3475 1327 3528 omuino

234 3554 266 3606 ut
278 3553 416 3621 consultor
426 3551 506 3621 plane
519 3555 561 3606 rel
573 3555 676 3608 bellurn
687 3571 781 3622 gerere
793 3556 835 3608 vel
847 3570 952 3608 servare
965 3571 1060 3624 pacem
1069 3555 1188 3624 juberet.
1226 3557 1327 3611 Osten-

120 3685 122 3692 ,
233 3635 274 3688 dit
287 3649 341 3702 nou
353 3633 411 3701 dari
422 3633 570 3702 optionem,
582 3638 630 3689 sed
642 3637 708 3689 illud
722 3637 843 3689 omnium
852 3635 1034 3702 justissimum
1047 3638 1221 3708 maximeque
1232 3654 1328 3692 neces-

232 3715 334 3849 sarirpm
345 3715 460 3784 relinqui
472 3714 683 3771 Atheniensibus
695 3721 727 3771 ut
741 3733 805 3771 cum
821 3717 989 3774 ulciscantur
1000 3719 1048 3788 qui
1060 3720 1133 3788 prior
1143 3720 1209 3789 ipsis
1221 3721 1326 3776 bellum

232 3802 426 3975 pugnum*
435 3875 652 3952 nouexercitum
662 3895 722 3934 esse
730 3880 934 3949 dimittendum,
945 3883 1019 3952 quod
1027 3882 1091 3937 inde
1099 3883 1327 3954 plursevenirent
1371 3886 1373 3892 '

169 4033 179 4056 ⁹
231 3963 484 4098 miltiimtibirainodo
495 4060 551 4097 non
570 4044 749 4098 dimittendus
761 4050 803 4098 est
821 4045 967 4114 exercitus,
979 4047 1029 4100 sed
1039 4045 1118 4102 noris
1129 4049 1212 4101 etiam
1224 4064 1326 4117 suppe-

231 4123 277 4177 tiis
290 4125 439 4191 augeudus‚
449 4127 502 4180 nisi
514 4126 597 4179 velint
617 4125 803 4184 Athenienses
822 4143 855 4180 ea
873 4127 961 4200 faeere
974 4145 1035 4196 quse
1049 4128 1169 4182 maxime
1182 4129 1326 4199 Philippus

230 4206 340 4275 optarit,
351 4209 379 4257 et
390 4222 423 4260 eo
434 4207 516 4262 modo
534 4225 563 4262 se
576 4225 670 4278 gerere
687 4224 744 4278 quo
754 4209 799 4262 ille
811 4209 913 4278 cupiat.
951 4209 1082 4279 Hincque
1094 4227 1144 4290 per
1153 4212 1325 4265 occasionem

230 4287 494 4443 iepsppdrpffilrpgatqui
507 4305 596 4363 neque
607 4291 715 4362 possint
725 4290 873 4366 quiescere,
882 4307 973 4381 neque
986 4308 1019 4362 ea
1028 4308 1109 4366 agere
1121 4293 1249 4364 studeant
1260 4310 1324 4366 quse
