2920 4950
230 258 270 320 ca
534 250 691 316 oenum
715 249 772 316 nn
794 193 1028 316 ιιιιοιιιιο.

213 393 355 472 'vareris
376 407 466 476 Quod
485 409 510 469 si
524 417 655 470 oratores
669 400 838 468 calumniari
850 415 1016 486 pergerent,
1028 412 1060 466 et
1073 403 1128 486 ipsi
1141 412 1240 468 tamen
1261 407 1333 472 soti·

230 500 423 580 berentnihil,
433 521 485 582 per
497 500 576 580 quod
590 510 622 560 et
633 519 693 580 pan¹
701 499 872 587 firmaretur,
884 508 915 558 et
927 495 1080 578 Philippus
1093 497 1239 566 desineret
1248 497 1334 578 perfi-

233 593 289 656 dus
302 594 414 666 haberi,
428 591 592 654 istiusmodi
604 591 770 652 hominibus
785 610 844 651 nou
857 611 920 650 esse
935 591 1172 662 auscultandum.

276 687 305 748 6.
328 685 407 746 Haec
420 703 473 746 vos
488 685 640 746 audientes
655 684 836 764 probabatis,
855 694 886 744 et
900 684 1042 744 dicebatis
1062 684 1227 764 Pythonem
1250 703 1338 762 mque

234 780 443 863 postularant
465 790 548 840 erant
569 799 663 858 aequa.
702 778 884 840 Dicebantur
904 789 1003 838 autem
1023 799 1083 838 ιιοιι
1103 787 1139 841 ut
1157 797 1194 841 ea
1215 798 1282 857 quoe
1294 778 1338 840 illi

236 875 320 938 utilia
331 875 460 944 luerunt,
475 885 505 933 et
514 893 568 953 pro
583 874 689 952 quibus
704 891 843 950 magnam
857 871 1015 950 pecuniam
1029 871 1181 950 dilargitus
1199 871 1306 943 fuerat,
1321 889 1338 931 e

235 966 344 1031 foedere
358 966 541 1039 tollerentur,
555 966 607 1026 sed
623 965 659 1026 ab
675 963 756 1024 ¹istis
769 964 817 1024 hic
835 963 983 1042 magistris
994 965 1073 1044 prius
1087 965 1210 1024 edoctus
1230 964 1339 1036 fueret,

236 1058 286 1142 qui
302 1058 448 1138 putabant
467 1057 531 1116 fore
554 1055 698 1117 neminem
713 1055 762 1133 qui
776 1053 952 1116 Philocratis
973 1055 1092 1116 decreto
1106 1073 1158 1135 per
1170 1056 1249 1133 quod
1265 1057 1339 1116 Am·

236 1150 362 1230 phipolis
378 1148 470 1228 periit,
492 1149 672 1210 intercedere
693 1146 824 1208 auderet.
861 1147 927 1225 Ego
949 1167 1029 1216 vero,
1046 1148 1253 1221 Athenienses,
1266 1148 1342 1228 nihil

237 1242 415 1314 contrarium
430 1240 544 1322 legibus
559 1241 685 1300 scribere
700 1259 788 1300 ausus
802 1259 878 1311 sum,
892 1249 923 1298 at
940 1239 1058 1300 decreto
1072 1240 1245 1304 Philocratis
1259 1223 1342 1319 quod

239 1354 308 1394 cum
321 1333 436 1412 legibus
450 1333 610 1412 pugnabat,
624 1332 728 1411 scripsi
743 1333 898 1402 contraria,
911 1342 1007 1412 utego
1019 1332 1236 1398 demonstrabo.
1260 1333 1342 1394 Nam

239 1424 415 1486 Philocratis
429 1425 581 1484 decretum
592 1442 652 1504 quo
662 1443 714 1482 vos
727 1423 895 1502 perdidistis
906 1424 1116 1531 Amphipolim,
1130 1424 1273 1504 prioribus
1284 1427 1342 1486 'de-

240 1519 327 1582 cretis
338 1517 545 1578 adversabatur
562 1536 614 1596 per
628 1535 694 1594 qum
707 1533 760 1576 vos
773 1513 854 1574 illam
868 1516 1032 1576 obtinuistis
1047 1517 1205 1596 regionem.
1227 1518 1276 1579 Ao
1289 1518 1344 1579 de-

241 1622 355 1674 cretum
371 1611 491 1692 quidem
506 1610 681 1672 Philocratis
695 1618 759 1668 erat
771 1607 886 1693 legibus
899 1611 1086 1684 comrarium,
1103 1631 1198 1690 neque
1211 1611 1274 1672 lieri
1289 1633 1344 1692 po*

240 1715 317 1768 terat
330 1715 363 1770 ut
375 1705 399 1791 is
418 1699 476 1782 qui
487 1703 624 1764 scriberet
636 1702 752 1782 legibus
768 1720 907 1780 congrua,
928 1703 1066 1772 scriberet
1079 1713 1276 1769 consentanea
1290 1705 1345 1766 der

243 1796 446 1876 cretolegibus
460 1794 614 1856 contrario.
637 1794 738 1864 Quum
752 1802 849 1852 autern
837 1794 1001 1872 prioribus
1015 1796 1073 1856 illis
1085 1797 1221 1868 decretis,
1230 1807 1346 1876 eumer
1444 1794 1446 1798 ’

242 1887 374 1976 legitima
399 1897 493 1957 erant,
519 1897 549 1946 et
574 1895 698 1946 uestram
722 1885 807 1944 robis
831 1888 988 1949 servabant
1007 1887 1158 1960 ditionem,
1184 1889 1346 1948 scriberem

148 2025 156 2042 .
241 1990 451 2064 consentanea,
464 1985 532 2038 bum
545 1978 676 2058 legitima
695 1976 807 2056 scripsi,
829 1988 892 2039 tum
905 1977 1071 2061 Philippum
1093 1981 1223 2058 coargui,
1241 1989 1276 2040 ut
1295 1981 1346 2059 qui

244 2081 274 2136 et
287 2073 389 2134 sucum
407 2071 489 2132 vobis
504 2070 623 2142 faceret,
636 2082 666 2130 et
678 2088 782 2148 pacem
797 2068 890 2131 nollet
906 2071 1063 2144 emendari,
1078 2070 1130 2132 sed
1147 2072 1178 2130 id
1195 2082 1302 2150 ageret
1314 2081 1347 2132 nt

244 2166 406 2226 oratoribus
418 2149 585 2247 reipublipae
600 2163 736 2224 studiosis
750 2162 823 2223 fides
834 2162 914 2242 apud
928 2182 979 2223 uos
992 2165 1193 2254 abrogaretur.
1214 2167 1264 2226 Ac
1276 2181 1347 2227 euru

243 2244 363 2348 ¹quidem
377 2256 494 2318 foederis
514 2255 691 2320 emendandi
704 2253 851 2315 licentiam
871 2274 960 2332 quam
978 2249 1059 2322 vobis
1079 2256 1172 2327 dedit,
1187 2277 1267 2318 nunc
1283 2278 1303 2317 a
1316 2278 1347 2317 se

245 2349 346 2416 datam
355 2369 419 2410 esse
433 2367 553 2430 negare,
567 2367 669 2410 ornnes
680 2347 771 2408 sertis
793 2345 873 2406 Drert
881 2365 951 2408 vero
960 2363 1043 2406 suam
1053 2365 1119 2408 esse
1129 2347 1347 2428 Ausphipolimr

241 2443 353 2532 quippe
363 2461 415 2502 vos
429 2461 493 2502 eam
507 2441 561 2500 sibi
575 2439 744 2518 tradidisse,
756 2457 863 2518 quum
863 2438 1061 2504 decerneretis
1081 2449 1114 2500 ut
1132 2460 1199 2519 quae
1215 2439 1348 2506 habene

244 2536 376 2601 haberet.
407 2533 499 2612 Atqui
512 2552 563 2594 vos
577 2533 637 2592 tale
651 2532 801 2599 decretum
816 2550 886 2590 sane
900 2531 1020 2602 fecistis,
1033 2541 1066 2592 at
1089 2532 1314 2616 Amphipolim
1304 2553 1348 2612 sp

246 2629 305 2690 sius
318 2647 384 2688 esse
398 2645 547 2709 nunquam
561 2621 739 2684 decrevistis.
776 2623 890 2698 Heberi
899 2624 974 2685 enirn
989 2635 1113 2702 puerunt
1127 2626 1215 2688 etiem
1229 2625 1347 2694 alienae

243 2739 303 2788 ‚nec
321 2738 421 2780 omnes
437 2739 488 2800 qur
479 2718 619 2786 habent,
634 2736 686 2776 sua
699 2715 819 2794 habent,
833 2736 923 2795 quum
937 2718 1022 2778 multi
1039 2719 1127 2782 etiam
1142 2718 1237 2782 misna
1251 2720 1348 2798 possis

248 2811 349 2874 deaut.
379 2812 479 2879 Quare
499 2807 563 2870 istm
576 2810 654 2868 illius
667 2808 790 2888 argutiae
804 2809 910 2887 inepta
924 2820 1002 2870 sunt.
1038 2812 1086 2870 Ac
1100 2811 1210 2872 decreti
1226 2812 1348 2890 quidem

249 2900 425 2965 Philocratis
439 2902 581 2974 meminit,
596 2900 733 2980 epistolas·
746 2909 842 2964 autern
860 2899 1044 2978 illiusquam
1064 2901 1142 2962 misit
1158 2901 1263 2962 advos
1278 2903 1348 2962 dum

243 2983 618 3078 ‚obsideretlAmphipolim
631 2992 739 3054 oblitus
749 3002 818 3068 est;¹
834 2991 864 3050 in
874 3011 933 3070 qua
944 2995 1136 3062 confitebetur
1149 2992 1348 3074 Amphipolim

249 3107 314 3151 esse
327 3096 462 3160 vestram,
477 3095 507 3146 et
524 3085 714 3169 promittebat
727 3103 793 3146 cam
806 3103 839 3144 se
852 3085 935 3158 vobis
946 3086 1126 3147 redditurum
1141 3088 1164 3146 si
1178 3105 1348 3166 expugnas*

250 3187 306 3252 eet,
317 3189 351 3238 nt
364 3198 430 3258 quse
444 3187 523 3240 esset
535 3187 644 3250 vestra,
655 3196 715 3238 ιιοιι
727 3195 829 3256 eorum
845 3178 895 3254 qui
909 3187 980 3238 tunc
991 3180 1139 3243 tenebant.
1160 3179 1289 3240 Proinde
1300 3179 1349 3257 qui

244 3273 342 3374 prius·
344 3269 513 3332 incolebant
523 3269 721 3350 Amphipolim
735 3287 823 3346 quam
837 3287 902 3342 eam
914 3268 943 3327 vi
956 3281 1073 3347 caperet
1083 3270 1251 3348 Philippus,
1258 3271 1350 3332 Athe-

250 3361 395 3422 niensium
408 3364 557 3448 regionem
570 3360 717 3420 hebebant
730 3359 859 3418 scilicet:
887 3371 1042 3439 postquam
1056 3381 1124 3428 vero
1144 3362 1269 3425 eandem
1279 3361 1349 3427 Phi-

249 3451 346 3532 lippus
360 3453 447 3532 cepit,
460 3472 520 3510 ιιοιι
532 3461 614 3512 tenet
626 3451 775 3530 regionem
788 3449 1020 3541 Atheniensium,
1034 3453 1087 3514 sed
1101 3471 1192 3514 suam.
1220 3454 1292 3514 lmo
1311 3474 1349 3514 ne

245 3543 345 3625 Olynt
332 3545 415 3607 thum
431 3543 558 3624 quidem,
573 3563 634 3603 non
648 3542 844 3622 Apolloniam,
858 3563 918 3604 non
933 3543 1074 3606 Pallenen
1091 3554 1171 3614 tenet
1182 3554 1217 3604 ut
1229 3546 1351 3618 alienos,
1441 3567 1442 3570 ¹

253 3637 456 3700 sedut²suas
474 3634 1213 3718 Numquidvobisrideturcauteetciroumspeote³
1223 3640 1350 3706 scribere

254 3732 360 3804 omnia,
372 3741 405 3792 ut
418 3738 558 3810 appareat
571 3737 677 3790 eumet
689 3728 785 3789 dicere
799 3739 924 3808 etagere
937 3750 1003 3809 qum
1017 3731 1097 3810 apud
1105 3751 1206 3793 omues
1217 3731 1350 3798 homiues

248 3829 330 3900 justa
343 3822 496 3892 habentur,
512 3840 546 3881 ac
561 3840 621 3880 non
635 3820 761 3902 potius
745 3819 896 3900 hominum
910 3815 1151 3896 existimationem
1168 3823 1285 3902 penitus
1298 3825 1350 3884 de·

254 3915 376 3994 spicere,
389 3912 439 3994 qui
461 3913 609 3991 regionem
622 3911 701 3975 illam
714 3930 800 3994 quam
815 3889 911 3991 Greci
930 3924 961 3974 et
983 3933 1034 3974 rex
1045 3914 1201 3976 Persarum
1215 3915 1349 3979 deereve»
1440 3899 1441 3912 ¹

254 4017 322 4066 runt
336 4016 367 4066 et
378 4007 505 4068 confessi
521 4014 592 4066 sunt
604 4024 669 4092 esse
691 4012 826 4100 vestram,
842 4024 907 4065 eam
930 4026 1011 4068 suam
1026 4026 1093 4068 osse
1106 4016 1137 4066 et
1151 4026 1210 4066 non
1224 4019 1349 4071 vestram

255 4098 428 4180 assereret?
1439 4169 1440 4186 χ

296 4194 325 4250 7
347 4171 449 4261 Queat
436 4200 497 4253 turn
519 4190 557 4256 ad
579 4191 700 4252 alterum
722 4199 810 4270 caput
832 4189 945 4270 quod
938 4212 967 4250 ιιι
987 4211 1060 4272 pace
1082 4191 1296 4278 emendaristis,
1318 4197 1350 4250 ut
1439 4187 1440 4206 ³

290 4321 516 4375 1ιιοιιιιιίιιιιιίιιίι
526 4322 650 4382 magistris.
666 4320 763 4372 Woar.
851 4321 906 4372 ³Arl
919 4337 960 4372 ros
974 4323 1051 4373 omnia
1062 4322 1173 4376 aarum.
1186 4323 1266 4378 lusu.

289 4392 301 4422 ¹
311 4391 369 4437 Suae
379 4386 519 4456 provincias.
531 4387 609 4434 lusu.
