2912 4946
212 267 315 348 ,rm
528 285 704 349 courum
726 282 1022 347 rmonumnu.

226 461 393 504 neces-se
422 441 594 506 esseut
630 433 823 532 posssidet
857 415 1128 530 comprobent,
1160 436 1324 515 si'qnis

223 538 350 598 vades
372 539 466 600 dar-e
489 536 600 618 velit,
618 549 725 600 contra
738 533 840 598 omnes
860 538 942 616 leges
956 533 1127 598 existiment
1147 549 1324 602 conservan-

222 629 296 690 dum
314 649 381 692 esse
393 641 519 705 sontem,
533 643 564 693 ot
579 633 657 713 apud
673 647 725 692 vos
745 632 925 691 damesmm.
958 630 1035 688 Nam
1048 642 1140 706 quum
1158 627 1187 686 ei
1207 623 1324 684 radium

223 725 461 786 constitutionem
475 723 607 805 quolibet
621 717 757 806 'tempore
773 725 895 785 liberant
908 723 1021 794 iecerit,
1036 719 1211 781 ficultstem
1234 714 1324 786 dedit,

221 833 259 875 no
273 811 345 895 quid
359 833 489 896 nuqusm
502 816 1008 898 sornat„noque·rsmenvinoistur.·
1025 813 1193 881 Quisanim
1207 827 1267 870 non
1281 811 1323 872 in·
1394 875 1400 887 ¹

182 931 194 956 ι
221 908 319 968 veniet
337 909 409 970 viles
424 910 579 972 hominest
601 911 670 984 Qui,
686 907 736 970 ubi
750 911 803 970 voi
813 925 874 990 *sos
888 905 1143 990 improbaveritin
1157 903 1323 979 discedant,

222 1017 291 1060 nsm
305 1002 331 1060 si
343 1003 409 1081 quis
419 1023 498 1077 sum,
509 1003 606 1084 utqui
617 1004 708 1065 vades
722 1022 780 1063 non
794 997 917 1074 doderit',
931 1003 961 1060 in
976 999 1096 1062 vinonio
1108 995 1281 1078 postulabit,
1294 1015 1322 1055 se

221 1103 253 1154 et
266 1096 347 1168 dare,
364 1107 398 1156 et
409 1098 549 1158 datumm
571 1099 660 1172 dicet,
681 1109 710 1158 et
723 1098 807 1158 istius
815 1089 916 1178 'legem
930 1095 1070 1177 proferet,
1083 1111 1161 1172 quoe,
1177 1089 1251 1151 ¹oum
1263 1090 1322 1169 ipse

220 1181 300 1261 veiit,
322 1192 500 1252 constituere
513 1192 728 1272 vadesjubest,
750 1191 866 1250 interim
885 1188 1039 1261 custodiri,
1055 1197 1094 1252 ,et
1113 1185 1138 1245 si
1158 1201 1213 1244 vos
1234 1182 1321 1242 rades

221 1272 399 1356 improbetis,
420 1282 450 1340 in
465 1283 590 1343 vinculis
604 1303 680 1356 esse,
693 1303 753 1344 non
764 1282 877 1361 jubeat.
907 1273 958 1339 sio
971 1279 1031 1340 istu
1042 1279 1092 1337 lex
1106 1293 1210 1336 terere
1229 1273 1320 1354 quod·

221 1369 290 1428 dnm
305 1367 564 1450 praesentissimum
577 1376 739 1439 remedium
752 1383 798 1434 e'st
811 1369 978 1434 hominibus
988 1371 1159 1452 injuriarum
1173 1367 1321 1427 studiosis.
1437 1389 1438 1398 ¹

223 1457 389 1525 Etvero
409 1467 477 1545 qui
499 1459 621 1528 vades
644 1462 884 1536 constituit,
904 1464 944 1526 si
969 1457 1200 1522 reddiderit
1227 1457 1320 1518 oiri·

219 1557 299 1615 tati
332 1569 543 1638 argentum
580 1571 751 1644 propter
782 1558 885 1638 qnod
917 1556 1028 1616 vadas
1050 1551 1177 1624 dedit,
1200 1551 1319 1622 abire,

156 1647 160 1656 ‘
219 1643 328 1727 inquit,¹
346 1652 485 1714 liceat
496 1653 684 1716 vinculis.
708 1649 1167 1712 Rursushiosmalitiasuanon
1179 1643 1320 1715 discessit,

220 1741 257 1800 de
272 1761 330 1820 qua
342 1745 431 1822 paulo
451 1756 519 1806 aute
534 1746 603 1819 dixi,
620 1765 675 1806 noo
691 1746 737 1805 sui
751 1746 860 1806 oblitus
874 1753 931 1813 est,
946 1755 1044 1819 neque
1058 1737 1176 1818 scripsit
1195 1737 1318 1797 aestima-

218 1833 329 1893 tiouem
343 1835 402 1896 litis
416 1855 483 1896 cum
506 1839 682 1907 accessione,
706 1838 759 1896 sed
779 1838 840 1909 ubi,
861 1835 965 1915 iuquit,
982 1831 1148 1893 reddiderit
1168 1839 1318 1908 argentum

189 1991 194 1999 ¹
220 1927 301 2004 qnod
311 1925 598 2001 debueratsinoulis
608 1931 755 1989 liberetur.
794 1928 867 1987 Sin
891 1935 1089 2005 argentum
1107 1939 1178 1982 nou
1202 1941 1317 1981 name-

219 2019 318 2077 rarit
342 2019 405 2079 vel
425 2021 520 2099 ipse,
544 2022 609 2081 vel
631 2021 765 2094 tedes,
787 2037 881 2080 nono
903 2027 1075 2079 senatus
1099 2025 1317 2085 conventu,

220 2107 251 2168 is
277 2112 344 2188 qni
378 2114 600 2192 spons-ione
632 2111 835 2174 liberatus
868 2121 934 2180 est
970 2111 1010 2169 in
1038 2107 1207 2170 vincula
1233 2127 1318 2168 eon·

214 2202 389 2281 jieiatur,
421 2207 581 2266 v'adium
607 2208 710 2266 bona
742 2201 1025 2286 publicentur.
1060 2203 1095 2260 In
1116 2201 1319 2261 lrooexusmo

217 2294 324 2373 capite,
346 2296 408 2375 ipse
429 2315 495 2360 sese
511 2297 679 2378 injuriarum
693 2293 847 2357 manifeste
861 2297 992 2380 damnat.
1020 2293 1089 2354 Non
1107 2294 1186 2352 enim
1208 2292 1241 2352 in
1258 2292 1318 2351 uni·

217 2390 442 2466 versum,qnssi
462 2389 493 2448 id
512 2400 598 2470 turpe
618 2401 671 2450 sut
690 2391 773 2452 mres
792 2388 974 2458 existimarit,
995 2385 1089 2446 ulium
1108 2385 1205 2446 civem
1225 2384 1319 2444 uinciri

127 2529 140 2538 .
216 2479 324 2539 notuit:
344 2481 477 2542 sedeam
492 2483 686 2553 occasionem,
702 2503 762 2561 que
775 2479 1268 2558 sonnmoorrmcompnhenomo
1287 2477 1317 2536 li-

217 2573 314 2643 oebat,
327 2572 499 2647 suffuratus,
513 2569 622 2635 nomen
635 2575 771 2654 supplicii
785 2573 920 2633 sumendi
934 2571 1016 2632 vobis
1029 2570 1143 2630 effectis
1158 2571 1265 2650 injuris
1277 2588 1318 2628 re-

216 2659 312 2739 liquii,
324 2681 384 2721 rem
397 2664 491 2743 ipsam
504 2667 634 2738 sustulit,
649 2676 679 2726 et
692 2666 738 2726 his
752 2667 803 2745 qui
816 2675 943 2725 vestram
957 2662 1113 2743 pecuniam
1131 2663 1161 2722 vi
1180 2662 1319 2734 detinent,

89 2731 91 2738 ,
148 2749 151 2756 ’
216 2754 390 2832 impunitate
403 2758 563 2836 proposita,
577 2768 692 2818 tantum
707 2777 768 2818 non
782 2757 946 2838 adscripsit,
965 2755 1054 2817 licere
1073 2754 1115 2814 iili
1129 2756 1208 2815 diem
1225 2756 1318 2858 dioers

197 2846 375 2924 judicibus,
391 2850 442 2929 qni
456 2851 579 2911 vinculis
592 2852 765 2911 addixerint.

256 2943 307 2999 24.
322 2941 399 3000 Cum
409 2944 507 3002 sutem
513 2943 813 3006 muitsiutolersbilis
824 2943 893 3012 sint,
904 2907 1184 3020 quoelegiinieruit,
1197 2941 1232 3000 id
1243 2940 1318 3020 quod

120 3051 126 3060 ‘
216 3033 372 3094 maximam
386 3035 618 3114 indignationem
634 3046 759 3095 meretur
762 3035 842 3114 ,jam
855 3034 938 3094 vobis
952 3032 1060 3092 dicam.
1082 3033 1163 3091 Nam
1179 3052 1249 3110 qum
1270 3053 1318 3112 par

215 3134 310 3186 totam
318 3125 414 3230 legam
434 3126 515 3200 dicit,
534 3127 575 3188 sd
590 3145 656 3187 eum
666 3127 821 3204 pertinent
831 3125 938 3185 omnia'
947 3144 997 3202 qur
990 3125 1114 3184 'serim'
1118 3125 1317 3186 constituerit:

215 3235 243 3280 et
251 3237 320 3278 vero
327 3237 383 3296 qur
390 3238 449 3278 nou
459 3221 654 3288 constituerit,
666 3237 762 3297 neque
773 3217 916 3323 meliorus,
926 3235 1024 3295 neque
1032 3215 1205 3290 deteriores,
1214 3218 1319 3297 quide·

215 3309 307 3388 nique
316 3309 434 3370 nuliam
438 3311 526 3373 vestri
534 3313 677 3372 tutionem
688 3285 831 3388 habuerit,
845 3309 967 3370 nuliam
971 3329 1068 3388 neque
1082 3329 1319 3390 possumusque

152 3419 155 3429 ·
216 3402 358 3462 ultionem
372 3403 537 3484 adscripsit,
554 3405 608 3466 sed
622 3413 740 3466 tantam
748 3403 852 3473 dedit'
844 3402 1058 3482 impunitatem,
1064 3413 1183 3484 quanto
1196 3406 1319 3464 maxima

215 3494 400 3575 dari-potest.
429 3497 507 3556 Nom
517 3508 549 3558 at
561 3507 676 3578 tompus
689 3498 781 3558 vades
792 3495 981 3556 constituenti
989 3494 1135 3568 definivit,
1149 3509 1264 3557 nouum
1276 3517 1318 3558 se·

214 3578 506 3668 natuscouventum.
539 3589 633 3669 idque
651 3591 722 3650 indo
741 3599 849 3670 potest*
859 3589 992 3668 intelligi.
1027 3589 1209 3670 Adscripsit,
1228 3591 1319 3670 pnbii⁴

214 3681 312 3744 sanda
329 3701 394 3742 esse
407 3683 629 3756 bonamdium,
641 3683 746 3762 siquis
759 3703 819 3742 non
834 3681 968 3742 solverit.
997 3681 1071 3757 Ejus
1084 3695 1154 3742 vero
1167 3684 1221 3760 qni
1233 3684 1319 3744 voro

214 3795 275 3834 non
289 3773 380 3846 dedit,
399 3774 473 3833 nulli
487 3775 586 3853 utique
604 3775 776 3842 redonense
789 3782 922 3854 possunt.
954 3773 998 3832 Ao
1017 3773 1194 3853 presidibus
1210 3795 1231 3834 s
1242 3774 1319 3836 vobis

190 3887 193 3896 ’
215 3880 294 3929 sorte
308 3868 430 3930 delectis
444 3869 482 3929 'ad
492 3869 701 3950 judicandum,
708 3867 915 3928 necessitatem
930 3865 1083 3946 imposuit,
1092 3866 1194 3944 siquis
1208 3865 1319 3927 dederit

215 3959 390 4040 reeipiendi.¹
402 3961 810 4042 Rsmpublioamioedentibns
817 3959 930 4019 nullam
939 3959 1095 4038 adscripsit
1102 3959 1318 4032 mendositatem,

215 4053 494 4133 sedtnnqusmbene
503 4055 613 4115 meritis
620 4054 769 4134 optionem
779 4052 872 4124 dedit,
882 4063 979 4112 utrum
988 4051 1060 4110 dere
1068 4060 1173 4130 poeuas'
1180 4052 1317 4123 debeant,

213 4164 318 4206 aeone.
339 4149 484 4212 Quonam
495 4147 583 4226 igitur
592 4147 641 4210 lsx
652 4147 708 4206 ista
717 4145 820 4204 minus.
825 4144 917 4217 utilis,
926 4152 979 4204 aut
990 4142 1149 4223 improbior
1160 4145 1317 4225 excogitari

213 4249 314 4318 quest,
323 4259 391 4318 qnos
404 4241 538 4319 primum,
550 4240 587 4300 de
600 4239 647 4300 his
661 4239 712 4318 qui
724 4233 852 4322 antehac
865 4238 895 4300 in
902 4235 1048 4317 judicium
1061 4235 1183 4297 adducti
1195 4238 1315 4308 iuuant,

214 4331 362 4392 contraria
370 4331 474 4406 uestris
485 4333 637 4392 sententiis
646 4333 770 4413 imperat
776 4352 790 4392 :-
796 4331 920 4404 deinde,
931 4349 1021 4411 quun
1031 4331 1068 4389 iis
1077 4330 1166 4409 quiin
1174 4330 1315 4410 judicium

212 4423 382 4486 adducendi
390 4435 472 4498 sunt,
480 4425 565 4486 litem
573 4425 727 4488 sennan·
730 4426 837 4506 jubeat
847 4420 1096 4510 juratosjsdioss,
1108 4422 1314 4484 einnonem·

216 4514 286 4574 isoit
299 4515 413 4580 irritssr
434 4527 579 4595 praterea
596 4517 706 4602 erariis
720 4517 832 4580 aditum
851 4517 892 4580 ad
908 4515 1099 4598 magistratus
1117 4513 1265 4596 relinquid
1283 4531 1313 4575 θ
