2912 4946
200 295 276 354 'rao
317 369 320 378 1
361 270 365 280 ’
440 244 1003 404 1’ι”ιιιιιιιιἰιιιοοιιιίιιιι
1090 308 1102 362 f
1139 327 1142 331 -

216 444 321 525 otetur,
338 463 415 512 cum
419 464 448 514 et
462 443 657 536 vectigalium
668 456 778 518 reditus
794 477 853 516 nou
867 456 1011 548 sufficient
1029 447 1205 561 sumptibus.
1222 452 1313 512 Ι-Μιιι
1391 476 1396 480 ·

213 553 300 622 taque
314 566 373 605 non
388 547 558 627 explebunt,
571 560 602 608 et
615 566 651 611 ne
665 551 740 610 hos
733 569 811 638 ipsos
825 549 953 627 quidem,
967 543 1024 608 uisi
1016 549 1093 608 sub
1107 550 1176 608 anni
1190 547 1313 619 exitum,

213 636 330 716 exigere
342 633 459 711 licebit,
466 641 496 700 et
509 659 560 700 eos
574 660 624 720 qur
616 639 817 720 'adjectiones
832 661 891 700 non
906 641 1054 713 solverint,
1069 659 1167 718 neque
1182 647 1313 708 senatus,

213 750 310 807 neque
326 730 461 809 judicum
482 735 640 792 auctoritas
658 731 774 806 vinciet,
795 733 865 811 quin
886 733 941 810 ipsi
954 751 1111 812 sponsores
1131 731 1314 792 constituent

212 821 307 900 'usque
322 825 360 883 ad
373 843 481 884 ιιοιιιιιιι
496 835 614 886 senatus
628 819 827 886 conventum?
849 827 889 884 At
907 836 975 885 octo
990 826 1135 904 prioribus
1155 823 1227 902 quid
1243 843 1313 901 age-
1350 893 1353 898 .

211 915 297 974 musi
318 909 384 996 Age
408 911 459 977 dic¹
482 917 677 988 Timocrates,
698 937 757 977 non
778 919 998 990 conveniemus,
1019 928 1050 978 et
1070 917 1313 988 consonabimus,

213 1008 239 1066 si
253 1009 324 1087 quid
338 1011 393 1070 erit
405 1011 510 1089 opust·
523 1012 553 1069 Si
568 1031 628 1070 non
642 1011 806 1082 fecerimus,
822 1031 893 1070 num
907 1011 1069 1071 libertatern
1085 1009 1254 1089 reipublicae
1268 1029 1313 1068 re-

213 1101 392 1162 tinebimust
406 1103 482 1163 -Non
492 1103 604 1178 Judicia
626 1102 664 1162 de
681 1103 863 1174 criminibus,
882 1113 945 1162 tum
965 1103 1168 1183 publicistum
1183 1102 1314 1179 privatis,

159 1229 165 1237 a
211 1185 464 1273 pronunciabunt?
486 1197 545 1261 Qui
569 1216 655 1274 porro
679 1203 793 1274 portus,
818 1196 898 1274 quod
922 1196 1090 1274 confugium
1120 1195 1232 1273 patebit
1255 1195 1312 1267 his,

209 1287 319 1366 'quibus
328 1281 442 1366 injuriae
456 1288 549 1347 fient?
570 1289 637 1348 Non
654 1289 808 1349 conveniet
820 1286 952 1359 senatus,
966 1287 1062 1366 ¹neque
1072 1287 1185 1370 slantita
1197 1287 1313 1365 legibus

210 1378 443 1440 administrabit?
470 1379 510 1438 Et
522 1378 593 1458 quid
605 1380 658 1439 erit
677 1373 821 1458 reliquum
843 1379 931 1448 uobis
943 1379 1033 1452 aliud,
1056 1379 1113 1438 nisi
1126 1388 1161 1437 ιιι
1173 1379 1313 1440 servitute

148 1497 150 1506 ’
208 1468 448 1580 opprimamurl
454 1472 494 1530 At
513 1471 632 1532 hercule
651 1472 717 1532 haec
732 1472 985 1542 omuiafaciemus
1006 1470 1121 1549 gratis?
1142 1470 1223 1538 Quid
1244 1489 1314 1530 vero

208 1567 350 1645 iniquius,
366 1560 457 1642 quum
471 1575 505 1623 tu
527 1563 664 1624 mercede
687 1563 853 1623 conductus
875 1565 971 1642 legem
993 1562 1080 1622 istam
1098 1563 1212 1634 tuleris,
1225 1577 1313 1642 quatu

173 1727 179 1737 ,
212 1671 358 1731 senatum,
372 1677 459 1736 quam
467 1655 619 1736 populum
630 1675 718 1734 quam
727 1655 849 1734 judicia
849 1677 904 1716 sua
914 1654 1050 1716 mercede
1059 1655 1213 1716 fraudari?
1234 1657 1312 1716 Nam

206 1766 269 1812 tuae
284 1750 353 1829 legi,
369 1749 562 1820 Timocrates,
584 1749 809 1808 adscribendum
822 1749 887 1820 furt
902 1748 932 1807 id
952 1748 1055 1840 quod'
1048 1768 1078 1807 ιιι
1094 1748 1275 1827 publicanis
1283 1761 1313 1810 et

208 1845 398 1926 sponsoribus
414 1843 520 1916 fecisti,
534 1840 703 1920 exigenda
700 1861 776 1908 csse
780 1841 880 1900 debita
899 1842 1026 1921 receptis
1046 1841 1172 1919 legibus,¹
1188 1837 1312 1920 quod
1287 1864 1313 1903 ει

210 1950 313 2028 contra
323 1937 474 2014 quospiam
490 1935 546 1994 alia
558 1935 695 2038 quapiam
709 1935 778 2012 lege
791 1943 842 1993 aut
855 1933 975 1993 decreto
990 1935 1137 1994 sancitum
1153 1938 1210 2006 est,
1223 1935 1311 1995 licere

205 2033 247 2091 ab
261 2032 442 2106 eis'ea'quae
457 2028 565 2086 debent
581 2027 659 2106 exigi
677 2025 780 2086 eodem
803 2026 900 2099 modo,
922 2045 981 2104 quo
995 2047 1013 2086 a
1029 2026 1293 2105 publicanis,·ab''
1276 2049 1310 2088 us
1405 2109 1409 2116 1

194 2123 298 2192 ,etiam
308 2111 423 2200 legibus
438 2120 573 2200 receptis,
588 2140 625 2180 ea
638 2139 704 2178 esse
716 2119 879 2197 exigenda:
907 2119 1083 2197 nuucleger
1094 2118 1131 2178 de
1146 2120 1310 2197 publicanis

205 2206 406 2295 'undequaque
420 2213 538 2292 fugitas,
546 2208 579 2271 'et
590 2212 659 2291 quia
668 2213 787 2271 decreto
799 2211 987 2270 Euctemonis
1002 2219 1146 2270 statutum
1157 2222 1260 2284 estut
1273 2216 1311 2274 ab

176 2352 184 2359 s
205 2309 318 2368 'cerariis
333 2301 432 2387 debita
445 2305 479 2364 iis
493 2305 612 2384 legibus
621 2315 823 2384 reposcantur,
837 2313 955 2384 propter
968 2304 1024 2364 hoc
1038 2305 1068 2363 id
1081 2297 1171 2384 caput
1185 2325 1246 2364 non
1260 2308 1311 2366 ad-

205 2401 336 2478 scripsit.
359 2399 402 2456 Ea
416 2397 641 2467 machinatione,
655 2397 828 2476 supplicium
838 2397 868 2454 in
883 2415 934 2454 eos
944 2396 1147 2467 e'on'stitutum,
1158 2399 1208 2475 qui
1221 2419 1310 2477 pecu-

206 2493 285 2550 niam
294 2491 446 2569 ·publicam
459 2491 602 2562 detinent,
617 2489 744 2560 sustulit,
758 2500 789 2549 et
801 2489 875 2566 quia·
885 2487 965 2546 aliud
978 2508 1037 2547 non
1048 2487 1311 2566 adscripsittollit

207 2581 526 2663 universapopulu'm,
543 2583 665 2659 equites,
680 2591 826 2650 senatum,
850 2599 943 2650 sacra,
963 2579 1179 2658 profanatum
1192 2582 1309 2659 'quibus

205 2672 371 2745 conatibus,
386 2675 410 2734 si
420 2694 482 2748 vos,
496 2673 704 2749 Athenienses,
718 2672 846 2751 sapietis,
855 2672 984 2754 punitus,
995 2672 1154 2752 meritoque
1166 2675 1310 2753 supplicio

204 2768 339 2837 affectus,
355 2766 490 2844 exemplo
505 2765 569 2824 aliis
584 2765 705 2834 eritne
713 2764 794 2842 leges
808 2762 977 2842 hujusmodi
992 2771 1107 2841 rogent
1152 2797 1153 2802 ι

155 2857 158 2874 ’
246 2865 296 2919 27.
318 2855 512 2937 Neque'suero
527 2856 647 2936 judiciis
672 2865 786 2915 tantum
809 2855 1110 2934 irr·ogaudae·muletoe
1131 2867 1309 2936 potestatem

204 2955 299 3034 eripit,
314 2952 366 3010 sed
377 2948 584 3029 rempublicam
596 2947 839 3026 depeculantibus
853 2947 1002 3007 licentiam
1016 2948 1085 3007 dat:
1106 2951 1309 3030 expeditiones

204 3066 258 3128 pro
272 3041 440 3122 reipublicae
455 3041 548 3100 salute
567 3039 770 3118 suscipiendas
787 3039 967 3118 corrumpit:
991 3041 1149 3118 vectigalia·
1168 3043 1308 3107 destruit:

187 3138 343 3198 'maleficis
359 3145 389 3194 et
402 3135 564 3214 parricidis,
580 3131 749 3210 militiaeque
760 3131 857 3190 desert
859 3132 1017 3192 oribust
966 3139 1004 3210 pa'
1005 3133 1201 3200 troeinantem
1215 3137 1308 3216 legem

156 3272 159 3284 ,
188 3249 189 3254 ’
204 3231 303 3296 tulit;
317 3248 384 3309 curn
399 3227 543 3306 supplicia
555 3225 713 3295 veteribus,
728 3233 768 3282 et
779 3245 858 3282 nunc
872 3224 941 3282 ratis
952 3223 1071 3312 legibus
1086 3225 1199 3286 indicta
1213 3229 1308 3289 tollat.

185 3324 316 3382 „iubent
331 3319 413 3403 leges
433 3339 517 3397 quas
530 3319 601 3377 Solo
622 3319 705 3389 tulit,¹
716 3316 812 3403 nulla
818 3336 848 3376 re
868 3313 969 3376 similis
990 3318 1039 3376 isti
1056 3318 1253 3396 legumlator,
1269 3323 1308 3380 Si

188 3414 295 3495 quis
311 3414 375 3470 de
398 3412 632 3502 peculatu
641 3409 880 3481 convictus,
881 3407 1051 3488 capitis
1079 3420 1214 3472 tamen
1247 3414 1306 3473 da·

203 3514 363 3566 innatus
393 3524 468 3563 non
498 3503 737 3574 ιιιειίι,·εἰιιιι
761 3501 1120 3574 vinculisaddici:
1157 3505 1194 3563 si
1221 3508 1305 3584 quis

202 3596 546 3660 convictus‘malae
570 3602 774 3673 parentum
808 3592 1092 3666 tractationis,
1117 3596 1306 3656 in-fo'rum

202 3711 289 3751 sese
316 3687 550 3767 ingesserit,
578 3687 838 3746 in'caroerem
863 3685 1041 3765 conjici:
1072 3687 1096 3745 si
1124 3689 1211 3766 quis
1248 3692 1305 3750 mi·

123 3793 125 3798 ’
201 3785 295 3843 litiae
330 3769 520 3853 desertor,
547 3779 651 3838 idem
687 3779 769 3838 sibi
801 3779 908 3859 juris
938 3789 1093 3866 arroget
1126 3784 1230 3858 quod
1266 3785 1305 3842 hi

186 3877 324 3937 -cives
356 3875 522 3934 habent
554 3891 739 3952 quorum
761 3872 920 3931 saluum
950 3881 1066 3949 caput
1109 3887 1179 3947 est,
1223 3895 1312 3936 eum·

201 3967 358 4049 quoque
381 3965 537 4038 vinciri,
562 3965 749 4024 Timocrates
767 3965 823 4024 his,
841 3963 977 4024 omnibus
1006 3965 1213 4045 impunitatem
1239 3990 1304 4049 pro·

199 4061 306 4140 posuit,-
333 4058 541 4118 constitutioue
554 4057 695 4118 ‘vadium
709 4068 861 4115 carcerem
879 4054 1045 4122 demolitus.
1085 4058 1216 4120 Proinde
1241 4081 1304 4120 mea

200 4151 634 4231 quidemsententia-tametsi
648 4151 726 4209 enim
740 4151 850 4224 dictum,¹
866 4150 992 4228 fortasse
1011 4150 1157 4210 videbitur
1176 4155 1302 4216 insolen-

134 4291 140 4304 .
200 4246 272 4314 tius,
292 4253 393 4300 umen
412 4243 543 4320 eloquar,
562 4253 592 4302 et
607 4241 960 4325 non'dissimulaboeevel
975 4244 1012 4302 ob
1033 4241 1090 4314 hoe
1111 4244 1209 4322 capite
1230 4245 1301 4304 mul·

201 4333 433 4403 ctandusfuerit,
441 4334 560 4412 ut'apud
571 4335 680 4394 inferos
694 4335 789 4415 impiis
802 4336 899 4414 legem
912 4335 995 4394 istam
1011 4335 1094 4405 ferat,
1107 4357 1161 4395 nos
1172 4337 1302 4398 viventes

183 4418 310 4487 ¹'structis
325 4436 354 4486 et
362 4424 451 4505 justis
465 4425 553 4486 bisin
568 4438 719 4508 posterum
732 4428 776 4489 uti
789 4427 926 4510 patiatur.
961 4427 1069 4488 Recita
1082 4429 1155 4512 istas
1170 4429 1263 4509 leges.
