2912 4946
259 243 319 304 rso
520 221 692 312 'conum
713 197 1062 324 snrsrocrroumr
1088 251 1114 312 r.‹

299 405 338 476 io,
357 425 413 467 nec
436 408 612 489 Lycmgum,
637 430 693 472 nec
714 411 797 482 elios,
821 413 859 474 de
879 414 984 494 quibus
1002 413 1126 494 plurima
1151 413 1244 474 statim
1264 409 1336 472 dicet

287 499 348 578 tqui
355 510 474 580 propter
488 514 643 582 utrumque
656 505 763 584 dignus
774 515 819 566 est
832 507 939 566 erdtiot
955 516 1017 566 tum
1033 503 1113 586 quod
1125 506 1271 566 ostendere
1282 525 1336 564 cunr

257 601 369 668 posset,
381 593 498 660 tactum
511 615 578 656 esee
591 597 674 656 vobis
688 597 818 677 aliquam
832 618 883 678 per
897 617 951 659 nos
970 599 1114 680 injuriam,
1134 600 1247 658 omissis
1258 599 1337 668 nobis,

258 683 497 746 hominesrerom
512 687 661 768 imperitos
681 680 798 762 invasit,
819 701 882 752 tunt
899 692 929 750 si
945 691 1016 752 nihil
1030 703 1136 771 potest,
1150 691 1228 770 quod
1240 692 1295 752 hec
1306 691 1336 750 ed

256 776 417 839 eludendos
427 790 457 838 et
467 780 655 860 decrprendos
662 803 712 842 vos
717 785 966 846 comminiscetur
980 785 1100 854 Quod
1078 805 1102 844 st
1114 785 1186 844 forte
1197 783 1257 864 quis
1265 783 1337 844 homo

258 882 304 929 est
316 870 347 928 in
362 873 430 930 vrbe
446 873 517 934 tali
511 875 799 954 ingenio,quiomn1
791 877 899 936 modo
912 877 1041 955 requirat
1053 896 1120 938 eum
1131 877 1180 954 qui
1195 888 1303 936 accuset
1314 887 1338 936 et

256 962 449 1024 calumnieter
469 963 553 1036 alios,
572 985 631 1043 quo
641 967 718 1046 jure,
733 987 849 1046 quaque
864 967 965 1041 injurie
978 969 1047 1028 nihil
1062 988 1146 1048 peust
1138 969 1277 1044 habens,
1296 989 1336 1028 ue·

255 1053 363 1112 minem
379 1055 475 1114 minus
486 1055 608 1114 utilem
601 1065 656 1116 rsto
670 1057 804 1118 inveniet.
825 1057 908 1118 Curi
928 1059 1005 1124 Quia
1014 1071 1214 1120 accusatorem
1224 1059 1338 1130 aliorum,

257 1154 287 1205 et
307 1148 437 1206 omnium
459 1148 680 1226 exagitatorem,
702 1151 798 1228 ipsum
815 1152 895 1214 omni
908 1151 1028 1211 crimine
1043 1172 1145 1212 vacare
1159 1163 1284 1231 oportet:
1307 1170 1337 1210 ne

255 1250 374 1318 propter
388 1241 451 1319 ejus
465 1240 682 1318 improbitatem
700 1243 743 1302 illi
764 1243 929 1306 elabantur.
952 1243 1047 1304 Nemo
1060 1255 1161 1308 autern
1175 1245 1261 1324 hujus
1274 1244 1339 1304 urhis

255 1332 361 1404 incola,
376 1334 431 1394 dac
444 1333 587 1412 pluribus,
600 1353 655 1394 nec
663 1335 831 1414 majoribus,
845 1355 934 1414 quam
945 1337 1010 1409 iste,
1024 1338 1154 1415 peccatis
1164 1349 1211 1396 est
1223 1337 1336 1396 refertus.

256 1425 432 1504 Quidigitur
444 1425 500 1485 iste
514 1426 582 1486 esti
603 1426 704 1499 Canis,
718 1428 833 1486 medius
848 1429 946 1501 lidius,
960 1428 1127 1506 etquidem
1140 1430 1232 1498 aiunt,
1245 1427 1338 1507 populi.

256 1517 452 1598 Cujusmodil
493 1520 628 1593 Quieos,
650 1539 723 1600 quos
737 1532 770 1580 ut
780 1520 864 1602 lupos
879 1522 1037 1593 insimulat,
1052 1524 1339 1598 nonmordeatquu

254 1629 324 1671 vero
339 1631 371 1672 se
389 1612 464 1671 tueri
477 1612 630 1690 profitetur
643 1631 723 1685 ores,
744 1613 956 1692 ipsedevotet.
991 1616 1087 1680 Quem
1102 1615 1247 1674 euimiste
1259 1624 1339 1674 orato·

254 1722 319 1762 rum
332 1713 414 1764 tante
428 1704 515 1764 clade
530 1704 639 1776 effecit,
652 1715 762 1784 quanta
778 1705 909 1766 hemines
923 1706 1067 1785 plebeios,
1088 1726 1162 1785 quos
1184 1707 1285 1786 passim
1297 1725 1338 1764 ers

254 1795 366 1872 agitati
391 1797 498 1867 Quem,
511 1808 795 1875 posteaquam-nunc
809 1799 846 1858 ab
860 1799 976 1878 integro
987 1797 1191 1872 concionatur,
1210 1807 1338 1858 oratorem

254 1889 423 1948 accusavit?
452 1889 618 1962 Neminem,
633 1890 687 1950 sed
700 1890 833 1949 homines
845 1890 975 1969 plebeios
989 1891 1107 1966 multos,
1121 1891 1151 1950 in
1166 1912 1240 1970 quos
1254 1892 1337 1952 decre

254 1990 316 2040 tum
329 2001 395 2040 curn
411 1982 560 2053 scriberet,
580 1983 864 2044 condemnatosest.
905 1984 996 2062 Atqui
1009 1983 1121 2055 dicunt,
1145 2005 1237 2044 canes
1249 1985 1294 2062 qui
1310 1982 1338 2040 de

252 2074 357 2132 eribus
371 2085 502 2153 gustent,
524 2093 591 2134 esse
604 2075 798 2154 jugulandas.
842 2076 944 2154 ltaque
957 2076 1049 2153 primo
1064 2095 1183 2154 quoque
1198 2087 1337 2154 temporeo

253 2165 351 2224 madio
365 2166 513 2226 tollendus
527 2176 582 2225 est.
625 2166 716 2226 Nulla
735 2167 812 2226 enim
826 2167 911 2246 ,ejua
930 2166 1139 2238 Athenienses,
1160 2167 1199 2228 iis
1221 2166 1251 2226 in
1267 2168 1338 2226 rebus

252 2259 441 2338 quaejactet,
460 2269 508 2327 est
522 2259 642 2328 utili-tas,
659 2259 713 2318 sed
722 2258 789 2318 iste
799 2280 859 2320 rem
873 2261 1024 2338 perspexit
1037 2255 1197 2334 nefariam,
1212 2269 1243 2319 et
1258 2260 1338 2335 impu·

251 2353 377 2412 dentem.
421 2354 580 2414 Narncum
604 2354 635 2412 in
658 2353 850 2415 concionibus
863 2354 997 2414 convicia
1019 2353 1166 2425 dicasset
1192 2353 1339 2435 petulanter

252 2455 354 2506 omnes
368 2446 503 2518 lacessat,
518 2444 623 2522 quibus
638 2444 668 2502 in
684 2446 771 2504 rebus
787 2463 823 2504 ea
837 2444 948 2506 ratione
962 2465 1015 2504 vos
1030 2446 1182 2526 uniuersos
1202 2443 1339 2523 deceperit,

252 2557 352 2599 earum
371 2549 479 2608 rerunt,
500 2557 567 2596 cum
588 2535 752 2604 descendit,
775 2535 942 2613 singulatim
964 2538 1001 2596 ab
1025 2556 1206 2615 unoquoque
1229 2545 1340 2596 uestrum

156 2623 158 2630 ’
250 2649 354 2706 poenas
374 2629 471 2701 sumit,
494 2627 712 2696 calumniando,
734 2627 922 2706 postulando,
946 2647 1081 2688 nummos
1107 2629 1265 2708 exigendo,
1284 2646 1338 2696 non,

251 2721 291 2780 ita
303 2741 350 2780 me
364 2722 404 2780 dii
418 2731 524 2790 ament,
539 2723 576 2780 ab
592 2720 753 2780 oratoribus
769 2719 811 2796 (hi
825 2720 903 2780 enim
916 2739 983 2785 cum
998 2740 1035 2780 eo
1046 2721 1209 2782 conflictari
1222 2718 1340 2800 possunt)

251 2815 304 2876 sed
319 2834 337 2873 a
351 2814 473 2892 plebeiis
485 2822 518 2872 et
531 2831 626 2873 rerum
641 2811 795 2890 imperitis:
812 2811 945 2890 idquod
955 2813 1018 2872 icti.
1033 2814 1084 2891 qui
1105 2825 1186 2886 sunt
1205 2821 1337 2874 noverunt

250 2907 291 2966 At
306 2907 423 2968 hercule
437 2907 500 2966 haec
512 2905 555 2964 ita
568 2925 634 2964 esse
646 2904 816 2976 fatebimini,
831 2906 883 2964 sed
897 2922 965 2964 cum
978 2905 1050 2965 utile
1065 2908 1112 2976 sit,
1123 2907 1274 2984 publicum
1285 2921 1339 2962 esse

249 3005 461 3070 accusatorem,
475 2999 618 3078 neglectis
628 2997 822 3056 bisomnibus
833 2998 1067 3076 conservandum
1080 2994 1338 3060 esse-dicetisiSed

249 3113 316 3171 quae
330 3093 424 3170 reipsa
438 3093 511 3152 estis
530 3090 654 3168 experti,
673 3089 887 3160 Athenienses,
904 3109 942 3148 ea
954 3109 1108 3168 nunquam,
1118 3110 1155 3149 ex
1172 3091 1268 3150 verbis
1276 3085 1338 3148 testi·

248 3196 338 3246 mate.
379 3185 440 3244 Iste
461 3186 491 3244 in
505 3183 654 3263 publicum
668 3201 728 3240 non
741 3182 848 3260 prodiit
860 3181 1078 3262 quinquennio,
1090 3201 1151 3260 quo
1165 3182 1338 3243 concionibus

248 3278 278 3339 ci
304 3278 359 3336 tuit
379 3276 578 3337 interdictum.
627 3275 701 3344 Quis
724 3272 812 3351 igitur
837 3294 903 3334 eum
929 3275 978 3334 illo
998 3286 1133 3354 tempore
1158 3269 1337 3336 desiderarit-i

250 3371 346 3438 Qunam
367 3369 533 3448 reipublicae
547 3377 659 3448 partem
677 3365 843 3444 neglectam
858 3367 934 3426 vidit
949 3377 1067 3446 propter
1088 3367 1153 3446 ejus
1170 3361 1338 3426 absentiaml

249 3462 330 3530 Quid
344 3481 422 3533 vero,
432 3482 468 3520 ex
482 3481 540 3539 quo
553 3479 636 3520 nunc·
647 3458 847 3530 concionatur,
859 3457 970 3520 lactum
985 3470 1033 3518 est
1046 3459 1174 3518 melius?
1197 3459 1271 3518 Mihi
1287 3456 1337 3534 qui·

215 3589 220 3594 ·
248 3555 317 3614 dem
330 3563 433 3614 eontra
446 3552 570 3613 videtur.
614 3552 681 3620 Quo
696 3561 825 3630 tempore
837 3570 897 3610 non
909 3551 1026 3630 prodiit,
1038 3551 1237 3612 refocillatam
1246 3547 1337 3610 emelia

248 3667 313 3708 esse
324 3645 547 3725 rempublicam,
562 3665 629 3723 quse
645 3644 780 3704 omnibus
794 3644 1023 3722 isteninferebat:
1045 3663 1157 3722 exque
1172 3663 1270 3704 rursus
1281 3657 1337 3700 con·

246 3741 395 3810 ciouatur,
404 3738 542 3804 obsideri,
563 3738 712 3798 orationes
734 3735 888 3798 seditiosas
911 3748 942 3795 et
965 3737 1149 3800 turbulentas
1174 3737 1206 3796 in
1220 3735 1338 3796 omnibus

247 3833 436 3896 concionibus
452 3851 566 3910 semper
579 3829 706 3890 habente
720 3828 788 3888 istu.
808 3849 811 3856 ’
1091 3881 1092 3886 ,

256 3981 260 3986 .
289 3928 340 3984 10«
350 3915 448 3984 ¹Nunc
462 3923 653 3984 audaciorem
664 3921 811 3999 ingrediar
826 3921 998 3993 orationem,
1011 3930 1122 3980 etcum
1138 3919 1177 3979 iis
1193 3914 1337 3997 agam,·qui

247 4036 315 4078 eum
329 4025 449 4094 propter
464 4016 520 4074 ista
534 4013 668 4092 diligunt.
679 4013 737 4080 Qui
749 4012 852 4090 quales
862 4011 985 4091 putandi
995 4012 1063 4083 sint,
1077 4010 1131 4093 ipsi
1145 4011 1336 4072 considerate:

246 4127 388 4187 egouero
401 4128 460 4166 non
474 4105 571 4166 dicein
585 4105 679 4176 aliud,
697 4103 754 4164 nisi
769 4093 820 4164 eos
834 4124 894 4164 nou
910 4104 1088 4183 sapere-qui
1101 4123 1132 4162 se
1148 4123 1219 4163 cum
1234 4120 1338 4164 eccon·

241 4203 378 4281 jungant.
395 4203 442 4266 Ac
453 4208 580 4258 vestrum
591 4199 642 4276 qui
651 4199 681 4256 in
689 4196 747 4257 hoe
758 4215 900 4256 consessu
911 4217 989 4278 nunc
1000 4193 1337 4274 adesds‚judtces,nleu

247 4293 369 4354 arbitror
395 4311 461 4354 esse
487 4289 793 4350 neminem-etenim
820 4300 850 4347 et
872 4289 996 4368 justum.
1010 4298 1066 4360 est,
1086 4288 1294 4356 Athenienses,
1316 4293 1339 4342 et
1412 4363 1413 4368 η

245 4384 411 4455 honestum,
426 4393 456 4442 et
470 4380 552 4452 utile,
566 4401 614 4442 me
634 4382 676 4442 sic
697 4391 728 4440 et
740 4381 821 4460 loqui
834 4392 865 4441 et
878 4381 986 4444 sentire
1000 4381 1038 4441 de
1051 4381 1187 4455 robis-,
1201 4373 1219 4440 e
1234 4375 1338 4458 reliquis
