2932 4952
211 267 283 362 318,
585 266 759 329 CONTRA
779 265 954 328 lssDlAll.

210 439 269 501 qua
291 419 427 482 omnibus
456 422 494 482 ab
516 421 571 484 isto
588 422 695 498 factas,
715 422 754 483 ad
775 441 829 484 vos
848 421 934 483 rediit
956 422 1114 484 hereditas.
1156 423 1204 501 lie
1227 424 1318 505 igitur

211 513 311 576 omnia
330 511 360 574 in
379 531 470 590 unum
493 513 620 576 collecta
632 514 706 576 tanti
719 514 875 590 aestimate,
888 515 991 595 quanti
1004 517 1087 578 vobis
1101 534 1220 597 acquum
1233 509 1317 580 side·

210 605 314 670 bitur.
343 585 499 668 Excutiam
512 616 611 670 autem
625 617 657 668 et
669 625 801 688 coargua
812 609 954 683 mordine,
971 605 1107 689 primum,
1120 630 1156 670 ea
1168 606 1318 689 inquibus

101 722 104 734 ·
170 725 174 742 ·
211 717 268 780 ego
289 719 353 760 sum
375 700 520 772 violatus:
541 699 678 762 deinde
671 702 791 782 rnjurias
813 701 897 763 vobis
916 703 1030 762 lactas:
1052 714 1165 796 postea,
1188 703 1318 766 Atheni-

212 812 310 867 ensss,
333 794 364 854 in
381 783 536 874 reliquam
545 795 609 875 ojus
631 797 748 856 ornnem
760 795 851 857 vitam
865 794 1020 876 inquiram,
1033 815 1069 856 ac
1084 797 1239 856 ostendam
1255 816 1318 858 non

212 907 303 950 uuam
316 907 383 949 eum
407 897 531 950 mortem
544 888 764 963 commeruisse,
777 889 831 952 sed
845 889 963 951 multas.
1006 889 1088 970 Cape
1099 907 1225 969 primum
1240 891 1319 952 auri·

213 981 278 1048 ficis
292 983 499 1060 testimonium,
509 1005 545 1048 ac
558 985 659 1047 recita.

603 1203 914 1268 TESTIMONIUM.

235 1349 375 1400 Pannona·
388 1348 521 1400 Pammenis
530 1349 592 1400 lilius
604 1351 728 1413 spurcius,
738 1367 785 1414 ego
794 1350 938 1399 sarificium
946 1349 972 1400 in
982 1350 1033 1398 loru
1044 1352 1127 1420 babeo,
1137 1349 1163 1398 in
1170 1365 1218 1412 qua
1228 1355 1254 1400 st
1265 1365 1318 1402 vst-

214 1443 253 1476 sor
264 1433 288 1476 et
298 1426 441 1476 sarificium
453 1427 522 1476 facio.
556 1429 615 1476 cum
626 1435 704 1478 sutem
716 1428 774 1476 mibi
783 1428 966 1484 Demosthenes,
980 1428 1019 1482 cui
1030 1429 1085 1476 dico
1096 1428 1267 1486 testimonium,
1277 1443 1318 1480 su·

213 1519 275 1552 ream
287 1519 395 1552 cononem
406 1503 573 1565 parandam,st
581 1511 685 1551 eurotam
697 1511 786 1552 vestem
799 1505 935 1564 iaciendum,
946 1504 1056 1562 lucescet,
1070 1509 1096 1552 ut
1106 1504 1130 1551 in
1142 1505 1173 1552 iis
1182 1505 1319 1559 Bacchana-

211 1580 268 1629 lium
279 1578 431 1628 iestivltstsm
442 1579 582 1636 oelsbrsrst,
590 1596 682 1642 egoque
694 1581 845 1629 confecissem
854 1579 938 1636 omnia,
946 1587 971 1629 st
982 1596 1054 1643 penes
1064 1586 1102 1628 rire
1112 1589 1193 1642 perata
1199 1581 1318 1642 heberent,

212 1657 302 1710 Midias
309 1658 332 1705 is
342 1656 382 1720 qui
393 1671 453 1704 nunc
464 1672 477 1704 s
487 1657 644 1705 Demosthene
656 1665 779 1706 accusatur
795 1663 867 1704 noctu
885 1657 909 1704 in
926 1657 990 1704 eder
1006 1670 1071 1704 suess
1081 1657 1169 1718 impetn
1182 1657 1255 1715 facto,
1265 1673 1318 1709 oure

213 1735 268 1784 eliis
278 1749 336 1796 quos
348 1749 427 1782 secum
435 1734 692 1791 sternutamenta
704 1740 728 1782 et
738 1741 827 1783 restem
837 1735 936 1797 perdere
948 1740 1046 1782 constas
1053 1739 1099 1791 ιιι,
1111 1739 1135 1780 ιι
1145 1735 1253 1795 quosdam
1262 1749 1319 1786 sens

213 1811 284 1869 laesit,
291 1827 338 1860 non
347 1809 423 1858 omnis
434 1816 510 1858 tamen
521 1811 598 1874 potuit
608 1811 741 1860 interventu
752 1826 804 1860 mec
812 1811 954 1874 proluatur.

253 1929 285 1986 9.
304 1925 432 1986 Possum
444 1933 589 2007 praeterea
608 1927 646 1986 de
665 1917 712 1986 liis
735 1945 862 2006 quoque,
876 1924 1083 1998 Athenienses,
1098 1925 1195 1985 multa
1208 1924 1317 1998 dicere,

213 2027 249 2080 ut
260 2017 344 2078 initio
356 2017 445 2098 hujus
460 2017 599 2080 orationis
612 2018 683 2092 dixi,
701 2039 768 2097 quae
783 2019 813 2078 in
827 2019 899 2079 alios
912 2019 1041 2093 admisit,
1062 2037 1097 2079 ac
1121 2018 1318 2080 contumelias

213 2123 245 2173 st
257 2113 390 2193 improbe
402 2113 465 2193 eJ'us
482 2112 616 2174 facinora
636 2121 682 2173 tot
702 2113 819 2192 collegi,
833 2122 906 2191 quot
920 2131 989 2173 mox
1003 2111 1140 2173 audietis.
1183 2111 1254 2172 Fuit
1266 2131 1319 2174 au·

212 2213 276 2268 tem
287 2205 422 2267 collectio
432 2205 546 2266 facilis:
567 2225 636 2266 narn
648 2205 689 2278 hi,
702 2205 809 2284 quibus
821 2206 988 2288 insultarat,
1002 2205 1058 2286 ipsi
1069 2203 1108 2264 ad
1122 2223 1168 2264 me
1183 2224 1320 2266 accesse-

212 2308 291 2362 runt.
333 2297 412 2360 Volo
437 2299 547 2373 autem,
570 2299 742 2379 priusquam
764 2297 803 2359 ad
826 2297 878 2358 illa
903 2297 1030 2371 veniam,
1053 2317 1090 2358 ea
1113 2295 1223 2370 dicere,
1251 2317 1327 2382 qum·

213 2392 379 2473 decipiendi
401 2393 493 2455 vestri
517 2411 700 2454 causacum
721 2391 824 2454 afferre
846 2392 1008 2454 instituisse
1035 2390 1143 2452 audio:
1177 2408 1257 2477 nam,
1286 2401 1321 2452 ιιι

126 2483 130 2488 ’
212 2485 284 2547 mihi
297 2485 378 2547 dictu
393 2505 507 2546 summe
529 2485 738 2556 necessarium,
752 2485 793 2546 sic
817 2483 919 2545 auditu
939 2484 1022 2546 vobis
1046 2482 1235 2548 utilissimum
1256 2505 1321 2546 esse

212 2587 297 2658 puto,
310 2587 345 2638 ut
367 2577 427 2637 illac
447 2577 576 2639 rationes
597 2574 627 2637 in
648 2578 749 2660 primis
771 2577 949 2656 operiantur.
991 2575 1201 2658 Quapropteri
1244 2577 1319 2640 Haec

125 2705 129 2717 ι
215 2670 309 2730 oratio
323 2687 382 2748 que
395 2671 547 2731 cavebitur
558 2689 598 2731 ιιι
618 2670 813 2750 decipiamini,
829 2670 885 2730 erit
903 2668 935 2729 in
956 2687 1058 2744 eausa,
1070 2679 1106 2730 ut
1129 2670 1206 2730 sicut
1226 2669 1322 2752 juset

212 2761 406 2842 jurisjurandi
424 2761 527 2843 religio
539 2763 672 2844 postulat
689 2763 898 2844 pronunciatis.
940 2760 1081 2823 Omnium
1094 2760 1184 2842 igitur
1194 2761 1322 2824 maxime

213 2857 297 2918 vobis
310 2856 376 2916 hoec
389 2855 483 2918 oratio
504 2856 661 2938 diligenter
674 2855 831 2931 audienda,
846 2867 876 2918 et
894 2855 1046 2936 infigenda
1057 2853 1205 2916 memorius
1219 2865 1278 2926 ιιι,
1292 2865 1322 2916 ιι

213 2950 336 3030 singulis
349 2950 433 3010 istius
450 2949 685 3012 cavillationibus
703 2951 924 3012 occurrendum
967 2949 1037 3010 Jum
1050 2949 1176 3030 primum
1189 2948 1320 3008 omniurn

214 3051 333 3105 nonest
346 3045 515 3117 obscurum,
531 3065 568 3104 ex
579 3043 626 3104 his
640 3063 709 3124 quse
729 3043 793 3122 ipse
806 3041 887 3124 apud
900 3041 1057 3147 quosdam,
1070 3051 1106 3102 ut
1115 3041 1185 3102 mihi
1195 3043 1320 3104 nuncia·

213 3147 276 3196 tum
289 3146 344 3211 ιιι,
357 3137 606 3210 commemoravit,
620 3155 689 3196 eum
701 3134 761 3196 boc
774 3135 933 3209 dicturum,
946 3153 1005 3207 me,
1020 3133 1046 3194 si
1068 3133 1187 3196 omnino
1200 3153 1320 3214 perpes·
1376 3137 1384 3149 ⁶

214 3245 266 3288 sus
279 3247 375 3289 essem
394 3229 460 3290 inec
470 3249 539 3310 quse
552 3229 658 3301 dicam,
673 3227 818 3289 decuisse
819 3227 933 3308 judicic
944 3226 1059 3307 privato
1072 3245 1230 3304 accusarer
1251 3247 1320 3287 nam

213 3321 293 3400 quod
306 3321 346 3382 ad
358 3322 485 3383 vestium
509 3331 540 3382 ιι
559 3340 715 3382 aurearum
735 3327 909 3382 coronarum
931 3316 1124 3399 perditionem
1144 3319 1279 3394 attineat,
1293 3329 1320 3380 et

212 3415 381 3475 universam
404 3405 572 3476 violentiam
594 3415 625 3475 in
648 3415 770 3476 chorum
793 3411 962 3486 admissam,
976 3413 1121 3473 actionem
1144 3411 1247 3472 damni
1260 3411 1320 3473 doti

146 3517 149 3524 “
213 3508 307 3568 fuisse
320 3507 550 3580 instituendam
564 3507 683 3588 deinde,
691 3507 770 3589 quod
785 3527 883 3572 meum
892 3526 1000 3587 corpus
1010 3505 1115 3571 laesum
1125 3525 1192 3566 esse
1203 3495 1319 3586 querar,

213 3601 404 3683 injuriarum:
425 3620 612 3682 nequaquam
625 3621 695 3662 vero
717 3599 826 3682 publici
845 3599 974 3680 criminis
1001 3619 1084 3660 reum
1098 3599 1320 3673 faciendumst

212 3683 299 3756 ιιιιιι
315 3691 376 3756 litis
397 3693 622 3755 estimationem
643 3693 855 3766 intentandam,
871 3693 943 3775 quid
965 3693 1004 3753 sit
1025 3691 1179 3767 luendum,
1194 3702 1247 3753 aut
1260 3693 1319 3754 soi-

212 3790 351 3850 vendum.
391 3787 458 3868 Ego
469 3797 642 3848 verounum
654 3787 729 3848 iilud
740 3788 813 3848 satis
827 3787 900 3862 scio,
912 3786 1003 3867 idque
1015 3786 1099 3848 vobis
1113 3786 1202 3846 etiam
1216 3795 1318 3848 tenens

214 3879 285 3942 dum
306 3891 362 3957 ιιι,
381 3881 438 3942 nisi
467 3879 609 3963 populum
631 3881 837 3962 appellassem,
862 3878 917 3940 sed
940 3879 971 3938 in
991 3877 1131 3961 jussum
1153 3897 1319 3953 vocassem,

214 3977 390 4036 contrariam
400 3973 502 4038 statim
515 3973 656 4035 rationem
671 3973 758 4081 objici
770 3973 842 4034 mihi
856 3973 998 4054 potuisse,
1017 3993 1075 4048 me,
1091 3972 1201 4053 siquid
1214 3973 1319 4034 horum

215 4075 295 4128 essct
306 4087 406 4130 verum
408 4067 549 4149 ,publice
562 4067 712 4148 conqueri,
727 4069 775 4128 et
768 4089 798 4128 ιιι
812 4085 844 4128 re
857 4065 995 4150 presenti
1004 4063 1182 4174 supplicium
1192 4063 1252 4125 de
1243 4070 1319 4143 ruju-

214 4175 265 4220 ιιιι
275 4179 436 4241 exposcere
446 4160 602 4224 debuisse
625 4181 694 4222 nam
707 4172 738 4222 et
759 4159 883 4222 chorum
896 4159 987 4226 fuisse
1006 4155 1142 4232 civitatis,
1163 4169 1194 4219 et
1207 4167 1320 4220 vestem

215 4269 335 4328 curnem
355 4259 448 4314 causc'
466 4255 533 4314 iusti
555 4264 707 4336 paratamz
730 4263 761 4316 et
774 4273 832 4327 me,
847 4251 895 4314 eui
917 4251 970 4314 illa
989 4244 1180 4327 accidissent,
1193 4251 1320 4312 aedilem

217 4346 309 4414 Quis
302 4345 392 4436 ¹rgitur
404 4345 491 4408 aliam
503 4345 663 4409 vindictam
676 4365 704 4409 ιι
695 4345 907 4429 praetulisset,
922 4365 990 4428 quse
1002 4341 1147 4427 legibus
1139 4364 1171 4404 ιιι
1194 4363 1247 4406 eos
1269 4341 1319 4404 da-

218 4443 274 4512 tur,
287 4459 339 4518 qur
330 4439 460 4502 festum
473 4437 641 4502 violarunt?
682 4433 757 4503 llaec
780 4440 878 4504 onnia
898 4449 1081 4523 compertum
1098 4437 1215 4516 habeo,
1230 4437 1317 4500 istum
