2932 4952
224 275 280 338 362
404 301 406 306 ·
512 271 1032 346 CONTRAANDROTIONEM,

167 419 177 426 ’
221 400 346 492 solvisse
355 429 519 510 pecuniam.
533 403 644 499 eneti
654 430 812 494 ostendere
822 448 881 492 ιιοιι
893 434 1015 511 poteris,
1024 431 1090 510 lege
1100 439 1219 498 vetante
1231 429 1317 492 iecisti

223 523 384 583 decretum.
401 521 547 582 Heredem
557 522 635 582 enim
653 532 685 586 te
694 521 743 582 lex
752 523 1043 602 constituitpaternre
1056 522 1246 601 ignominiae:
1257 541 1318 582 cum

116 653 117 656 =
224 627 322 678 autem
337 615 549 695 ignominiosus
571 617 625 690 sis,
636 637 692 678 uec
705 620 795 678 verba
821 616 928 691 facere,
942 637 997 676 nec
1011 617 1167 678 decernere
1180 617 1233 676 tibi
1246 618 1323 680 licet.-

268 712 315 770 11.
337 709 437 768 Aede
456 709 569 786 legibus
591 728 664 786 ques
688 708 720 768 in
740 709 867 768 medium
890 709 1051 780 attulimus,
1079 710 1193 788 siquid
1225 709 1325 769 afferre,

222 802 284 862 feei
303 819 414 880 vosque
432 799 578 862 'seducere
598 801 741 874 instituet,
755 801 925 862 haecsvobis
953 821 1017 862 esse
1037 803 1175 873 tenenda,
1194 821 1261 880 quae
1279 789 1319 860 ress

224 897 326 956 censui
348 893 486 954 arbitror:
516 905 586 956 sunt
613 903 710 958 autem
731 893 758 953 ei
781 905 815 954 et
838 895 875 954 de
896 895 1001 954 ceteris
1025 894 1172 954 crationes
1206 893 1245 952 ad
1271 912 1318 954 vos

224 985 414 1066 decipiendos
433 985 510 1046 belle
532 996 719 1065 comparatus,
731 987 769 1046 de
786 985 897 1066 quibus
912 997 967 1046 vos
982 985 1062 1065 prius
1074 986 1175 1048 audire
1197 995 1324 1064 proestat.

67 1147 74 1159 ³
131 1139 138 1155 Ι
226 1081 357 1150 Quarum
380 1099 441 1138 una
464 1078 532 1138 talis
556 1089 611 1149 est,
630 1098 667 1140 ne
689 1078 865 1157 quingentos
886 1088 1048 1140 vestrorum
1074 1079 1181 1138 civium
1209 1078 1322 1157 praemio

225 1172 367 1252 spolietis,
380 1180 432 1231 aut
451 1170 611 1276 ignominia
631 1171 782 1232 afficiatis:
804 1172 919 1232 illorum
942 1172 993 1250 egi·
1005 1191 1138 1242 causam,
1157 1191 1217 1232 non
1235 1191 1322 1232 suem.

227 1265 292 1344 Ego
326 1283 406 1334 vero,
435 1263 459 1322 si
479 1263 561 1324 iilos
582 1263 726 1324 duntaxat
745 1264 909 1342 spoliaturi,
936 1263 1104 1343 reipublicae
1127 1275 1226 1326 sutem
1255 1263 1322 1322 nihil
1386 1265 1390 1272 '
1453 1233 1454 1268 Ξ

133 1401 139 1412 ι
225 1355 439 1416 commodaturi
459 1355 578 1426 essetis,
603 1373 666 1417 ιιοιι
688 1355 769 1416 vobis
805 1365 908 1426 auctor
943 1375 1049 1427 essem,
1084 1365 1136 1414 ut
1150 1373 1322 1444 magnopere

162 1518 173 1532 ἢ
227 1447 457 1522 contenderetis:
480 1446 568 1506 sed
546 1466 569 1504 ιι
583 1465 618 1505 eo
636 1447 763 1506 fecto
738 1467 816 1506 crves
839 1448 963 1527 amplius
987 1447 1084 1508 decies
1103 1447 1181 1508 mille
1195 1437 1324 1512 meliores

120 1593 122 1596 ,
227 1531 335 1602 facturi
356 1540 440 1612 estis,
471 1549 582 1617 quanto
604 1538 734 1617 pulcrius
765 1548 811 1602 est
839 1541 965 1612 efficere,
989 1549 1024 1600 ιιι
1054 1549 1114 1600 tam
1145 1540 1229 1630 multi
1260 1527 1324 1599 boni

228 1637 298 1704 sint,
312 1653 401 1712 quam
421 1632 526 1708 injuste
549 1619 907 1712 gratificeriqningedtisf
949 1633 1056 1700 Dicere
1078 1621 1175 1692 autem
1196 1623 1326 1711 possum,

227 1729 376 1806 negotium
390 1725 447 1786 hoc
463 1745 530 1784 ιιοιι
554 1742 619 1784 osse
642 1724 731 1784 totius
750 1736 884 1804 senatus,
902 1725 954 1784 sed
972 1725 1170 1829 quorundam,
1186 1725 1241 1803 qui
1262 1735 1326 1786 sunt

228 1827 364 1882 auctores
386 1817 538 1889 malorum,
565 1825 596 1876 et
615 1816 816 1876 Androtionis.
867 1817 923 1878 cut
944 1818 1020 1876 enim
1045 1818 1200 1896 opprobrio
1224 1827 1279 1889 est,
1302 1817 1327 1878 si

229 1919 346 1972 tacente
374 1909 447 1988 ipso,
471 1916 502 1968 et
525 1907 596 1970 nihil
617 1907 773 1978 scribente,
787 1928 823 1968 ae
847 1909 978 1968 fortassis
999 1929 1036 1968 ne
1059 1909 1171 1968 curiam
1193 1911 1326 1988 frequen·

130 2038 132 2044 ι
217 2004 322 2073 tante,
336 2009 456 2064 senatus
469 2016 605 2063 coronam
624 2019 682 2060 ιιοιι
694 2000 881 2106 acceperit?
884 2001 1004 2063 Nemini
1023 2021 1114 2062 sane:
1137 2001 1191 2062 sed
1201 2003 1268 2082 ejus
1279 2003 1329 2081 qui

231 2093 372 2164 decernit,
385 2101 417 2153 et
428 2112 475 2152 res
494 2091 687 2162 administrat,
702 2101 733 2152 et
744 2093 858 2170 quaevis
870 2094 984 2154 senatui
993 2092 1176 2172 persuadet
1206 2094 1329 2174 Propter

127 2191 129 2200 '
228 2187 284 2250 hus
297 2187 375 2248 euim
388 2186 419 2244 in
432 2184 569 2245 obeundo
588 2204 706 2244 munere
718 2184 864 2254 senatorio
876 2205 907 2244 se
922 2204 1030 2260 corona
1042 2185 1184 2264 indignos
1196 2188 1329 2272 praebue-

229 2291 308 2342 runt.
350 2277 410 2338 Sed
429 2287 529 2338 tamen
546 2286 584 2336 ιιι
608 2277 751 2344 maxime
756 2276 845 2338 totius
859 2287 986 2340 senatus
987 2295 1081 2338 causa
1093 2287 1207 2356 agatur,
1218 2289 1330 2355 quanto

229 2375 314 2434 vobis
339 2391 406 2454 eum
429 2371 626 2432 condemnare
647 2370 685 2429 ιιι
707 2370 806 2430 utilius
825 2390 912 2450 quam
934 2390 1005 2438 ιιοιι,
1029 2379 1200 2449 spectate·
1198 2368 1328 2429 Nem
1307 2393 1330 2432 ιι

119 2488 124 2499 “
230 2445 443 2548 absolveritis,
435 2487 466 2525 ιιι
479 2483 569 2524 manu
593 2474 739 2524 oratorum
758 2465 814 2524 erit
835 2473 977 2528 senatus:
998 2463 1044 2523 sin
1057 2463 1310 2537 damnaveritis,
1302 2485 1331 2524 ιιι

230 2561 332 2644 populi
344 2568 511 2639 potestate..
530 2557 610 2640 Nam
624 2558 649 2616 ιι
662 2557 819 2642 multitudo
832 2557 936 2622 viderit
958 2557 1036 2616 hunc
1057 2567 1191 2628 senatum
1213 2568 1333 2636 propter

230 2652 447 2733 improbitatem
462 2633 620 2720 oratorum,
634 2662 750 2717 corone
756 2670 828 2712 esse
835 2651 989 2730 privatum,
1004 2669 1065 2736 non
1079 2648 1195 2708 iliorum
1218 2649 1332 2709 libidini

230 2745 351 2822 negotia
363 2741 555 2814 committent,
570 2741 640 2803 sed
635 2741 743 2821 ipsi-ea
756 2741 865 2814 dicent,
883 2759 950 2820 quae
968 2727 1038 2820 sript
1055 2739 1228 2810 utilissime;
1250 2742 1331 2838 quod

228 2855 257 2900 ιι
248 2836 334 2908 fiet,
344 2853 456 2913 vosque
470 2853 488 2892 a
501 2843 597 2894 vetere
607 2833 658 2906 iila
671 2833 798 2902 factione
809 2845 839 2894 et
851 2834 1064 2914 conspiratione
1077 2839 1334 2897 oratorum'reces·

229 2931 336 3002 seritis,
348 2928 495 3000 videbitis,
509 2927 714 3014 Athenienses,
728 2930 827 2990 omnis
850 2930 912 2990 fieri
934 2949 1001 3006 quse
1020 2939 1171 3016 oportet.
1187 2931 1335 2996 Querens

228 3023 345 3086 nullom
357 3023 395 3080 ob
409 3020 506 3092 aliam,
520 3019 577 3080 bac
589 3030 669 3080 certe
682 3022 720 3084 de
731 3039 825 3082 cause
838 3031 910 3089 sunt,
921 3021 1179 3108 condemnandi.

228 3119 322 3175 ιι.
342 3111 507 3174 Jsmaliud
519 3112 624 3190 quod
627 3130 685 3170 vos
703 3113 795 3174 fetere
812 3131 876 3174 non
899 3123 1026 3202 oportet,
1047 3112 1157 3172 audite.
1188 3112 1337 3198 Prodibit

229 3205 364 3270 fortassis
377 3213 409 3284 et
420 3212 554 3264 senatum
568 3202 709 3263 defendet
722 3201 893 3282 Philippus
889 3215 920 3266 et
930 3195 1106 3281 Antigenes,
1121 3213 1151 3264 et
1165 3189 1335 3284 rescriptor,

169 3349 177 3360 ,
230 3309 262 3360 et
275 3279 392 3378 quidam
403 3294 595 3375 alii,qu1illie
609 3315 746 3356 unacum
761 3297 818 3359 isto
834 3317 889 3356 sua
906 3305 1041 3356 senatum
1061 3285 1236 3358 auctoritate
1246 3317 1336 3370 rene·

167 3415 174 3420 ·
226 3401 309 3472 runt,
322 3390 467 3452 ethorum
489 3388 632 3450 malcrum
650 3399 719 3448 sunt
737 3400 884 3458 auctores.
926 3386 1037 3456 Omnes
1058 3389 1212 3468 igiturvos
1226 3391 1338 3460 intelli-

231 3493 301 3563 gere
313 3479 455 3552 idoneus,
468 3478 510 3541 eis
533 3489 715 3558 prseteutum¹
731 3500 797 3548 esse
820 3480 1009 3552 defensionis,
1024 3480 1163 3560 adjuvere
1178 3492 1336 3550 senatum:

227 3573 286 3642 sed
299 3571 448 3639 reverende
451 3570 696 3654 selaboratnros,
711 3581 742 3632 et
754 3564 963 3639 deterioribus
978 3571 1072 3632 rerum
1088 3583 1252 3650 gestarum,
1268 3594 1338 3653 quae

231 3667 273 3727 eis
288 3661 453 3725 reddendos
464 3671 560 3720 erunt.
602 3663 650 3722 Sic
664 3663 742 3734 enim
761 3683 853 3724 seres
868 3663 974 3722 habet.
997 3663 1022 3722 si
1042 3682 1125 3734 reum
1138 3666 1339 3738 absolveritis,

225 3772 334 3826 ornnes
360 3775 424 3824 rem
446 3754 566 3842 factam
580 3753 740 3846 habebunt,
766 3777 821 3820 nec
839 3775 940 3826 eorum
960 3758 1112 3836 quisquam
1129 3771 1236 3836 poensv
1257 3761 1341 3820 ullas

222 3843 325 3912 debit.
360 3848 442 3913 Quis
461 3847 539 3912 enim
561 3863 654 3927 porro
665 3847 786 3914 damnet
806 3849 884 3918 illos,
902 3850 926 3908 si
946 3869 998 3910 vos
1017 3839 1185 3922 senatum,
1180 3853 1277 3956 cujus
1299 3852 1344 3910 illi

228 3943 355 4044 Ιιιιιιιιιιι
351 3941 492 4012 fuerunt,
498 3955 617 4000 corona
637 3927 835 4000 donaveritis?
855 3941 916 4012 Sin
932 3930 1153 4044 damnaveritis,
1169 3944 1306 4021 primum
1322 3963 1345 4004 e

226 4030 416 4110 jurisjurandi
433 4029 581 4108 religione
589 4019 837 4136 pronunciabitis:
860 4031 999 4104 deinde,'
992 4053 1022 4090 ιιι
1040 4033 1201 4108 referendis
1215 4035 1345 4096 rationi-

232 4127 288 4186 bus
302 4123 429 4190 ¹istorum
452 4121 573 4225 singulis
589 4121 787 4200 prehensis,
764 4143 789 4180 ιι
806 4123 871 4200 quis
890 4125 973 4184 vobis
998 4122 1156 4202 deliquisse
1176 4126 1344 4198 videbitur,

227 4233 298 4276 ,cum
313 4213 448 4314 punietis,
461 4213 512 4290 qui
524 4231 594 4285 nou,
606 4232 672 4272 eum
687 4225 759 4275 tum
764 4215 931 4288 absolveris.
973 4215 1041 4276 Ne
1034 4217 1121 4320 rgitqr
1143 4218 1187 4276 sic
1212 4239 1267 4280 eos
1288 4239 1344 4280 au-

229 4307 303 4377 dite,
318 4312 351 4368 ut
366 4323 416 4381 qur
425 4313 589 4364 senatus
559 4324 575 4364 e
577 4305 709 4384 tpopuli
716 4324 836 4378 causam
848 4320 947 4386 agant,
959 4307 1033 4369 sed
1026 4308 1181 4372 vescimini
1197 4323 1229 4370 ut
1242 4332 1282 4372 ιιι
1291 4330 1346 4390 qur

230 4417 294 4464 sue
307 4383 466 4488 imperitat
461 4396 490 4457 is
496 4396 592 4474 gratia
605 4417 659 4460 vos
669 4397 829 4479 decipiant.

753 4535 762 4563 f·
