2932 4952
231 601 235 608 ·
312 517 467 580 LlBANll
488 515 790 586 ARGUMENTUM
810 525 1045 589 ORATIONIS
1066 527 1232 590 CONTRA

622 617 918 680 TlMOCRATEM.
961 633 963 638 ·

255 788 399 839 Dronouus
409 791 480 840 etiem
495 793 533 842 hie
543 801 674 854 seonrstor,
688 797 821 848 criminatur
831 801 908 863 legem
919 801 988 850 relde
998 803 1136 862 huminem
1151 809 1296 866 qnspropter
1309 803 1338 850 ι’

223 875 295 910 uuure
308 871 332 912 et
343 855 442 915 oonsilio
454 869 576 932 seripturis
588 889 638 921 erm
649 875 781 922 nouvellere
792 885 896 925 sonetur.
918 879 962 926 Est
978 886 1054 927 sutem
1065 880 1108 927 lex
1123 881 1263 928 'l'umourstis
1275 881 1328 926 hu-

219 937 342 1002 jusmodi:
369 944 400 994 si
416 947 489 1007 quis
506 951 741 1000 Atheniensium
764 954 802 1000 oh
823 955 965 1003 debitum
982 956 1155 1046 puhlieum
1176 956 1327 1006 rinenlis

223 1015 393 1067 dumnstus
416 1029 475 1078 est,
496 1031 548 1072 snt
569 1027 721 1089 deinoeps
739 1029 944 1088 drmnrhitur,
961 1031 990 1079 ei
1014 1032 1079 1080 sire
1097 1031 1175 1093 ipsi,
1194 1033 1327 1079 sireni·

223 1093 283 1160 teri
305 1097 376 1155 ejus
396 1098 525 1155 nomine,
543 1101 635 1150 dstis
656 1104 790 1156 rudihus
805 1122 821 1155 s
840 1108 962 1170 populo
983 1109 1210 1172 comprobetis,
1227 1124 1264 1155 su
1279 1110 1326 1156 ud

222 1177 345 1217 eertum
354 1178 492 1239 tempus
519 1177 666 1226 mulctum
693 1181 773 1228 hone
801 1182 861 1230 lide
888 1184 1068 1230 soluturum
1098 1184 1329 1247 promittenti,

221 1243 327 1294 lioest
345 1247 488 1299 riuoulis
504 1252 651 1303 liherrri.
671 1256 720 1303 siu
742 1258 777 1304 sd
793 1258 909 1306 dietum
929 1259 1015 1307 diem
1031 1259 1167 1306 dehitum
1186 1260 1324 1309 solutum

222 1335 276 1366 uon
294 1323 396 1382 luerit,
413 1327 466 1373 et
458 1343 487 1374 rs
506 1328 559 1390 qni
577 1345 632 1390 per
649 1346 824 1393 sponsores
839 1334 998 1383 liherstns
1015 1336 1148 1382 lueret
1141 1351 1170 1382 ns
1188 1336 1325 1384 rineuls

120 1431 124 1438 ,
198 1397 434 1474 'uonjieistun
455 1411 486 1451 st
506 1405 723 1455 honsrsdium
745 1410 964 1470 publicentur.
993 1405 1159 1470 Hsnolsgem
1180 1409 1324 1460 orimiustnr

221 1481 352 1532 muster,
362 1493 409 1526 uon
425 1494 458 1526 ex
467 1495 512 1527 usu
522 1481 665 1544 reipuhliore,
676 1484 718 1531 sed
736 1501 781 1546 pro
794 1487 950 1544 Androtioue,
963 1494 988 1534 et
1004 1487 1128 1539 Gluneeta,
1147 1492 1172 1532 et
1188 1485 1324 1547 hlelsnopn

219 1563 275 1596 esse
286 1550 404 1612 sesstsm.
427 1555 463 1602 Hi
476 1556 540 1605 enim
549 1558 622 1620 leguti
633 1559 657 1606 in
669 1561 761 1607 csrism
772 1562 847 1618 missi,
858 1577 909 1609 eum
923 1563 947 1608 in
964 1561 1053 1608 triremi
1068 1561 1203 1621 nurigsntes
1212 1561 1237 1606 in
1249 1563 1323 1608 Neu-

219 1624 314 1672 erutites
325 1629 445 1687 quosdunn
454 1631 557 1678 homines
567 1642 716 1688 meruetores,
728 1635 872 1691 incidissent,
883 1635 995 1696 pecunius
1005 1637 1041 1680 eis
1051 1637 1191 1694 eripuerunt.
1208 1637 1323 1684 Nenen-

219 1699 269 1746 titss
276 1701 378 1748 Atheuss
389 1705 498 1763 profesti,
509 1705 599 1766 populo
610 1706 756 1767 supplicent:
774 1709 876 1769 populus
886 1711 999 1766 deseruit,
1009 1725 1060 1757 eum
1072 1710 1192 1770 peonniem
1203 1711 1322 1761 hostilem

218 1789 282 1830 esse,
292 1791 336 1824 nee
346 1779 413 1825 reddi
424 1781 591 1828 menesterihns
601 1790 718 1842 oportere.
732 1783 821 1832 llisits
829 1784 906 1840 lentis,
917 1785 1048 1832 Arrhebius
1057 1795 1082 1831 et
1092 1785 1237 1845 hysithides,
1247 1787 1326 1836 trier-

218 1853 282 1904 sruhi
302 1863 326 1902 et
337 1855 458 1904 domiui'
435 1873 486 1919 eJus
498 1859 565 1905 nuris
582 1871 629 1919 qus
642 1860 758 1907 Audentis
778 1875 831 1908 oum
848 1861 946 1922 eollegis
965 1869 1046 1908 rentur
1065 1864 1149 1917 lueret,
1169 1863 1199 1909 de
1215 1867 1323 1924 peuuniu

217 1930 375 1990 postulantur.
392 1933 468 1990 Quum
480 1949 533 1982 eum
544 1935 598 1980 illos
608 1950 653 1982 non
662 1936 748 1983 hebere
757 1944 880 1994 onustant,
889 1939 931 1984 sed
938 1939 1009 2009 leguti
1018 1954 1044 1984 se
1055 1938 1141 1985 huhene
1149 1939 1286 1997 luterentur,
1295 1950 1324 1990 et

218 2010 259 2050 sut
270 2007 343 2052 omnis
354 2008 452 2068 peonnis
450 2010 611 2068 ’numeranda
622 2018 662 2057 rut
673 2013 763 2074 legibus
774 2014 848 2060 teneri
859 2029 955 2060 neeesse
966 2024 1038 2066 esset,
1052 2029 1104 2074 qum
1119 2014 1143 2059 in
1153 2015 1247 2061 mnrios
1261 2016 1327 2064 luto

217 2088 273 2126 sunt
273 2089 421 2143 ‚,proptersr
430 2085 514 2146 inquit,
524 2087 821 2148 'l'imnursteslegemhune
831 2089 1152 2138 sdillossnblersndostulit.
1175 2091 1322 2151 Respondet

216 2155 371 2215 rinoceros,
380 2161 546 2209 Androtioneru
556 2169 580 2208 et
592 2163 695 2225 eollegus
705 2163 805 2210 solvisse
815 2163 946 2224 peounism,
955 2171 1024 2225 utque
1038 2165 1093 2211 inde
1107 2173 1221 2220 nonetere,
1233 2181 1278 2212 nnn
1290 2170 1320 2215 iu

215 2229 309 2279 illorum
321 2236 417 2294 gestium
428 2236 504 2297 legen
513 2237 571 2284 hune
582 2252 635 2284 esse
643 2245 755 2299 rogutrm.
774 2240 822 2286 Sed
831 2238 950 2288 Diodorus
957 2241 1028 2286 etiem
1038 2240 1102 2289 eliud
1113 2240 1136 2285 in
1148 2239 1200 2301 lege
1210 2251 1321 2298 sonusst,

148 2309 159 2332 ¹·
216 2308 279 2354 sm
289 2317 313 2356 es
321 2311 390 2359 unm
400 2328 451 2360 m
462 2321 543 2362 eone·
552 2314 626 2376 regu,
635 2323 660 2362 er
670 2315 896 2377 muqniseuversui
907 2316 999 2378 sensus
1007 2303 1051 2376 nt,
1059 2324 1083 2366 es
1092 2317 1249 2378 perniciosum
1261 2335 1319 2370 aa

216 2383 353 2447 rsipnhliuse
363 2388 475 2437 ostendit.

682 2535 845 2664 Annus.

248 2724 309 2782 Quo
324 2723 428 2786 tempore
436 2725 523 2774 bellum
534 2732 584 2774 eret
594 2726 655 2776 inter
664 2729 815 2776 Athenienses
824 2733 848 2775 et
859 2741 937 2788 regem
948 2727 1082 2787 persarum,
1092 2727 1213 2776 decretum
1225 2729 1314 2778 suetum

134 2835 141 2846 .
215 2806 261 2857 sst,
269 2809 295 2848 ut
305 2802 405 2848 hostiurn
414 2816 487 2849 usses
497 2805 582 2866 prender
592 2812 679 2860 essent,
690 2812 713 2852 et
729 2805 894 2852 restimrtinues
904 2795 1015 2850 furtorum
1027 2805 1127 2865 puhlioae
1143 2805 1231 2854 tierent.
1252 2809 1314 2855 (ium

215 2885 294 2924 sutem
304 2877 425 2925 hlrusolur
436 2879 511 2925 cute
522 2885 624 2940 sutrepes
633 2880 730 2927 ultiones
741 2879 829 2926 insulus
839 2886 946 2932 reseret,
962 2884 987 2924 et
996 2879 1013 2924 ii
1024 2879 1065 2940 qni
1075 2880 1228 2937 loedebsntnr,
1239 2883 1315 2943 quiri-

214 2959 327 3010 turentur,
333 2960 357 3000 et
365 2953 537 3002 Atheniensium
545 2970 613 3017 opem
621 2955 779 3016 implorarent,
787 2955 862 3002 risum
871 2961 907 3000 est
914 2953 1006 3002 interim
1015 2955 1070 3001 dum
1082 2955 1169 3002 bellurn
1179 2960 1316 3016 purshetur,

214 3045 258 3091 per
268 3029 450 3089 legstnsGurem
462 3045 514 3077 esse
525 3030 685 3078 ineussndum.
713 3033 796 3091 ltsque
813 3030 907 3076 mittunt
923 3029 1097 3086 Androtionem,
1114 3030 1275 3092 hlelsnopum,
1287 3037 1315 3077 et

181 3130 186 3136 ·
215 3105 350 3152 Glsuostrm
360 3105 389 3152 sd
400 3105 529 3167 prinoipem
534 3106 679 3163 hlsnsnlnm,
690 3106 822 3152 Artemisia
835 3105 941 3151 meritum
953 3112 977 3151 et
987 3105 1091 3162 lustrem,
1101 3113 1270 3167 nonquesturns
1282 3107 1316 3154 de

213 3180 340 3227 insulsrnru
351 3167 451 3241 injuriis,
465 3183 527 3242 quod
538 3183 559 3228 is
570 3183 593 3228 in
604 3182 666 3243 regis
678 3183 803 3228 Perssrnm
819 3181 916 3242 pretium
927 3180 1018 3227 Granis
1028 3181 1184 3228 muleluoeret.
1202 3183 1247 3236 Hi,
1258 3198 1313 3228 eum

213 3257 327 3308 innarenn
339 3259 529 3314 Nuuerutitinsm,
537 3257 657 3320 Egyptiis
667 3259 783 3304 meruihus
794 3265 920 3312 ostentum,
929 3256 1224 3314 incidissent,—rehehent
1234 3265 1314 3304 sutem

213 3334 304 3394 lsputus
315 3333 444 3381 Anchebiur
461 3340 486 3380 et
501 3334 638 3395 Lysithides
648 3333 811 3387 trierurohi-,
826 3347 909 3379 nerem
926 3332 1077 3393 interruptum
1095 3333 1119 3378 in
1139 3333 1257 3380 Piraeum
1270 3348 1317 3393 sp-

214 3409 311 3473 pelluut.
328 3409 436 3470 AEgyptii
446 3410 490 3457 etsi
503 3412 574 3457 rerhu
584 3410 672 3457 leniunt
682 3411 745 3471 spud
756 3409 878 3471 populum,
887 3416 912 3456 et
922 3410 1063 3471 supplicent,
1072 3407 1224 3457 nihilominus
1233 3418 1313 3457 tumen

213 3487 356 3542 destruitur,
366 3501 405 3532 rer
415 3487 467 3533 illus
478 3502 532 3534 esse
542 3487 656 3547 publicus,
666 3487 729 3547 quod
740 3486 848 3548 AE'gyptii
858 3487 937 3532 hostes
945 3494 1033 3535 essent.
1049 3487 1065 3533 J
1067 3488 1150 3533 ubents
1159 3495 1237 3534 sutem
1248 3487 1315 3548 lege,

212 3569 241 3610 ut
252 3561 291 3623 qni
302 3562 397 3624 publius
407 3562 504 3623 munis
518 3578 562 3623 per
572 3564 685 3626 integrum
696 3577 779 3609 sunum
790 3578 847 3609 usus
862 3569 933 3616 esset,
948 3563 1044 3609 eundem
1062 3561 1156 3621 duplum
1168 3562 1315 3616 restitueret,

212 3638 285 3702 leguti
295 3637 345 3694 isti,
363 3639 426 3699 quod
443 3653 526 3685 norem
536 3639 632 3694 tuleuts,
642 3647 667 3685 et
677 3639 772 3699 trigints
781 3638 862 3692 minus,
872 3637 1000 3684 divenditis
1013 3651 1045 3683 ex
1057 3652 1116 3682 nure
1130 3637 1173 3684 ills
1184 3638 1315 3693 mercibus,

212 3718 329 3772 roduntur,
339 3715 496 3772 retinuissent,
507 3715 603 3762 obnoxii
620 3716 702 3762 esurio
713 3715 785 3776 duplo
796 3714 950 3774 persolvendo
960 3714 1024 3760 tinnt.
1043 3713 1122 3770 Quum
1139 3720 1217 3762 eutem
1229 3728 1316 3774 respu-

213 3791 274 3840 hlios
284 3791 389 3853 pennula
405 3790 484 3851 inopis
499 3790 625 3845 lshoruret,
639 3791 777 3850 Aristophn,
788 3806 847 3837 unus
859 3805 872 3837 e
883 3789 1067 3850 megistrutihns,
1078 3789 1199 3835 decretum
1210 3789 1272 3845 lusit,
1285 3793 1315 3834 nt

211 3867 360 3929 inquisitores
371 3868 502 3930 deliguntur
512 3883 590 3916 sorum
602 3868 734 3928 quitario
745 3868 853 3922 nonme,
867 3874 892 3912 et
902 3867 975 3913 lutere
986 3866 1102 3920 studeant,
1115 3870 1186 3926 utque
1202 3864 1256 3912 illos
1266 3866 1313 3911 de·

147 3929 153 3938 ¹
211 3943 292 3992 lerunt.
308 3943 400 3992 lediout
408 3945 529 4002 Euctemo,
540 3945 680 4005 quidudum
691 3959 744 3990 oum
755 3942 897 3990 Androtione
909 3941 1022 4002 litipurrt,
1034 3956 1094 3988 nunu
1103 3956 1157 3986 euru
1168 3940 1314 3996 Timoerste,

210 4019 296 4070 hshere
305 4022 446 4070 Arnhehinm
455 4030 479 4069 et
486 4022 631 4085 Lysithidem
639 4035 672 4068 ex
682 4020 794 4082 Aigyptis
804 4036 863 4067 nure
874 4019 987 4074 onenris,
998 4019 1084 4066 tulentu
1096 4033 1188 4076 norem,
1199 4024 1224 4064 et
1235 4017 1312 4064 miuus

209 4094 312 4158 utgtnu.
331 4095 431 4159 Soripsit
440 4108 517 4146 sutem
528 4100 573 4152 sio,
584 4113 612 4145 eo
623 4096 685 4158 quod
703 4103 785 4156 operto
794 4102 869 4143 merte
884 4111 937 4142 eum
947 4087 1090 4158 Andrdlione
1102 4094 1228 4154 onnhigers
1238 4108 1310 4140 rere·

210 4173 286 4226 hstur,
298 4177 323 4218 et
335 4172 512 4222 trierurohorum
523 4175 585 4222 lente
596 4173 721 4230 mentius,
732 4172 883 4230 nihilominus
897 4172 973 4218 eidem
990 4170 1151 4218 iusidiuhrtur.
1177 4169 1215 4216 lie
1228 4169 1308 4214 dim·

210 4252 276 4308 ptste
287 4245 346 4294 inter
355 4248 445 4310 leuetur
456 4255 480 4296 et
495 4249 643 4306 triernrohns,
654 4249 726 4311 lepti
737 4248 796 4296 riuti
811 4247 933 4312 peenuium
944 4248 1036 4295 snlrere
1046 4248 1166 4307 jubentur.
1188 4245 1234 4291 Sed
1248 4242 1307 4304 quis
1323 4257 1329 4265 ·

210 4321 263 4386 ispe
274 4321 386 4372 stooltum
400 4329 459 4383 eret,
469 4325 510 4386 qui
523 4326 624 4375 seeundo
637 4339 697 4374 sunu
713 4325 819 4383 dehent,
836 4330 862 4372 ut
873 4324 897 4372 in
914 4322 1015 4376 sinentis
1029 4319 1161 4406 hsheretur,
1173 4321 1244 4368 donee
1254 4317 1305 4366 sot-
