2920 4950
609 686 943 808 suennr

651 875 896 974 susursrs
939 865 944 870 ·

357 1052 695 1130 OLYNTHIACAE
719 1003 894 1128 PRIMAE
913 1059 1193 1145 (SECUNDAE).

412 1248 584 1332 Propositum
594 1248 674 1324 liujus
681 1247 806 1304 maone
816 1255 840 1304 et
851 1247 964 1302 burum
974 1249 1142 1320 sequentiam.

264 1369 427 1424 Otrnnflus
438 1367 838 1439 potentissimanrbsTh1seiae
850 1369 918 1435 tuit;
936 1386 997 1423 eom
1009 1370 1101 1424 Graeci
1113 1370 1262 1424 tennerunt
1274 1368 1328 1422 ori·

225 1452 295 1508 nndi
305 1452 446 1514 Chalcide,
458 1453 532 1522 quod
544 1457 587 1506 est
595 1453 715 1508 Euboeas
724 1452 865 1521 oppidum,
873 1452 1080 1507 Atheniensium
1088 1453 1204 1506 colonia.
1241 1452 1329 1518 Olyu'·

226 1536 277 1592 thii
289 1535 377 1590 multa
391 1535 461 1589 bella
480 1540 623 1604 gesserunt
634 1551 698 1588 oum
710 1535 778 1604 ipsis
789 1534 1010 1602 Atheniensibus,
1023 1552 1087 1589 eum
1101 1535 1330 1603 Laeedaemoniis,

227 1617 347 1688 denique
357 1633 422 1670 oum
435 1616 559 1684 Amynta
572 1618 691 1686 Philippi
702 1622 788 1686 patre.
824 1617 981 1687 Philippum
994 1619 1083 1689 ipsum
1096 1619 1123 1672 iu
1132 1618 1206 1686 regni
1216 1614 1337 1685 primor-'

227 1701 279 1755 diis
296 1701 368 1754 bello
388 1699 499 1767 aggredi
514 1703 703 1763 tentaverant3
721 1715 815 1752 rernm
834 1699 887 1766 hie,
899 1699 1021 1754 nondum
1039 1700 1202 1754 confirmatis
1215 1699 1330 1765 viribus,

226 1799 293 1836 usus
307 1781 531 1846 dissimulatione,
543 1781 610 1835 nihil
630 1798 682 1834 uon
702 1781 759 1849 egit
775 1787 807 1835 ut
821 1782 965 1849 Olynthios
985 1785 1113 1852 piscaret,
1125 1784 1252 1852 factaque
1262 1797 1332 1838 eum

226 1867 291 1936 ipsis
302 1866 442 1940 societate,
453 1865 525 1932 ipsos
538 1866 649 1918 donarit
661 1865 784 1918 Potidaea
796 1881 878 1933 quam
890 1864 1104 1919 Atheniensibus
1117 1867 1261 1935 eripuerat
1288 1865 1331 1918 At

227 1949 275 2004 nbi
286 1947 409 2011 invaluit,
419 1947 528 1999 eosdem
539 1961 680 2014 aggressus
689 1947 830 2012 hostiliter,
838 1947 954 2017 primurn
964 1951 1050 2017 eoepit
1059 1950 1179 2018 ipsorum
1190 1949 1331 2016 regionem

227 2032 365 2096 invadere,
376 2031 473 2082 deinde
487 2031 520 2082 ad
533 2031 561 2083 id
574 2047 603 2083 se
612 2031 778 2098 comparavit
786 2035 818 2082 nt
828 2032 914 2100 ipsam
923 2033 1018 2085 urbem
1026 2035 1204 2101 oppugnaret.
1226 2093 1227 2098 η
1241 2031 1333 2099 Cujus

228 2113 1332 2182 eonsiliumstatimatqueanimadverteruntOlynthii,miseruntAthenas,quam
1375 2105 1380 2117 ’

218 2195 544 2250 ,οεΙονήωιιιινιυκίΙίιιηι
558 2195 592 2248 ab
605 2194 820 2248 Atheniensibus
827 2200 961 2263 petentes.
999 2197 1199 2251 Demosthenes
1209 2197 1261 2250 bae
1271 2213 1333 2248 ora-

228 2279 303 2332 tione
313 2277 456 2331 etduabus
465 2275 643 2344 sequentibus
653 2277 938 2330 suosviridehortetur
946 2277 1334 2348 utOlynthiisqusmprirnum

229 2363 259 2415 et
270 2359 400 2414 acerrime
414 2359 553 2428 suppetias
564 2363 637 2411 eant.

660 2479 747 2533 Breve
757 2477 900 2534 exordium.

265 2585 331 2640 Hoe
341 2584 496 2651 estinsigne
504 2584 618 2638 deornm
627 2584 798 2651 beneficium,
807 2588 882 2656 qnod
891 2601 975 2654 reguo
984 2587 1102 2657 Philippi
1113 2585 1226 2640 finitima
1235 2586 1335 2640 eivitas

158 2689 162 2698 “
230 2667 387 2722 iuimicitias
399 2681 464 2719 eum
476 2667 524 2719 illo
542 2670 619 2734 gerat
630 2667 809 2731 immortalem
827 2669 887 2722 haee
899 2673 941 2722 est
952 2669 1056 2738 optima
1067 2671 1175 2724 oeeasio
1187 2686 1204 2721 s
1216 2669 1268 2723 diis
1279 2669 1333 2721 ob·

232 2751 297 2818 lata,
307 2766 363 2819 qua
374 2764 430 2802 nou
442 2748 482 2802 uti
500 2748 713 2803 Atheniensibus
722 2751 909 2820 turpissimum
919 2751 1010 2806 fuerit.

701 2881 755 2936 oon
777 2881 879 2936 matio.

268 2993 307 3044 1⁰.
324 2989 401 3044 Dieit
411 2991 502 3043 orator
513 3005 582 3060 quas
593 2989 629 3042 ob
641 3005 738 3043 oansas
749 2884 869 3060 Ιξὴὶἱὶρρὶ
881 2989 1030 3059 potentiam
1042 2991 1140 3044 nonsit
1149 2993 1336 3058 enarraturus,

115 3087 119 3094 ’
232 3074 282 3128 sed
293 3073 329 3126 ud
341 3073 394 3125 alia
405 3072 565 3126 transiturus
577 3087 641 3141 quae
653 3073 708 3125 sint
719 3073 825 3126 civibus
837 3073 893 3126 suis
904 3071 984 3127 utilia
995 3073 1092 3126 auditu
1104 3077 1132 3126 et
1143 3073 1182 3127 illi
1191 3075 1336 3144 probrosa;

232 3171 332 3225 nempe
342 3159 376 3208 ut
386 3155 511 3224 perjurus
520 3154 568 3208 ille
579 3160 607 3207 et
616 3156 735 3223 perfidus
747 3171 784 3208 ex
796 3154 873 3207 laetis
886 3155 1094 3208 demonstretur.

267 3241 306 3292 2⁰.
327 3237 487 3306 Exponitur
494 3236 596 3311 perlida
608 3242 637 3288 et
647 3236 742 3289 dolosa
751 3235 872 3304 Philippi
884 3237 983 3302 agendi
994 3237 1062 3289 ratio
1072 3253 1135 3304 erga
1145 3236 1337 3301 Athenienses,

234 3335 299 3390 erpa
311 3320 464 3388 Olynthios,
476 3335 540 3386 erga
551 3319 709 3382 Thessalos;
723 3319 797 3372 unde
805 3319 1045 3387 patet,mendaeiis
1052 3335 1101 3388 per
1110 3335 1172 3388 quae
1182 3321 1217 3372 ad
1229 3335 1338 3374 summa

234 3404 358 3475 pervenit
368 3404 488 3469 retectis,
500 3419 563 3456 eum
574 3402 633 3470 jam
643 3403 744 3478 adime
757 3401 960 3456 descensurum.
1134 3451 1137 3456 .

189 3499 196 3509 ⁸
269 3490 311 3540 ³⁰.
330 3486 377 3550 At,
389 3485 497 3554 inquiet
509 3486 615 3554 aliquis,
626 3486 671 3538 ille
683 3501 731 3553 per
742 3484 796 3537 rim
806 3500 840 3536 ea
848 3483 974 3537 retinebit
986 3499 1048 3552 quae
1063 3501 1111 3553 per
1123 3485 1215 3538 dolum
1226 3483 1339 3553 eripuit.

235 3569 435 3624 Demosthenes
446 3569 566 3621 ostendit
577 3583 625 3636 per
637 3568 785 3620 sententias
797 3572 825 3621 et
837 3569 1062 3636 comparationes,
1075 3585 1136 3622 eam
1148 3570 1232 3622 solam
1242 3574 1340 3638 poten-

235 3653 302 3706 tiam
315 3652 420 3704 tirmam
430 3667 488 3703 esse
497 3656 525 3702 et
537 3651 660 3703 stabilem
673 3665 737 3720 quae
750 3650 939 3703 benevolentia
949 3651 1083 3704 sociorum
1094 3652 1207 3703 nitatur.

270 3738 309 3788 4⁰.
326 3733 463 3786 Hortatur
474 3748 538 3785 suos
550 3737 582 3785 ut
590 3736 714 3800 prompte
726 3735 755 3784 et
764 3732 852 3784 valide
864 3748 947 3800 opem
957 3731 1043 3785 lerant
1053 3732 1206 3800 Olynthiis;
1224 3737 1255 3785 ut
1265 3734 1340 3800 lege·

235 3819 279 3872 tos
296 3816 408 3870 mittant
426 3815 461 3867 ud
476 3813 633 3880 Thessalos,
646 3813 693 3866 sed
704 3818 847 3882 postquam
865 3813 1014 3868 eduxerint
1031 3814 1186 3867 exereitum
1202 3818 1231 3866 et
1246 3814 1340 3867 omnia

236 3901 343 3969 egerint
359 3915 423 3969 qnae
442 3898 544 3950 bellum
562 3897 692 3966 postulat,
710 3913 765 3965 quo
783 3912 838 3948 nou
856 3897 939 3951 rerba
957 3897 1055 3962 solum,
1073 3900 1102 3948 at
1120 3897 1203 3949 etiarn
1227 3907 1339 3965 res'po-

236 3983 310 4054 pulis
321 3984 489 4051 proponant.
530 3979 610 4048 Inde,
628 3981 675 4044 ait,
693 3981 784 4048 palam
801 3979 850 4032 liet
866 3997 948 4050 qnam
967 3980 1072 4034 infirma
1089 3981 1125 4033 sit
1142 3980 1291 4034 domestica
1308 3980 1341 4032 il·

235 4066 289 4120 lius
300 4064 436 4134 potentia

271 4147 310 4202 5⁰.
330 4144 461 4200 Ostendit
473 4161 520 4214 per
529 4146 658 4215 exempla
668 4145 864 4200 Macedoniam
875 4160 922 4212 per
931 4145 1111 4208 sainlirmam,
1120 4143 1226 4214 aliquid
1239 4144 1342 4212 roboris

236 4229 336 4284 habere
348 4243 434 4299 quum
447 4227 505 4280 aliis
518 4227 654 4296 adjicitur,
667 4228 880 4298 Philippumque
892 4229 980 4296 ipsam
992 4228 1071 4281 bellis
1079 4231 1107 4280 et
1116 4225 1341 4295 expeditionibus

237 4312 359 4367 etl'eeisse
375 4310 556 4374 infirmiorem,
569 4311 634 4363 dum
648 4312 747 4378 vulgus
768 4309 954 4364 Macedonum
967 4309 1039 4363 hello
1052 4309 1156 4364 detinet
1168 4313 1196 4361 et
1205 4308 1343 4373 exhaurit,

237 4395 303 4448 belli
320 4394 378 4462 ipse
400 4391 526 4446 assiduus
546 4396 680 4458 seauton
698 4395 765 4446 dum
782 4392 881 4446 milites
898 4392 1054 4460 peregrinos
1066 4396 1095 4446 et
1106 4391 1246 4460 satellites,
1258 4391 1280 4444 si
1292 4391 1342 4456 qui

238 4475 294 4536 sint
304 4475 446 4545 peritiores
458 4473 499 4530 rei
511 4473 645 4545 militaris,
656 4491 706 4547 per
716 4474 984 4544 iuridiamexpellits
995 4474 1062 4531 dnm
1071 4475 1145 4533 viros
1154 4474 1241 4530 bonos
1251 4476 1279 4529 et
1286 4489 1345 4528 nso·
