2886 4946
158 629 322 690 ainhun
344 629 646 692 Anuunnurun
668 633 898 696 onirronra
919 636 977 697 nn
996 635 1176 699 annnam
1240 593 1243 606 ’

303 731 306 738 ’
521 733 818 804 Annxnnnnno

148 917 234 976 Quurr
247 915 382 965 Alexander
404 913 508 964 Macodo
515 916 647 968 unm
664 915 779 969 l’lrilirdre
790 915 882 978 tyranni
899 913 953 968 filiis
967 918 1117 980 restituisset,
1124 920 1219 974 murat

119 1009 174 1042 enin
192 995 224 1042 do
241 993 404 1053 tenreqrou
420 991 443 1038 ei
455 1006 507 1048 cunr
519 991 699 1060 Atheniensibus
708 999 733 1044 et
745 993 835 1046 omi·
850 994 979 1047 intercedat
991 995 1086 1066 violato.
1113 983 1218 1048 affimat

116 1069 188 1118 etiarn
205 1069 348 1118 Macedones
368 1068 447 1116 multis
466 1067 518 1115 aliis
538 1069 563 1119 iu
578 1069 648 1116 rebus
659 1070 735 1132 pactis
746 1087 791 1118 non
802 1073 905 1133 auhsne,
915 1071 986 1134 idque
998 1089 1042 1119 non
1055 1073 1217 1136 negligendum

114 1163 168 1194 ossa
178 1152 267 1194 censet.
301 1144 406 1193 Videtur
417 1151 493 1192 autern
504 1145 555 1192 hreo
572 1147 647 1192 oratio
661 1145 720 1193 salso
736 1147 806 1195 tribui
826 1149 993 1198 Demostheni:
1011 1149 1055 1196 n'eo
1069 1137 1134 1198 eniin'
1144 1150 1217 1200 sormi

114 1222 230 1274 untionis
241 1239 293 1270 cnm
306 1221 359 1270 aliis
371 1219 562 1269 Demosthouiois
580 1221 706 1282 contenit3
721 1223 764 1271 sed
775 1224 805 1272 ed
816 1225 946 1288 Hyperidis
954 1224 1031 1276 stilum
1041 1227 1140 1289 propius
1151 1243 1218 1276 acoe-

114 1300 166 1361 dit;
182 1315 238 1349 curn
249 1300 273 1347 iu
281 1297 345 1355 aliis,
352 1305 402 1346 turn
412 1298 491 1346 verbis
502 1298 649 1360 quibasdam,
664 1298 719 1348 Ιιιὶο
736 1315 806 1363 quarn
817 1302 969 1351 Demostheni
980 1304 1054 1366 magio
1063 1303 1162 1362 ιιιίιιιίι,
1173 1319 1217 1353 ve·

73 1421 75 1426 .
115 1377 159 1426 luti
169 1375 303 1434 ιιόςλιυτιι,
314 1375 339 1424 id
349 1380 386 1424 est
396 1375 452 1426 ocri
465 1375 571 1426 honines
581 1375 620 1425 vel
631 1389 708 1438 nuper
718 1376 795 1435 dheti,
803 1384 829 1428 et
841 1377 1017 1444 alawicum,
1027 1379 1052 1430 id
1063 1387 1101 1432 ert
1109 1371 1217 1446 inprobe

117 1471 144 1503 ac
155 1455 293 1522 petulanter
301 1461 367 1518 aget.

445 1953 919 2060 'nnnosnrinnrrs'
1018 1982 1023 1992 ’

248 2185 327 2262 DE
361 2185 627 2264 FOEDERE
652 2171 1090 2265 ALEXANDREO

573 2385 771 2452 oraturo.

168 2551 195 2609 l.
219 2551 459 2623 Vannnnrrnnrt,
468 2551 673 2625 Athenienses,
687 2552 830 2633 probandi
844 2559 912 2610 sunt
925 2551 973 2630 qui
985 2551 1174 2612 exhortantur
1188 2561 1219 2618 et

113 2643 224 2722 jubent
235 2654 269 2702 nt
281 2645 375 2724 pactis
390 2655 420 2704 et
439 2645 591 2706 conventis
604 2654 726 2719 stemus,
745 2645 770 2704 si
783 2645 825 2704 ita
838 2641 967 2704 sentiunt
987 2637 1021 2704 ut
1037 2643 1216 2724 loquuntur:

119 2735 244 2796 liberum
256 2737 334 2796 enirn
343 2737 482 2816 populum
495 2736 565 2796 nihil
575 2737 697 2817 perinde.
709 2737 815 2800 decere
829 2737 976 2810 existimo,
991 2746 1023 2798 ut
1034 2736 1179 2818 aequitatis
1188 2747 1219 2800 et

116 2829 241 2903 justitiae
261 2829 401 2890 studium.
437 2829 494 2888 Par
506 2827 593 2908 igitur
607 2840 654 2892 est
667 2849 717 2892 eos
735 2830 783 2909 qui
797 2830 1021 2910 hoatantopere
1040 2839 1148 2910 urgent
1159 2849 1220 2890 non

120 2922 202 2981 abuti
221 2921 318 2982 verbis
332 2914 419 3000 atque
440 2924 616 3003 obstrepere,¹
637 2942 705 2982 cum
719 2921 832 2984 interim
851 2921 968 3000 quidvis
987 2922 1086 3003 potius
1107 2934 1217 3002 agenn

121 3015 175 3076 sed
196 3033 351 3074 censuram
364 3016 460 3074 subire
474 3033 554 3076 nunc
566 3023 600 3074 ut
612 3015 642 3074 in
661 3023 812 3098 posterum
828 3014 949 3090 voshac
967 3014 997 3074 in
1016 3031 1047 3074 re
1068 3014 1146 3074 dicto
1166 3033 1219 3076 au-

105 3161 108 3166 .
121 3107 236 3167 dientes
249 3105 387 3180 habeant,
399 3106 446 3166 vel
460 3106 568 3169 omissa
580 3107 767 3170 contentione
780 3104 871 3168 dandi
885 3103 999 3166 consilii
1011 3105 1109 3165 locum
1123 3105 1158 3164 iia
1172 3123 1218 3183 ra-

119 3199 256 3280 linquant
269 3199 319 3278 qni
332 3199 428 3260 verius
443 3199 555 3276 dejure
568 3198 778 3280 pronunciant:
799 3209 833 3261 ut
845 3195 982 3258 videlicet
995 3205 1047 3257 aut
1059 3195 1137 3255 ultro
1152 3216 1218 3258 sus·
1253 3212 1256 3218 “

122 3291 239 3352 tineatis
265 3291 384 3371 iujurias
404 3303 435 3352 et
453 3292 511 3352 hoc
533 3292 627 3372 ipsum
646 3291 815 3372 injuriarum
835 3289 948 3352 auctori
964 3287 1149 3364 condonetis,
1167 3285 1220 3352 out

121 3382 242 3444 maximi
256 3383 420 3445 laciendum
434 3403 500 3446 esse
509 3383 653 3464 justitiam
669 3383 804 3444 statuatis
815 3392 846 3443 et
860 3381 975 3462 abjecta
988 3381 1126 3462 deinceps
1141 3384 1220 3442 omni

121 3477 312 3538 cunctatione
326 3479 368 3538 sic
380 3487 485 3538 vestre
497 3477 628 3538 utilitatis
640 3475 781 3536 rationem
789 3473 921 3538 habeatis
931 3484 966 3536 ut
978 3495 1013 3538 eo
1026 3471 1142 3536 nomine
1151 3495 1221 3555 pos·

122 3569 185 3630 sitis
198 3571 343 3630 anemine
356 3568 536 3650 reprehendi.
561 3570 592 3628 Si
606 3569 695 3650 igitur
707 3568 802 3647 ipsum
816 3568 912 3628 foedus
927 3579 958 3630 et
963 3567 1171 3650 jusjurandum
1181 3567 1221 3628 de

122 3661 272 3722 communi
280 3681 357 3742 pace
372 3661 473 3720 datum
486 3661 696 3735 consideretur,
710 3659 862 3740 perspicue
875 3661 1014 3734 cernitur,
1023 3661 1147 3740 ,quinam
1161 3658 1222 3718 sint

122 3753 173 3834 qui
186 3755 252 3835 jam
264 3753 337 3814 illud
351 3754 494 3822 violarint.
531 3755 631 3834 Atque
641 3771 698 3834 ego
718 3763 752 3814 ut
764 3753 879 3834 magnis
890 3754 930 3814 de
944 3755 1031 3815 rebus
1046 3749 1222 3840 compendio

121 3864 175 3906 ros
189 3845 313 3906 docebo.
690 3905 694 3916 ,

165 3940 195 3997 2.
216 3937 249 3996 Si
260 3937 325 4017 quis
336 3959 388 3999 vos
402 3949 496 4021 roget,
507 3937 714 4013 Athenienses,
727 3957 815 4020 qnam
833 3941 871 4001 ob
884 3958 945 3998 rem
965 3934 1133 4017 gravissime
1144 3933 1221 3995 indi-

123 4029 297 4110 gnaremini,
311 4031 524 4111 respondebitis
539 4031 641 4114 opinor
654 4049 766 4105 omnes,
781 4031 805 4091 si
824 4031 888 4109 quis
902 4047 954 4089 vos
968 4037 1098 4106 cogeret,
1119 4027 1144 4086 si
1164 4025 1223 4088 hoc

122 4134 253 4203 ternpore
265 4124 394 4186 virerent
407 4123 608 4203 Pisistratidas,
622 4134 653 4186 et
673 4126 698 4188 si
712 4126 777 4206 quis
790 4125 848 4186 viru
862 4124 970 4190 faceret
984 4133 1018 4192 ut
1031 4142 1081 4184 eos
1099 4121 1129 4182 in
1149 4122 1222 4184 inte-

122 4237 209 4298 grum
228 4219 428 4292 restitueretis,
442 4239 493 4278 vos
508 4219 648 4299 correptis
658 4218 744 4280 armis
763 4217 877 4295 quidvis
894 4215 993 4294 potius
1007 4215 1128 4296 periculi
1143 4215 1223 4274 subi-

121 4322 204 4372 turos
216 4331 303 4392 quarn
314 4323 348 4372 ut
358 4331 410 4371 eos
420 4310 689 4384 admitteretis,aut,
700 4311 725 4372 si
735 4307 816 4368 vobis
825 4307 855 4366 id
864 4308 1034 4388 persuaderi
1042 4306 1223 4388 pateremini,
1261 4367 1262 4370 ,

121 4423 176 4488 pro
197 4424 255 4466 aere
276 4403 382 4484 emptis
403 4403 551 4482 mancipiis
570 4403 738 4466 servitutem
752 4399 926 4464 servituros:
948 4413 977 4462 et
994 4393 1163 4464 servitutem
1185 4415 1221 4457 eo
1306 4411 1308 4416 ·
