2912 4946
583 797 1024 974 DEMOSTHENIS
1079 851 1081 856 ’

402 1059 1211 1236 oourannarsroerrouum

486 1423 488 1430 Α
555 1360 769 1434 rosamo
794 1329 1035 1436 sucuu'uA.

296 1561 325 1618 1.
340 1558 624 1622 Aursroemorrau
639 1563 727 1624 istum
738 1562 845 1623 debere
859 1561 973 1635 aerario,
983 1571 1016 1621 'et
1025 1560 1121 1641 capite
1131 1559 1317 1632 diminutum,
1327 1567 1353 1618 et
1371 1611 1375 1618 .

253 1649 370 1730 legibus
390 1672 455 1714 esse
469 1653 657 1728 interdictum
670 1654 796 1716 natales
814 1654 947 1720 homiues
965 1653 1353 1733 quicquamproconeioue

254 1741 366 1816 dicant,
379 1743 529 1804 evidenter
542 1756 694 1806 ostensum
713 1756 768 1815 est,
780 1743 916 1828 judiee'st
938 1757 1008 1806 sunt
1020 1758 1120 1806 autem
1134 1744 1249 1820 avobis
1264 1744 1355 1824 repel-¹

252 1837 333 1898 lendi
346 1847 376 1898 et
390 1841 556 1913 coercendi,
570 1861 640 1900 eum
653 1843 867 1922 omneslegum
879 1842 1045 1914 violatores,
1054 1851 1198 1904 tum2vero
1210 1841 1242 1900 in
1258 1840 1355 1921 primis,

252 1929 283 2004 ii,
297 1930 529 2012 qui'magistr'atu
539 1933 710 2013 funguntur,
720 1945 752 1995 et
764 1935 795 1996 in
806 1936 957 2015 republica
965 1942 1128 1994 versantur.
1148 1934 1204 2000 Per.
1213 1933 1274 2008 hos
1284 1935 1353 1994 enim

254 2033 285 2083 et
297 2023 441 2086 maximas
455 2026 625 2104 respublica*
637 2026 739 2088 clades
753 2028 868 2107 accipit,
883 2029 908 2088 si
921 2027 989 2087 mali
1005 2027 1075 2098 sint,
1090 2037 1121 2086 et
1132 2026 1265 2086 vicissim
1275 2029 1352 2108 juva·

254 2125 304 2175 tur
321 2116 490 2196 plurimum,
513 2119 537 2176 si
552 2119 693 2179 sint·boni
705 2119 773 2198 uiri,¹
782 2129 811 2179 et
823 2119 923 2198 legum
937 2120 1072 2180 studiosi.
1081 2171 1084 2180 Α
1094 2118 1182 2185 Quod
1201 2118 1226 2177 si
1240 2137 1351 2198 rempu-

235 2199 364 2269 'blicam
385 2211 608 2289 capessentibus
629 2211 721 2272 semel
735 2211 923 2291 permiseritis
943 2211 1053 2272 violare
1073 2212 1167 2290 leges,
1190 2222 1220 2271 et
1240 2220 1354 2290 recepta

249 2304 319 2385 jura
332 2305 495 2383 despicere,
513 2324 646 2366 necesse*
656 2307 712 2366 erit
726 2305 889 2378 universos,
903 2307 953 2385 qui
974 2305 1011 2365 in·
1021 2305 1139 2365 civitate
1157 2305 1294 2384 degunt„
1305 2306 1351 2374 im·

253 2397 407 2477 probitatis
431 2392 532 2460 eorum
554 2417 657 2477 poenas
679 2398 834 2460 sustinere.
856 2396 1220 2469 brementensem,
1243 2400 1353 2478 quaein

255 2488 378 2549 navibus
399 2491 623 2570 committuntur
646 2491 737 2551 inter'l
749 2490 960 2570 navigandum,
978 2490 1096 2568 si.,quis'
1108 2499 1268 2552 nautarum
1287 2490 1350 2552 deli·
1430 2529 1431 2535 κ

255 2582 362 2660 querit,
376 2587 565 2661 perrumest
587 2583 738 2654 damnum,
761 2583 807 2644 sin
826 2584 1004 2662 gubernator
1026 2582 1170 2663 deceptus
1186 2583 1290 2656 luerit,
1309 2593 1352 2642 aut
1428 2597 1430 2664 j

257 2674 408 2752 aberrarit,
436 2676 585 2734 communi
611 2674 777 2736 calamitate
791 2681 938 2736 ,vectores
949 2721 951 2728 >
963 2683 1066 2742 omues
1096 2675 1234 2738 involvit:
1246 2719 1250 2736 ,
1262 2676 1303 2736 sic
1322 2683 1349 2734 et
1427 2731 1428 2735 ,

143 2811 145 2816 ,
255 2765 435 2845 plebeiorum
449 2777 575 2846 peccata
587 2772 646 2827 no'u
659 2769 689 2826 in
702 2768 812 2848 populi,
827 2769 882 2830 aed
894 2769 1068 2849 inipsorum
1082 2769 1350 2838 damnrnnffeedunt,

257 2857 311 2920 sed
332 2859 570 2938 magistratuum,
584 2869 615 2920 et
633 2860 845 2939 rempublicam
867 2860 1092 2942 gubernantium
1106 2869 1234 2940 peccata
1251 2861 1350 2922 adeas

256 2952 410 3012 universos·
427 2951 584 3031 pertinent.
622 2953 810 3033 Quapropter
823 2964 855 3013 et
867 2952 937 3014 Solo'
950 2954 1073 3035 plebeiis
1087 2953 1181 3028 tarda,
1202 2956 1351 3035 magistra·

255 3047 335 3107 tibas
357 3049 393 3106 et
408 3046 511 3126 papuli
533 3047 776 3126 gubernatoribus
793 3046 908 3108 velocia
929 3047 1258 3126 suppliciavcoustituit:
1271 3045 1351 3126 .quod
1422 3069 1423 3073 ¹

257 3138 453 3212 existimabat,
467 3138 505 3214 de
518 3138 574 3216 illia
588 3138 692 3218 quovis
710 3145 842 3218 ternpore
858 3139 934 3200 sumi
947 3158 1034 3218 posse
1046 3157 1164 3218 poenas,
1178 3139 1244 3204 hos.
1253 3154 1351 3200 morem
1420 3135 1422 3207 ζ

111 3296 120 3310 x
139 3245 145 3250 '
256 3233 376 3294 ultionis
389 3251 449 3294 non
462 3232 625 3294 admittere.
650 3232 802 3312 Oppressa
815 3232 894 3294 enim
902 3231 1046 3304 libertate,
1059 3231 1108 3310 qui
1125 3251 1231 3312 poenas
1250 3237 1350 3312 repetat
1419 3245 1420 3272 l

162 3351 165 3358 ·
256 3325 482 3388 loreneminem.

297 3423 327 3480 2.
349 3420 448 3499 Atque
461 3421 527 3480 haec·
539 3419 673 3480 instituta
686 3438 774 3480 nemo
784 3419 828 3480 ita
836 3427 883 3480 e'st
895 3420 943 3480 v'el
954 3419 1123 3500 impudens,
1132 3420 1179 3480 rel
1186 3419 1282 3482 vestri
1289 3437 1348 3478 eon·

254 3521 391 3594 temptor,
405 3511 456 3590 qui
468 3511 600 3572 refellere
614 3511 734 3581 audeat,
746 3521 860 3590 prater,
869 3512 1108 3594 Aristogitonem,
1122 3521 1157 3572 ,et
1175 3511 1251 3590 ejus,
1264 3510 1346 3572 auda·

256 3609 333 3669 eiam
347 3613 379 3666 et
391 3604 615 3686 improbitatem.
638 3605 752 3665 Omnes
767 3606 844 3664 enim
858 3605 1058 3684 magistratus,
1069 3609 1101 3664 et
1114 3604 1209 3666 claros
1224 3607 1258 3665 in
1275 3623 1350 3684 repu-

255 3701 335 3772 blica
353 3698 430 3758 viros
444 3697 637 3771 inveniemus,
651 3698 762 3776 siquid
783 3697 874 3758 semel
887 3717 906 3756 a
923 3698 1007 3758 vobis
1021 3697 1250 3777 pronunciatum
1266 3699 1297 3758 in
1308 3714 1350 3756 eos

256 3796 355 3867 luerit,
368 3802 465 3853 ratum
478 3792 628 3852 habuisse.
657 3791 735 3851 Nam
750 3800 780 3851 et
793 3791 818 3850 si
832 3790 937 3871 quibus
952 3792 1110 3871 abrogatur
1127 3787 1351 3870 magistratusii

257 3889 357 3950 statim
381 3886 536 3966 deponunt
554 3903 670 3954 munus,
686 3893 717 3944 et
738 3903 862 3944 coronas
876 3883 1030 3944 amittunt:
1057 3891 1088 3943 et
1101 3883 1126 3943 si
1139 3883 1188 3962 qui
1206 3904 1225 3943 e
1241 3879 1351 3944 sexviris

257 3984 289 4042 in
304 3982 491 4058 Areopagum
510 3997 570 4038 non
585 3976 786 4050 admittuntur,
799 3977 910 4038 omissa
923 3975 1070 4047 violentia,
1084 3975 1178 4057 aequis
1192 3976 1299 4036 animis
1312 3991 1351 4033 ve

261 4083 322 4134 stra
334 4073 365 4131 in
379 4071 545 4151 cognitione
560 4070 761 4149 acquiescunt.
806 4069 847 4129 Et
862 4069 927 4129 heac
941 4069 1044 4129 merito
1057 4067 1178 4129 faciunt.
1210 4065 1352 4138 Quemad-

259 4164 379 4227 modum
400 4165 489 4234 enim,
504 4183 572 4224 curn
592 4162 622 4222 in
637 4164 809 4242 magistratu
824 4172 903 4233 sunt,
917 4182 936 4221 a
953 4162 1075 4241 plebeiis
1088 4160 1288 4222 obedientiam
1308 4158 1351 4218 sibi

260 4257 360 4320 deberi
374 4266 505 4328 censent,
520 4255 624 4316 eodem
648 4256 780 4316 modoet
800 4254 855 4334 ipsi
874 4255 1007 4334 deposito
1029 4255 1212 4332 magistratu,
1238 4255 1352 4335 legibus,

260 4350 430 4431 reipublicae
444 4348 696 4422 moderatrieibus,
706 4349 773 4430 jure
795 4350 1006 4427 obsequuntur.
1049 4346 1196 4406 Praeterea
1215 4349 1268 4426 qui
1289 4364 1352 4406 rem·

262 4444 409 4522 publicam
422 4441 664 4506 administrarant
676 4463 790 4516 omnes,
806 4443 831 4504 si
845 4463 860 4502 e
876 4441 1015 4504 memoria
1025 4438 1174 4504 vetustatis
1187 4439 1273 4502 facto
1282 4437 1352 4502 initio
