2920 4950
411 654 414 662 Δ
499 643 503 650 ,
563 513 1002 628 Dauosrunnrs

455 683 897 840 onan-nmini
932 755 1083 863 1110).
1132 727 1134 736 '

278 953 305 1011 l.
320 949 452 1011 Musrrs
462 951 540 1024 illud,
551 949 759 1026 Athenienses,
768 948 873 1012 divitiis
882 969 934 1011 vos
943 969 1009 1011 esse
1017 949 1190 1030 praelaturos
1201 949 1336 1024 arbitror,

229 1041 340 1122 siquid
354 1063 370 1104 e
383 1043 535 1123 republica
547 1044 678 1104 futurum
691 1043 728 1104 sit
742 1043 913 1124 explicetur,
924 1044 1007 1104 inhis
1019 1043 1056 1104 de
1067 1043 1173 1124 quibus
1186 1063 1266 1104 nunc
1280 1042 1334 1104 de·

234 1135 361 1196 liberatis
373 1137 471 1197 rebus.
501 1137 591 1203 Quod
609 1156 676 1196 curn
689 1136 731 1196 ita
750 1135 798 1208 sit,
810 1155 930 1215 aequum
943 1144 991 1196 est
1002 1145 1037 1196 ut
1049 1135 1126 1196 ultro
1144 1143 1177 1196 et
1200 1135 1335 1198 alacriter

233 1228 345 1307 eosqui
359 1229 514 1288 consilium
527 1228 597 1289 dare
610 1228 715 1288 volunt
727 1227 873 1288 audiatis:
895 1228 1004 1288 etenim
1019 1246 1079 1289 non
1093 1227 1190 1288 solum
1213 1228 1238 1288 si
1260 1226 1332 1307 quid

235 1319 305 1379 utile
316 1320 473 1380 meditatus
484 1321 550 1400 quis
564 1321 684 1393 venerit,
697 1319 728 1380 id
742 1320 811 1380 licet
824 1319 907 1380 vohis
929 1339 996 1379 eum
1014 1319 1163 1380 audieritis
1182 1319 1332 1399 amplecti,

233 1422 331 1473 terum
340 1413 427 1473 etiarn
438 1420 545 1474 vestrae
558 1409 680 1473 fortunae
689 1432 753 1474 esse
763 1423 845 1492 puto,
853 1423 887 1472 ut
894 1412 987 1472 multa
996 1431 1062 1492 quae
1075 1422 1144 1473 sunt
1153 1431 1228 1493 opus
1236 1412 1333 1472 subito

234 1505 383 1564 nonnullis
404 1505 434 1563 in
454 1514 581 1564 mentem
602 1504 699 1565 veniat
722 1503 815 1580 effari,
834 1504 877 1566 ita
897 1513 931 1564 ut
947 1503 1033 1566 facila
1053 1503 1136 1570 vobis
1151 1505 1190 1568 sit
1208 1525 1246 1566 ex
1265 1524 1331 1566 om-

235 1598 319 1660 nibus
333 1597 415 1656 utilia
427 1596 569 1677 deligere.

273 1693 303 1749 2.
327 1689 462 1748 Praesens
476 1689 565 1769 igitur
582 1687 708 1760 oscado,
728 1687 933 1762 Athenienses,
949 1698 1065 1750 tanturn
1085 1709 1145 1750 non
1166 1690 1246 1750 edita
1258 1708 1333 1751 voce

232 1781 568 1862 clamat,vobismetipsis
578 1799 642 1841 esse
652 1799 752 1841 curam
766 1799 863 1840 rerum
872 1781 984 1841 illarum
995 1782 1222 1862 suscipiendam,
1232 1783 1258 1842 si
1268 1801 1333 1844 mo·

235 1875 273 1934 do
287 1885 392 1933 vestroe
405 1872 534 1953 ipsorum
549 1872 652 1933 salutis
663 1873 805 1934 rationem
818 1873 971 1934 habeatis:
993 1893 1049 1934 nos
1062 1894 1131 1935 vero
1150 1875 1250 1935 nescio
1261 1895 1338 1956 quo·

233 1966 321 2032 modo
335 1965 405 2026 mihi
417 1985 483 2026 esse
496 1966 629 2028 videmur
642 1957 714 2046 erga
727 1967 791 2028 illas
805 1964 933 2028 animati.
969 1965 1047 2028 Sunt
1063 1977 1241 2046 auremque
1260 1963 1333 2028 mibi

232 2059 349 2138 quidem
360 2056 513 2118 videantur
522 2059 585 2131 tec,
595 2068 625 2117 et
635 2058 744 2118 auxilia
754 2059 816 2137 jam
826 2077 889 2117 esse
899 2059 1085 2120 decernenda
1095 2071 1126 2118 et
1138 2079 1227 2138 quam
1235 2061 1332 2122 celer·

231 2151 301 2210 rime
314 2169 382 2210 esse
393 2150 599 2230 comparanda,
612 2160 646 2209 ut
658 2151 726 2210 hino
735 2169 820 2229 opem
838 2151 939 2211 seratis
958 2161 989 2211 et
1005 2168 1064 2211 non
1079 2151 1157 2211 idem
1170 2151 1333 2214 admittatis

232 2243 409 2322 quodetiam
423 2243 514 2322 prius,
528 2251 558 2303 et
570 2243 683 2321 legatos
696 2242 855 2302 mittendos
869 2262 945 2316 esse,
959 2245 1008 2323 qni
1027 2244 1093 2304 haec
1114 2245 1216 2304 dicant
1233 2255 1264 2306 et
1284 2265 1333 2306 re⁶

232 2337 286 2396 bus
303 2335 445 2405 intersint,
461 2335 598 2416 quoniam
619 2344 666 2394 est
687 2335 744 2394 boc
757 2335 882 2394 maxime
896 2335 1066 2409 timendum,
1080 2355 1117 2395 ne
1128 2332 1252 2397 callidus
1263 2357 1333 2398 cum

233 2430 269 2492 sit
281 2427 370 2490 homo
383 2426 440 2488 iste
455 2436 484 2486 et
497 2425 527 2486 in
544 2427 632 2486 rebus
647 2426 805 2487 tractandis
821 2446 923 2506 sagax,
939 2429 1045 2510 partim
1059 2428 1261 2504 concedendo,
1280 2430 1333 2492 ubi

232 2541 277 2582 res
287 2521 329 2582 ita
342 2519 452 2589 tulerit,
467 2519 571 2598 partim
582 2520 966 2599 minitando-quaquidem
981 2520 1012 2580 in
1021 2530 1107 2601 parte
1120 2541 1180 2584 non
1188 2522 1334 2584 immerito

232 2613 272 2671 illi
284 2613 359 2672 fides
373 2610 577 2683 habebitur-,
586 2611 757 2690 partim'nos
778 2622 809 2671 et
826 2612 987 2671 absentiam
1000 2623 1128 2672 nostram
1139 2613 1333 2689 criminando,

231 2705 267 2766 de
281 2723 396 2766 summa
405 2721 501 2763 rerum
514 2703 683 2763 intervertat
696 2704 806 2782 aliquid
819 2713 849 2764 et
862 2707 899 2764 ad
909 2725 966 2762 sese
979 2705 1106 2784 arripiat.

235 2802 239 2810 '
268 2799 299 2858 ¹3.
320 2797 431 2856 Verum
443 2795 517 2854 illud
529 2804 744 2874 peropportune
758 2795 847 2868 cadit,
856 2795 1064 2870 Athenienses,
1078 2807 1111 2857 ut
1125 2797 1205 2878 quod
1215 2817 1333 2859 summo

231 2891 358 2972 Philippi
370 2891 456 2949 rebus
469 2886 605 2967 presidio
618 2897 674 2972 est,
688 2888 767 2948 idern
780 2889 819 2948 sit
835 2890 921 2947 etiam
935 2890 1017 2950 vobis
1029 2889 1238 2951 utilissimum:
1260 2912 1332 2952 nam

230 2983 310 3062 quod
323 2984 348 3042 is
359 3001 434 3040 unus
448 2980 546 3040 omnia
559 2990 590 3039 et
604 2999 712 3039 arcana
725 2969 756 3039 et
769 2991 871 3059 aperta
883 2981 1061 3054 moderatur,
1072 3001 1108 3042 ac
1121 2984 1209 3044 simul
1224 2994 1256 3044 et
1267 2985 1332 3046 dux

231 3087 275 3135 est
288 3085 319 3134 et
329 3073 468 3133 dominus
482 3081 512 3131 et
531 3082 671 3150 quaestor,
683 3081 715 3130 et
735 3071 799 3150 ipse
820 3071 928 3149 ubique
941 3073 1027 3133 adest
1045 3075 1195 3148 exercitui,
1217 3076 1258 3135 ad
1280 3095 1329 3138 res

227 3167 348 3230 bellicas
362 3165 493 3226 celeriter
503 3173 535 3224 et
547 3163 717 3243 tempestive
739 3162 936 3224 conficiendas
955 3165 1079 3224 multum
1099 3167 1219 3245 quidem
1239 3168 1331 3243 valet,

227 3258 420 3342 pacificationi
435 3267 532 3318 autem
545 3275 634 3336 quam
648 3257 672 3315 is
685 3254 790 3316 lubens
805 3277 872 3316 curn
881 3257 1029 3338 Olynthiis
1054 3259 1163 3319 faceret
1189 3259 1331 3322 adversa·

224 3364 287 3414 ¹tur.
309 3352 397 3422 Certo
411 3350 488 3409 enim
502 3349 599 3410 sciunt
614 3348 756 3429 Olynthii,
770 3369 802 3409 se
816 3369 876 3409 non
882 3350 945 3430 jam
958 3351 996 3412 de
1010 3351 1104 3430 gloria
1122 3371 1178 3412 nec
1191 3352 1228 3412 de
1244 3353 1333 3434 agro·

135 3457 138 3465 ’
229 3465 294 3507 rum
308 3444 407 3522 aliqua
418 3452 510 3521 parte,
530 3461 631 3502 verum
645 3461 682 3501 ne
695 3451 841 3502 evertatur
858 3443 952 3523 patria
970 3462 1026 3503 sua
1050 3453 1139 3523 atque
1159 3445 1189 3504 in
1205 3447 1333 3508 servitu·

230 3549 289 3599 tem
302 3527 584 3616 redigatur,bellum
596 3553 707 3613 gerere,
715 3544 746 3594 et
753 3545 861 3594 norunt
873 3535 961 3595 etiam
971 3535 1119 3614 quomodo
1129 3553 1198 3596 cum
1207 3537 1334 3619 Amphi-

229 3629 329 3712 politis
347 3627 441 3706 egerit
463 3626 512 3707 qui
532 3627 632 3688 urbem
647 3626 675 3686 ei
696 3627 877 3687 tradiderant
899 3635 1018 3687 etcum
1038 3621 1175 3708 Pydnoeis
1192 3630 1244 3708 qni
1264 3617 1342 3692 urbe

228 3733 408 3804 receperant.
435 3719 474 3779 Et
484 3719 602 3781 omnino
614 3718 736 3779 infidum
750 3718 900 3799 quiddam,
921 3719 1033 3801 opinor,
1054 3717 1271 3802 rebuspublicis
1285 3745 1332 3786 re·

232 3818 280 3897 gis
292 3825 337 3876 est
350 3822 492 3894 potestas,
512 3812 672 3892 presertim
683 3811 708 3873 si
720 3811 870 3874 finitimam
884 3813 1031 3892 regionem
1044 3813 1155 3876 colam.

270 3915 301 3970 4.
312 3910 367 3987 His
381 3908 469 3988 igitur
479 3907 510 3965 in
518 3906 620 3965 animis
630 3905 733 3965 vestris
742 3904 849 3978 infixis,
859 3905 1069 3977 Athenienses,
1078 3906 1334 3987 caeterisqueqaoe

231 4005 339 4066 decent
351 4001 485 4063 omnihus
499 3998 677 4078 cogitatione
691 3998 919 4078 comprehensis,
934 3998 1067 4060 diceros
1082 4007 1112 4058 et
1124 3999 1262 4059 habentor
1279 4019 1331 4062 ax·

229 4095 312 4160 citari
325 4105 457 4173 oportere
471 4089 602 4165 arbella,
616 4091 640 4150 si
653 4109 783 4169 unquam
806 4089 892 4164 alias,
905 4109 985 4151 nunc
999 4090 1124 4150 maxime
1142 4091 1329 4167 incumbere,

230 4187 387 4270 pecuniam
407 4187 540 4247 alacriter
552 4184 737 4244 conferentes
756 4196 786 4245 et
804 4185 885 4263 ipsos
909 4184 1067 4246 militanter
1089 4193 1120 4245 et
1145 4183 1229 4246 nulla
1246 4187 1277 4246 in
1299 4208 1331 4249 re

106 4303 117 4337 ··
231 4281 412 4342 deficientes.
441 4277 533 4337 Nulla
546 4277 693 4357 enimjam
707 4277 886 4349 ratiouobis,
899 4276 998 4336 nullus
1012 4287 1186 4358 pretextae,
1201 4299 1262 4357 quo
1276 4282 1331 4341 mi·

229 4394 287 4436 nus
307 4371 403 4432 officio
416 4369 500 4448 fungi
513 4369 618 4440 velitis,
628 4368 806 4448 relinquitur.
849 4369 926 4430 Nam
939 4369 1020 4446 quod
1034 4389 1136 4432 omnes
1154 4371 1329 4449 jactabaris,
