2886 4946
472 313 475 320 ’
564 295 823 362 Ducouonu.
943 304 944 313 ’
1090 312 1097 319 ”
1178 303 1253 373 175·

141 452 267 514 vireret
280 447 435 531 majorem
433 416 637 532 pecuniarum
640 458 704 514 vim
717 457 936 535 consumpsisse
956 471 1013 535 pro
1021 457 1237 521 studiotonuu
1346 491 1348 496 ·

143 545 329 625 omniumque
344 545 514 612 Graecorum
529 547 707 621 utilitatibus,
716 567 819 626 quam
822 548 919 608 caeteri
933 547 1055 610 Gruemoe
1067 552 1181 630 populi
1177 567 1238 632 pru

142 657 173 697 se
192 639 314 716 quique
311 631 535 732 impenderunt:
555 634 697 697 videbam
702 649 818 699 autem
815 634 991 720 Philippum
1003 637 1095 714 illum,
1110 657 1239 723 quocum
1254 671 1258 681 ·

141 725 224 789 nobis
239 737 302 789 erat
315 738 476 788 certamen
463 723 538 808 ,pro
551 730 681 808 imperio
678 725 722 788 ac¹
739 731 934 791 dominatione
948 732 1031 792 oculo
1051 734 1106 793 sibi
1119 735 1237 832 effosso,
1334 725 1337 744 ‘

136 823 242 901 jugulo
258 819 425 892 connecto,
450 841 549 892 manu,
576 840 658 881 crure
673 825 872 897 comminuto,
894 844 1011 886 ornnem
1027 826 1242 908 quamcunque.

142 915 199 974 sibi
212 915 332 974 fortuna
344 914 432 975 vellet
442 914 568 993 corporis
579 915 690 975 auferre
700 927 822 994 partem,
835 917 920 976 facile
930 927 960 976 et
971 917 1092 978 libenter
1104 920 1238 998 abjicere,

143 1017 177 1066 ut
190 1026 256 1066 cum
270 1025 306 1065 eo
320 1006 400 1083 qnod
413 1015 536 1066 restaret
547 1006 688 1068 honorate
701 1016 733 1066 et
746 1007 871 1086 gloriose
883 1007 971 1066 vitam
986 1008 1160 1069 traduceret
1184 1013 1238 1070 At·

142 1099 194 1176 qui
207 1118 245 1157 ne
258 1099 316 1157 hoc
330 1098 448 1176 quidem
463 1099 617 1184 quisquam
631 1088 727 1159 dicere
742 1099 859 1171 audeat,
873 1100 982 1158 homini
998 1099 1088 1160 Pellae
1103 1103 1237 1176 educato,

140 1191 170 1248 in
184 1177 295 1270 oppido
309 1191 433 1268 obscuro
444 1201 513 1249 tuuc
529 1191 709 1274 temporisne
724 1191 841 1270 pusillo,
856 1201 969 1252 tantam
983 1194 1070 1270 animi
1090 1193 1238 1274 magnitu-

141 1283 239 1343 dinem
259 1283 319 1342 rite
332 1283 445 1344 innasci
466 1283 654 1362 potuissent
668 1283 819 1363 imperium
836 1269 1005 1356 Graecorum
1019 1287 1239 1366 concupisceret

141 1375 318 1454 atquehoc
310 1375 480 1434 inanimum
490 1375 659 1435 induceret:
681 1376 822 1453 vobisqm
813 1374 1024 1436 Athenienses
1036 1379 1117 1448 estis,
1129 1379 1238 1457 quique

142 1465 291 1546 qnotidie
282 1485 314 1524 ιιι
324 1467 457 1525 omnibus
468 1476 498 1525 et
508 1467 695 1526 concionibus
705 1477 735 1526 et
744 1468 918 1550 spectaculis
929 1469 1071 1547 majorum
1079 1481 1239 1531 vestrorum
1260 1500 1262 1506 ·

143 1567 334 1618 monumenta
347 1558 532 1630 contuemini,
543 1559 657 1618 ‘tantam
666 1559 925 1638 ignaviaminesse
940 1561 1097 1636 oportuisse,
1112 1573 1144 1621 ut
1154 1564 1238 1622 Gi'aess

142 1672 243 1712 corum
267 1652 428 1711 libertatem
449 1651 533 1711 ultro
550 1663 654 1728 sponte
678 1651 814 1710 dederitis
839 1651 983 1730 Philippo.
1019 1651 1113 1711 Nemo
1134 1645 1240 1731 inpiam

142 1748 208 1806 haec
222 1747 337 1812 dixerit
380 1745 636 1823 Reliquumigitur
649 1755 818 1821 eratatque
835 1745 914 1804 idem
926 1745 1138 1819 necessarium,
1158 1757 1192 1818 ,ιιι
1204 1735 1239 1832 iis

143 1840 280 1902 omnibus
290 1838 422 1918 quaeille¹
431 1849 538 1898 contra·
546 1857 597 1897 nos
607 1837 895 1932 moliebaturinjuria
903 1857 956 1898 ¹uos
961 1838 1041 1916 juste
1052 1839 1240 1901 obsisteretis.

131 1917 133 1920 ⁵
144 1933 224 2014 Ergo
237 1933 295 1991 hoc
309 1931 428 2008 quidem
440 1929 590 1989 faciebatis
606 1930 662 1988 ab'
655 1923 736 1989 mitio
745 1947 808 1999 ros,
817 1938 861 1986 ιιι
866 1947 981 2008 aequum
994 1940 1056 1989 erat
1066 1941 1102 1991 et
1106 1933 1239 2006 decebat,

143 2024 337 2084 decernebam
360 2033 472 2082 eutem
481 2031 510 2081 et
525 2021 684 2082 suadebam
698 2040 766 2098 ego
778 2020 883 2097 quibus
906 2024 1111 2104 temporibus'
1103 2045 1134 2083 ιιι
1151 2046 1238 2142 repu-

143 2117 381 2178 blicaversabar.
403 2115 520 2177 Fateor.

184 2213 234 2268 22.
256 2209 303 2268 At
304 2208 374 2288 quud
387 2227 434 2268 me
447 2209 543 2268 lacere
557 2208 736 2287 oportebant
754 2209 796 2268 Te
810 2209 888 2268 enim
901 2229 1000 2287 1psunr
1004 2231 1067 2289 jam
1081 2211 1236 2292 interrogo,

144 2303 260 2380 reliqua
279 2301 377 2360 omnia
398 2301 635 2380 praetermittens,
661 2301 867 2380 Amphipolim,
894 2301 1039 2381 Pydnam,
1066 2304 1239 2378 Potidaeam,

146 2395 344 2460 Halonesum;
367 2392 437 2451 nihil
451 2392 554 2452 horum
569 2392 704 2452 memini:
727 2391 855 2451 Serrium
867 2403 938 2452 vero.
949 2403 979 2452 et
987 2394 1129 2454 ¹Doriscus
1137 2406 1167 2455 et
1181 2398 1239 2456 Pe·

147 2486 261 2566 parethi
276 2485 462 2566 depopulatio
476 2495 506 2545 et
518 2503 699 2564 quaecunque
712 2484 768 2544 alia
781 2485 811 2544 id
826 2485 1044 2564 genustclvitati
1063 2487 1092 2545 in
1106 2487 1238 2574 injuriam

145 2578 295 2645 cesserint,
319 2599 355 2639 ne
376 2578 400 2636 si
414 2578 577 2638 exstiterint
599 2578 717 2656 quidem
733 2577 809 2636 novi.
842 2579 879 2638 Et
899 2588 996 2639 tamen
1018 2589 1050 2638 tu
1068 2600 1115 2640 me
1135 2581 1239 2641 horum

144 2671 419 2734 commemoratione
432 2669 594 2730 inimicitias
607 2670 682 2730 huic¹
695 2670 810 2750 populo'
819 2672 982 2732 concitasse
997 2671 1105 2744 dixisti,
1119 2693 1186 2732 cum
1205 2694 1241 2734 ea

145 2765 268 2845 quaeiad
291 2763 345 2823 has
364 2763 581 2842 res.pertinent-.
592 2763 711 2824 decreta
730 2762 788 2823 sint
801 2762 963 2823 Eubuliet.
975 2763 1188 2843 Aristophontis
1211 2777 1242 2826 et

146 2857 306 2936 Diopithis,
319 2875 376 2914 nou
390 2875 496 2940 drenge
507 2854 548 2913 ad
561 2855 719 2914 dicendum
732 2854 872 2934 quicquid
885 2856 936 2914 tibi
950 2855 1040 2929 libeat
1050 2857 1178 2916 omnium
1188 2858 1241 2917 hc-

145 2951 256 3010 minum
277 2948 506 3052 promptissime!
529 2947 610 3006 Nihil
631 2948 719 3026 igitur
739 2946 775 3005 de
795 2947 938 3006 his-nunc
959 2948 1114 3025 quicquam
1135 2949 1253 3010 dinami¹

145 3043 256 3102 Verum
270 3040 319 3098 ille
341 3059 390 3118 qui
382 3039 546 3098 Euboeam
560 3039 617 3098 sibi
628 3037 802 3098 vendicabat
824 3057 1016 3116 aggeremque
1030 3039 1136 3098 Attlcae
1151 3059 1242 3119 oppu-

146 3133 276 3218 gnandae
285 3133 452 3192 exstruebat
453 3150 576 3210 quique
586 3131 723 3208 Megaras
733 3130 852 3189 adortus
861 3140 914 3199 est
925 3140 955 3187 et
964 3130 1242 3210 Oreumoccupavrt

147 3227 376 3302 Porthmumque
387 3222 498 3293 effodit,
509 3223 615 3300 quique
626 3221 807 3280 Philistidem
818 3221 907 3291 Oreo,
921 3221 1100 3281 Clitarchum
1112 3223 1241 3297 Eretriae,

147 3330 288 3399 tyrannos
303 3317 448 3394 imposuit,
457 3315 578 3393 quique
594 3313 818 3392 Hellespontum
839 3312 1051 3372 subditionem
1072 3333 1153 3374 suam
1174 3319 1242 3378 sub·
1273 3383 1278 3389 ,

140 3413 249 3493 junxit,
265 3419 296 3470 et
307 3407 489 3489 ‚Byzantium
501 3406 626 3476 obsedit,
648 3405 752 3484 quique
768 3406 852 3464 urbes
865 3404 1088 3468 *Graecianum
1110 3408 1249 3470 funditus.

146 3504 262 3576 euertit,
275 3501 315 3560 in
328 3501 408 3560 alias
418 3500 536 3560 exsules
550 3493 793 3571 redumt,·utmm
812 3493 981 3576 i‘quuihaec
998 3501 1097 3558 omnia
1119 3503 1244 3580 patrarit

57 3604 60 3612 '
146 3597 283 3677 injuriam
296 3593 367 3652 fecit
378 3590 721 3670 et1foederadirupitet·
736 3589 1111 3668 paeemzviolavit,.necnet
1136 3593 1242 3652 Utrum

146 3709 234 3770 porro
250 3687 421 3762 Grcecorum
434 3683 556 3762 aliquem
570 3683 678 3742 enoriri¹
687 3684 845 3760 oportebat
853 3682 903 3762 qui
916 3681 1056 3744 haec‘enm
1069 3685 1242 3762 incaepto·

144 3783 270 3851 biberet,
285 3798 321 3837 an
344 3776 425 3836 noni
447 3775 524 3835 Nam
538 3777 561 3834 si
576 3794 634 3835 non
649 3775 811 3860 oportebat,
832 3777 906 3858 quin
921 3774 1065 3834 Graeciam
1088 3775 1240 3853 Mysorum

147 3893 238 3954 quam
250 3879 358 3931 vocant
370 3869 511 3948 praedam,
525 3863 687 3927 virentibus
702 3866 889 3927 etstantibus
903 3865 1139 3937 Atheniensibus,
1152 3867 1244 3928 videri

149 3967 239 4026 davit
240 3965 509 4042 supervacaneam
517 3963 577 4040 'eg'o
598 3956 1049 4038 operam-susoepi‘cumhlsde
1063 3957 1241 4035 rebusdini,
1352 4033 1355 4040 1
1390 3946 1391 3954 ¹

149 4059 409 4136 supervacaneam
422 4073 557 4158 quoque
566 4053 665 4112 civitas
690 4071 756 4128 quea
778 4049 903 4109 consilio
919 4066 984 4106 meo
1005 4047 1108 4126 paruit,
1135 4049 1243 4112 luerint

148 4149 274 4230 denique
288 4147 399 4208 scelera
419 4146 515 4205 omnia
529 4155 567 4214 et
576 4154 675 4220 errata
696 4153 878 4222 quaecunque
899 4149 984 4217 gesta
1004 4150 1074 4198 sunt
1093 4161 1172 4204 mea:
1196 4142 1241 4203 siri

147 4253 247 4306 autem
261 4233 387 4320 aliquem
401 4234 467 4298 esse
479 4228 552 4318 cpqs
566 4229 630 4314 erat
639 4257 688 4314 qur
679 4235 760 4312 haec
771 4230 945 4311 prohiberet,
955 4251 1041 4310 quem
1055 4233 1143 4294 alium
1139 4253 1241 4315 quam

147 4335 291 4418 populum
304 4330 518 4394 Atheniensem
532 4331 621 4392 fusse
637 4309 853 4388 conueniebat?
920 4383 922 4390 ,
1190 4373 1193 4386 ,

152 4431 241 4488 23
260 4425 358 4484 Haeo
350 4423 444 4502 igitur
449 4442 508 4502 ego
526 4432 597 4483 tum
602 4418 720 4498 publice
739 4417 884 4496 gerebam,
898 4426 1014 4478 etcum
1020 4417 1100 4476 illum
1113 4418 1266 4479 omnium
