2920 4950
384 313 387 318 ’
501 317 738 399 Parmenion
768 319 825 398 113,
1157 295 1206 400 aa

99 499 304 560 sustinuissem
325 492 406 562 obire
428 501 614 582 legationem,
642 523 738 584 neque
764 521 818 563 ros
846 501 907 562 scio
928 493 1102 582 belligerare
1126 503 1204 563 desi-

98 592 204 668 issetis,
225 594 252 653 si
274 595 317 655 ita
338 603 473 654 acturum
497 593 667 676 Philippum
689 615 763 674 pace
776 595 933 674 impetrata
945 595 1126 673 putassetis;
1149 597 1202 656 sed

98 687 132 745 ab
150 687 197 746 his
218 689 308 748 rebus
323 687 415 768 longe
437 687 643 761 abhorrebant,
662 697 811 768 quactum
831 687 1012 747 dicebantur.
1050 687 1090 747 Et
1102 707 1201 748 mrsus

99 779 167 838 alios
181 778 267 840 citari
287 789 454 858 essequam.
488 777 591 848 Quos?
612 797 663 839 eos
685 780 747 858 qui,
760 797 829 839 cum
842 797 898 858 ego
912 778 991 839 facta
1010 777 1072 858 jam
1096 799 1203 858 pacea

97 871 258 950 posteriore
267 871 422 952 ¹legatione
430 859 497 950 duae
508 870 547 931 ad
559 871 737 952 exigendum
754 869 959 952 jusjurandum
974 871 1066 930 missa
1079 882 1143 931 erat
1156 892 1201 932 re·

97 983 208 1038 versus,
222 963 327 1024 fucum
350 963 518 1044 reipublicae
540 965 603 1024 fieri
625 965 764 1037 sentiens,
784 964 850 1024 hoec
867 963 1061 1043 praedicebam
1083 974 1114 1025 et
1131 984 1202 1025 con-

98 1058 229 1117 testabar
251 1067 283 1117 et
305 1075 367 1118 non
382 1057 514 1117 sinebam
527 1057 614 1137 prodi
633 1057 724 1138 Pylas
746 1077 844 1137 neque
858 1057 1039 1131 Phocenses,
1063 1058 1203 1121 dicebant

98 1169 142 1210 me
164 1151 219 1230 qui
243 1170 352 1230 aquam
370 1160 503 1231 potarem
529 1171 590 1211 non
611 1150 718 1229 injuria
737 1150 886 1210 difficilem
906 1161 1106 1233 et'morosum
1135 1171 1202 1212 esse

96 1243 253 1316 hominem,
276 1243 444 1324 Philippum
467 1253 576 1314 autem,
589 1262 656 1322 quan
678 1243 817 1323 optaretis
832 1263 895 1316 vos,
911 1241 936 1303 si
950 1243 1124 1321 intraPplcs
1132 1265 1200 1325 pro·
1268 1328 1271 1333 Ι
1343 1229 1346 1236 ⁴

98 1357 214 1417 gressus
226 1348 317 1410 osset,
332 1340 488 1411 facturum,
498 1347 528 1398 et
539 1336 683 1417 Thespias
697 1337 816 1416 quidem
830 1345 862 1397 et
872 1337 999 1398 Plataeas
1013 1337 1201 1413 muniturum,

98 1431 303 1491 'lhebanorum
318 1440 417 1491 antem
430 1429 568 1492 ferociam
586 1449 798 1510 repressurum,
813 1429 1031 1491 Cherronesum
1047 1431 1108 1492 suis
1121 1452 1201 1492 sum·

96 1525 192 1603 ptibus
206 1525 417 1604 perfossurum,
431 1523 573 1582 Euboeam
592 1531 622 1582 et
640 1522 770 1603 Oropum
785 1541 840 1603 pro
856 1522 1024 1603 Amphipoli
1038 1524 1120 1584 vobis
1134 1525 1202 1587 red-

97 1617 243 1677 diturum:
267 1629 336 1677 nam
350 1617 416 1676 hoec
429 1616 528 1675 omnia
547 1615 595 1677 hic
617 1634 671 1695 pro
690 1624 833 1695 suggesto
855 1615 917 1675 seio
940 1615 1113 1675 meministis
1135 1637 1202 1677 esse

98 1708 184 1785 dicta,
206 1729 379 1790 quanquam
397 1729 500 1789 parum
517 1727 599 1768 acres
613 1709 644 1768 in
658 1707 925 1770 animadvertendis
943 1709 1139 1788 improborum
1156 1711 1201 1769 in-

94 1801 184 1880 juriis.
220 1801 263 1862 Et
276 1801 356 1882 quod
369 1811 416 1862 est
428 1800 558 1862 omnium
572 1802 783 1883 turpissimum,
806 1811 839 1862 ut
852 1801 940 1862 etiam
953 1812 1137 1882 posterorum
1152 1824 1202 1865 ve·

98 1905 221 1955 atrorum
235 1894 299 1974 spei
312 1895 417 1955 eadem
428 1896 486 1957 iste
495 1915 556 1975 pax
571 1896 763 1969 edhaerescat,
772 1895 891 1975 insuper
902 1896 1093 1956 decrevistis:
1107 1916 1201 1976 usque

97 1989 168 2050 adeo
180 1989 214 2048 in
227 1988 362 2050 fraudem
373 1989 441 2050 estis
454 1989 555 2049 illecti.
577 1988 657 2057 Quid
670 1990 759 2070 igitur
770 1989 836 2050 haec
856 2009 936 2049 nunc
951 1989 1019 2049 dico
1034 1999 1064 2050 et
1077 1990 1143 2050 illos
1157 1992 1200 2051 ci·

97 2083 148 2142 tari
156 2081 277 2162 jubeo?
297 2101 365 2161 ego,
378 2101 431 2161 per
444 2082 517 2142 deos
531 2082 718 2154 immortales,
732 2101 832 2142 verum
842 2081 922 2162 apud
933 2101 984 2142 vos
1005 2082 1094 2142 libere
1105 2083 1202 2144 dicatn

97 2184 194 2235 etnon
208 2173 411 2234 dissimulabo.
441 2174 511 2234 Non
531 2175 605 2234 utin
620 2175 785 2235 convicium
799 2173 939 2254 delapsus
953 2174 1078 2252 efficiam
1092 2185 1127 2235 ut
1143 2196 1199 2258 ego

96 2267 220 2327 vicissim
230 2266 371 2328 conviciis
382 2266 461 2346 apud
468 2287 523 2328 ros
531 2268 671 2341 incessar,
677 2267 713 2326 iis
724 2275 824 2327 autem
833 2267 884 2347 qui
898 2269 936 2327 ab
950 2267 1033 2327 initio
1047 2268 1118 2327 mihi
1128 2269 1202 2328 infe-

98 2362 132 2420 sti
139 2362 262 2422 fuerunt
273 2380 352 2420 nunc
365 2380 482 2440 quoque
492 2357 639 2440 praebeam
658 2361 843 2420 occasionem
855 2359 964 2439 aliquid
978 2359 1083 2419 iterum
1092 2362 1202 2442 accipi·

97 2455 162 2514 endi
176 2475 195 2514 a
205 2453 344 2534 Philippo
356 2476 364 2524 3
377 2473 472 2532 neque
481 2462 516 2512 ut
525 2451 633 2513 frustra
641 2437 775 2532 garriam.
801 2452 860 2512 Sed
871 2455 943 2529 quod
951 2452 1109 2533 aliquando
1118 2456 1201 2516 vobis

96 2547 268 2607 molestiora
286 2547 349 2606 fore
372 2544 499 2625 Philippi
521 2545 599 2605 facta
622 2555 704 2625 puto,
725 2564 816 2624 quam
830 2565 932 2604 nunc:
957 2565 1019 2605 rem
1042 2547 1120 2605 enim
1133 2567 1202 2627 pro-

97 2640 176 2718 gredi
197 2640 297 2713 video,
317 2657 413 2718 neque
435 2657 504 2698 sane
523 2638 611 2700 velim
630 2639 814 2718 conjecturas
834 2657 916 2698 meas
945 2657 1125 2712 censueras,
1148 2641 1201 2701 sed
1306 2667 1309 2672 ·

96 2751 195 2794 vereor
210 2752 248 2792 ne
267 2730 370 2810 idjam
385 2729 469 2790 nimis
484 2731 515 2791 in
528 2730 692 2813 propinquo
716 2729 763 2791 sit.
798 2731 926 2797 Quando
943 2730 1031 2810 igitur
1044 2733 1126 2792 vobis
1141 2754 1201 2798 non

92 2825 152 2904 jem
175 2826 304 2886 liberum
327 2825 383 2885 erit
406 2844 443 2884 ea
463 2844 531 2903 quta
556 2823 693 2885 eveniunt
713 2823 883 2904 negligere3
904 2844 1002 2902 neque
1022 2825 1079 2886 ista
1100 2838 1203 2889 contra

96 2937 145 2978 vos
159 2918 258 2999 parari
272 2927 301 2978 et
315 2916 387 2977 strui
401 2933 440 2977 ex
458 2937 505 2978 me
525 2917 649 2978 audietis
672 2926 725 2977 aut
745 2916 802 2976 alio
816 2917 966 2997 quopiam,
985 2916 1038 2981 sed
1056 2917 1112 2997 ipsi
1137 2939 1200 2978 om·

96 3031 146 3072 nes
160 3010 298 3073 videbitis
320 3021 351 3071 et
372 3012 462 3092 probe
486 3010 595 3081 scietis,
617 3010 774 3070 iracundos
795 3019 827 3069 et
847 3029 966 3089 asperos
985 3009 1046 3070 fore
1066 3030 1118 3070 ros
1142 3013 1203 3071 exi-

97 3105 192 3166 stimo.
224 3104 335 3164 Vereor
349 3103 438 3184 igitur
451 3123 489 3164 ne
504 3123 573 3164 cum
588 3123 624 3163 ea
636 3102 725 3183 legati
739 3103 909 3163 reticuerint
922 3103 960 3162 ob
976 3121 1042 3180 quoe
1066 3121 1098 3162 se
1111 3102 1200 3182 largi-
1297 3179 1304 3196 .
1374 3144 1376 3151 ·

95 3196 223 3256 tiombus
236 3205 390 3277 corruptos
401 3216 473 3274 esse·
481 3195 588 3270 sciunt,
600 3196 636 3256 iis
650 3197 701 3276 qui
715 3215 752 3255 ea
765 3215 832 3274 quae
846 3215 899 3275 per
912 3196 984 3254 istos
997 3194 1146 3274 perierunt
1155 3195 1200 3255 ina

95 3299 224 3351 staurare
246 3300 402 3361 conantur,
417 3301 545 3350 vestram
561 3289 684 3369 experiri
705 3287 887 3349 iracundiam
900 3307 958 3347 usu
971 3287 1092 3349 veniat:
1114 3288 1200 3349 video

95 3383 172 3442 enim
194 3382 355 3444 nonnullos
368 3382 540 3465 plerumque
558 3402 618 3444 non
632 3381 662 3441 in
677 3401 772 3441 rerum
792 3391 938 3453 auctores,
961 3380 1015 3442 sed
1038 3379 1068 3439 in
1081 3381 1137 3442 hos
1150 3383 1201 3461 qui

93 3474 122 3535 in
136 3495 239 3537 eorum
252 3486 323 3536 sunt
334 3486 492 3558 potestate,
506 3477 579 3536 iram
593 3494 677 3536 suam
692 3473 854 3536 effundere.
886 3489 889 3494 ’

133 3573 163 3630 7.
184 3570 268 3630 Dum
282 3570 372 3650 igitur
385 3591 432 3632 res
447 3568 578 3630 differtur
590 3579 622 3629 et
634 3575 819 3647 comparatur
838 3573 869 3626 et
882 3565 956 3625 elius
974 3566 1065 3625 alium
1079 3567 1198 3627 exaudi·

94 3683 169 3738 mus,
181 3683 421 3743 unumquemque
434 3671 575 3735 restrum,
588 3661 658 3722 licet
669 3662 759 3740 probe
770 3679 904 3740 gnarum,
918 3669 1017 3718 tamen
1032 3678 1199 3720 commone-

93 3756 190 3818 facere
204 3756 303 3831 velim,
312 3756 448 3835 quisnam
461 3766 508 3816 est
521 3755 573 3835 qui
587 3753 755 3814 Phocenses
769 3763 799 3812 et
818 3751 908 3832 Pylas
923 3749 1100 3810 deserendos
1116 3752 1199 3812 vobis

95 3851 197 3924 suasit,
220 3851 327 3929 quibus
342 3849 390 3908 ille
409 3847 520 3928 potitus
544 3847 622 3908 viam
642 3846 696 3906 sibi
717 3845 748 3905 in
762 3845 894 3906 Atticam
913 3854 943 3904 et
961 3842 1200 3922 Peloponnesum

94 3943 227 4018 munivit,
249 3941 429 4022 perfecitque
448 3953 483 4001 ut
499 3941 581 4001 robis
599 3959 659 4000 non
679 3939 742 4018 jam
763 3938 801 3998 de
817 3936 929 3999 tuendo
938 3937 1006 4015 jure
1024 3935 1198 3998 Graecorum

95 4035 172 4096 etde
184 4036 272 4095 rebus
285 4035 430 4094 extraneis
444 4033 670 4095 consultandum
685 4031 735 4107 sit,
748 4030 803 4092 sed
816 4030 854 4091 de
867 4029 960 4109 patrio
975 4028 1038 4087 solo
1059 4029 1199 4109 belloque
1212 4083 1215 4091 .

94 4126 221 4188 Atticam
232 4128 328 4206 ipsam
342 4127 515 4206 attingente,
529 4126 610 4206 quod
624 4123 725 4185 dolore
738 4122 857 4202 quidem
877 4119 985 4181 afficiet
1002 4134 1198 4201 unumquem-

96 4239 152 4299 que
170 4229 312 4290 restrum,
326 4220 379 4280 ubi
401 4220 503 4293 aderit,
525 4228 618 4279 ortum
636 4227 683 4278 est
697 4225 796 4276 eutem
810 4213 861 4274 illo
875 4214 941 4294 ipso
956 4211 1012 4276 die.
1040 4215 1106 4274 Nisi
1119 4215 1197 4275 enirn

96 4313 287 4394 tumdecepti
297 4311 400 4374 essetis
413 4331 477 4379 ros,
488 4311 603 4371 nullum
613 4311 676 4391 jam
686 4310 763 4370 foret
773 4307 924 4388 negotium
936 4306 1123 4388 reipublice:
1145 4327 1198 4368 ne·
1232 4315 1234 4322 ’
1282 4369 1283 4376 χ

99 4423 155 4484 que
167 4407 244 4468 enim
257 4405 356 4468 navali
368 4405 450 4468 bello
466 4405 598 4486 superior
612 4404 708 4465 classe
721 4419 852 4480 unquam
873 4401 903 4460 in
923 4401 1056 4463 Atticam
1069 4401 1197 4464 venisset
