<?xml version="1.0" encoding="UTF-8"?>
<!DOCTYPE html PUBLIC "-//W3C//DTD XHTML 1.0 Transitional//EN"
    "http://www.w3.org/TR/xhtml1/DTD/xhtml1-transitional.dtd">
<html xmlns="http://www.w3.org/1999/xhtml" xml:lang="en" lang="en">
 <head>
  <title>
</title>
<meta http-equiv="Content-Type" content="text/html;charset=utf-8" />
  <meta name='ocr-system' content='tesseract 3.04.00' />
  <meta name='ocr-capabilities' content='ocr_page ocr_carea ocr_par ocr_line ocrx_word'/>
</head>
<body>
  <div class='ocr_page' id='page_1' title='image "./demosthenisetsc08ulpigoog/demosthenisetsc08ulpigoog_0404.png"; bbox 0 0 2932 4952; ppageno 0'>
   <div class='ocr_carea' id='block_1_1' title="bbox 305 229 1270 388">
    <p class='ocr_par' dir='ltr' id='par_1_1' title="bbox 305 229 1270 388">
     <span class='ocr_line' id='line_1_1' title="bbox 305 229 1270 388; baseline -0.023 -36"><span class='ocrx_word' id='word_1_1' title='bbox 305 239 327 361; x_wconf 63' lang='lat' dir='ltr'><strong><em>s</em></strong></span> <span class='ocrx_word' id='word_1_2' title='bbox 408 259 585 348; x_wconf 80' lang='lat' dir='ltr'><strong>&#39;conrm</strong></span> <span class='ocrx_word' id='word_1_3' title='bbox 606 272 946 388; x_wconf 77' lang='lat' dir='ltr'><strong>rnrsrocrrrnn.</strong></span> <span class='ocrx_word' id='word_1_4' title='bbox 1048 229 1051 250; x_wconf 79' lang='lat'>&#39;</span> <span class='ocrx_word' id='word_1_5' title='bbox 1169 266 1270 343; x_wconf 75' lang='grc' dir='ltr'><strong>ιιι.</strong></span> 
     </span>
    </p>
   </div>
   <div class='ocr_carea' id='block_1_2' title="bbox 31 421 1316 2842">
    <p class='ocr_par' dir='ltr' id='par_1_2' title="bbox 130 421 1230 895">
     <span class='ocr_line' id='line_1_2' title="bbox 130 421 1230 528; baseline -0.003 -27"><span class='ocrx_word' id='word_1_6' title='bbox 130 431 219 522; x_wconf 82' lang='lat' dir='ltr'><strong>posse</strong></span> <span class='ocrx_word' id='word_1_7' title='bbox 229 431 426 521; x_wconf 78' lang='lat' dir='ltr'><strong>acquiescere,</strong></span> <span class='ocrx_word' id='word_1_8' title='bbox 434 435 525 521; x_wconf 79' lang='lat' dir='ltr'><strong>quam</strong></span> <span class='ocrx_word' id='word_1_9' title='bbox 538 461 563 503; x_wconf 86' lang='grc' dir='ltr'><strong>ιι</strong></span> <span class='ocrx_word' id='word_1_10' title='bbox 555 431 748 528; x_wconf 73' lang='lat' dir='ltr'><strong>probarent</strong></span> <span class='ocrx_word' id='word_1_11' title='bbox 749 449 791 515; x_wconf 81' lang='lat' dir='ltr'><strong>se,</strong></span> <span class='ocrx_word' id='word_1_12' title='bbox 801 427 914 506; x_wconf 85' lang='lat' dir='ltr'><strong>etiamsi</strong></span> <span class='ocrx_word' id='word_1_13' title='bbox 924 421 1044 514; x_wconf 78' lang='lat' dir='ltr'><strong>vellent,</strong></span> <span class='ocrx_word' id='word_1_14' title='bbox 1053 455 1160 500; x_wconf 85' lang='lat' dir='ltr'><strong>nocere</strong></span> <span class='ocrx_word' id='word_1_15' title='bbox 1168 445 1230 499; x_wconf 84' lang='lat' dir='ltr'><strong>non</strong></span> 
     </span>
     <span class='ocr_line' id='line_1_3' title="bbox 132 532 1230 614; baseline -0.003 -20"><span class='ocrx_word' id='word_1_16' title='bbox 132 547 230 612; x_wconf 83' lang='lat' dir='ltr'><strong>posse,</strong></span> <span class='ocrx_word' id='word_1_17' title='bbox 245 536 299 595; x_wconf 91' lang='lat' dir='ltr'><strong>sibi</strong></span> <span class='ocrx_word' id='word_1_18' title='bbox 311 537 388 594; x_wconf 87' lang='lat' dir='ltr'><strong>enim</strong></span> <span class='ocrx_word' id='word_1_19' title='bbox 397 554 455 594; x_wconf 88' lang='lat' dir='ltr'><strong>non</strong></span> <span class='ocrx_word' id='word_1_20' title='bbox 466 555 531 595; x_wconf 87' lang='lat' dir='ltr'><strong>esse</strong></span> <span class='ocrx_word' id='word_1_21' title='bbox 540 535 671 606; x_wconf 87' lang='lat' dir='ltr'><strong>dubium,</strong></span> <span class='ocrx_word' id='word_1_22' title='bbox 683 536 760 613; x_wconf 88' lang='lat' dir='ltr'><strong>quin</strong></span> <span class='ocrx_word' id='word_1_23' title='bbox 757 535 883 605; x_wconf 83' lang='lat' dir='ltr'><strong>·,vellent</strong></span> <span class='ocrx_word' id='word_1_24' title='bbox 894 532 1011 614; x_wconf 84' lang='lat' dir='ltr'><strong>quoad</strong></span> <span class='ocrx_word' id='word_1_25' title='bbox 1004 534 1090 612; x_wconf 84' lang='lat' dir='ltr'><strong>rgrtur</strong></span> <span class='ocrx_word' id='word_1_26' title='bbox 1097 540 1230 614; x_wconf 90' lang='lat' dir='ltr'><strong>possent</strong></span> 
     </span>
     <span class='ocr_line' id='line_1_4' title="bbox 130 621 1230 708; baseline -0.001 -22"><span class='ocrx_word' id='word_1_27' title='bbox 130 627 262 688; x_wconf 83' lang='lat' dir='ltr'><strong>fidem</strong></span> <span class='ocrx_word' id='word_1_28' title='bbox 236 647 278 688; x_wconf 85' lang='lat' dir='ltr'><strong>ers</strong></span> <span class='ocrx_word' id='word_1_29' title='bbox 295 623 393 688; x_wconf 86' lang='lat' dir='ltr'><strong>haberi</strong></span> <span class='ocrx_word' id='word_1_30' title='bbox 407 647 466 686; x_wconf 86' lang='lat' dir='ltr'><strong>non</strong></span> <span class='ocrx_word' id='word_1_31' title='bbox 481 647 579 708; x_wconf 87' lang='lat' dir='ltr'><strong>posse.</strong></span> <span class='ocrx_word' id='word_1_32' title='bbox 597 627 684 688; x_wconf 89' lang='lat' dir='ltr'><strong>Hanc</strong></span> <span class='ocrx_word' id='word_1_33' title='bbox 703 627 812 687; x_wconf 87' lang='lat' dir='ltr'><strong>fidem</strong></span> <span class='ocrx_word' id='word_1_34' title='bbox 803 628 902 706; x_wconf 80' lang='lat' dir='ltr'><strong>igitur,</strong></span> <span class='ocrx_word' id='word_1_35' title='bbox 924 627 949 686; x_wconf 91' lang='lat' dir='ltr'><strong>si</strong></span> <span class='ocrx_word' id='word_1_36' title='bbox 961 627 1032 686; x_wconf 89' lang='lat' dir='ltr'><strong>meis</strong></span> <span class='ocrx_word' id='word_1_37' title='bbox 1047 627 1090 686; x_wconf 91' lang='lat' dir='ltr'><strong>uti</strong></span> <span class='ocrx_word' id='word_1_38' title='bbox 1100 621 1230 686; x_wconf 74' lang='lat' dir='ltr'><strong>consiliis</strong></span> 
     </span>
     <span class='ocr_line' id='line_1_5' title="bbox 130 713 1230 810; baseline -0.001 -31"><span class='ocrx_word' id='word_1_39' title='bbox 130 713 240 810; x_wconf 83' lang='lat' dir='ltr'><strong>placet,</strong></span> <span class='ocrx_word' id='word_1_40' title='bbox 261 715 400 782; x_wconf 84' lang='lat' dir='ltr'><strong>adversus</strong></span> <span class='ocrx_word' id='word_1_41' title='bbox 415 722 557 782; x_wconf 87' lang='lat' dir='ltr'><strong>Thracem</strong></span> <span class='ocrx_word' id='word_1_42' title='bbox 575 720 663 780; x_wconf 89' lang='lat' dir='ltr'><strong>istum</strong></span> <span class='ocrx_word' id='word_1_43' title='bbox 685 720 867 792; x_wconf 85' lang='lat' dir='ltr'><strong>custodietis,</strong></span> <span class='ocrx_word' id='word_1_44' title='bbox 891 739 947 780; x_wconf 88' lang='lat' dir='ltr'><strong>nec</strong></span> <span class='ocrx_word' id='word_1_45' title='bbox 970 720 1093 802; x_wconf 77' lang='lat' dir='ltr'><strong>experiri</strong></span> <span class='ocrx_word' id='word_1_46' title='bbox 1084 719 1230 792; x_wconf 69' lang='lat' dir='ltr'><strong>uoletis,</strong></span> 
     </span>
     <span class='ocr_line' id='line_1_6' title="bbox 131 813 1027 895; baseline 0 -23"><span class='ocrx_word' id='word_1_47' title='bbox 131 833 193 892; x_wconf 91' lang='lat' dir='ltr'><strong>quo</strong></span> <span class='ocrx_word' id='word_1_48' title='bbox 212 815 319 887; x_wconf 78' lang='lat' dir='ltr'><strong>anima,</strong></span> <span class='ocrx_word' id='word_1_49' title='bbox 341 824 403 874; x_wconf 82' lang='lat' dir='ltr'><strong>tota</strong></span> <span class='ocrx_word' id='word_1_50' title='bbox 422 814 546 874; x_wconf 87' lang='lat' dir='ltr'><strong>Thracia</strong></span> <span class='ocrx_word' id='word_1_51' title='bbox 559 813 634 895; x_wconf 90' lang='lat' dir='ltr'><strong>potit</strong></span> <span class='ocrx_word' id='word_1_52' title='bbox 634 835 681 887; x_wconf 90' lang='lat' dir='ltr'><strong>us,</strong></span> <span class='ocrx_word' id='word_1_53' title='bbox 695 833 767 894; x_wconf 82' lang='lat' dir='ltr'><strong>erge</strong></span> <span class='ocrx_word' id='word_1_54' title='bbox 783 833 833 874; x_wconf 84' lang='lat' dir='ltr'><strong>vos</strong></span> <span class='ocrx_word' id='word_1_55' title='bbox 850 815 965 874; x_wconf 84' lang='lat' dir='ltr'><strong>futurus</strong></span> <span class='ocrx_word' id='word_1_56' title='bbox 980 814 1027 873; x_wconf 83' lang='lat' dir='ltr'><strong>sit.</strong></span> 
     </span>
    </p>

    <p class='ocr_par' dir='ltr' id='par_1_3' title="bbox 31 906 1316 2842">
     <span class='ocr_line' id='line_1_7' title="bbox 134 906 1232 988; baseline 0.002 -22.076"><span class='ocrx_word' id='word_1_57' title='bbox 134 909 224 966; x_wconf 90' lang='grc'><strong>·.30</strong></span> <span class='ocrx_word' id='word_1_58' title='bbox 245 907 313 968; x_wconf 86' lang='lat' dir='ltr'><strong>Jam</strong></span> <span class='ocrx_word' id='word_1_59' title='bbox 335 923 391 968; x_wconf 89' lang='lat' dir='ltr'><strong>uec</strong></span> <span class='ocrx_word' id='word_1_60' title='bbox 409 927 548 968; x_wconf 87' lang='lat' dir='ltr'><strong>sanorum</strong></span> <span class='ocrx_word' id='word_1_61' title='bbox 568 907 717 967; x_wconf 91' lang='lat' dir='ltr'><strong>homiuum</strong></span> <span class='ocrx_word' id='word_1_62' title='bbox 731 923 796 967; x_wconf 85' lang='lat' dir='ltr'><strong>esse</strong></span> <span class='ocrx_word' id='word_1_63' title='bbox 813 906 884 988; x_wconf 80' lang='lat' dir='ltr'><strong>talia</strong></span> <span class='ocrx_word' id='word_1_64' title='bbox 906 906 1024 966; x_wconf 83' lang='lat' dir='ltr'><strong>decreta</strong></span> <span class='ocrx_word' id='word_1_65' title='bbox 1043 906 1180 980; x_wconf 84' lang='lat' dir='ltr'><strong>scribere,</strong></span> <span class='ocrx_word' id='word_1_66' title='bbox 1200 915 1232 968; x_wconf 87' lang='lat' dir='ltr'><strong>et</strong></span> 
     </span>
     <span class='ocr_line' id='line_1_8' title="bbox 31 977 1232 1079; baseline -0.002 -19"><span class='ocrx_word' id='word_1_67' title='bbox 31 989 36 996; x_wconf 46' lang='lat'><em>⁶</em></span> <span class='ocrx_word' id='word_1_68' title='bbox 130 989 279 1079; x_wconf 75' lang='lat' dir='ltr'><strong>aliquibus</strong></span> <span class='ocrx_word' id='word_1_69' title='bbox 292 1000 363 1060; x_wconf 88' lang='lat' dir='ltr'><strong>talia</strong></span> <span class='ocrx_word' id='word_1_70' title='bbox 378 1000 448 1060; x_wconf 87' lang='lat' dir='ltr'><strong>dare</strong></span> <span class='ocrx_word' id='word_1_71' title='bbox 461 1001 588 1079; x_wconf 85' lang='lat' dir='ltr'><strong>proemia,</strong></span> <span class='ocrx_word' id='word_1_72' title='bbox 601 998 631 1058; x_wconf 94' lang='lat' dir='ltr'><strong>id</strong></span> <span class='ocrx_word' id='word_1_73' title='bbox 645 1007 761 1079; x_wconf 81' lang='lat' dir='ltr'><strong>qnoque</strong></span> <span class='ocrx_word' id='word_1_74' title='bbox 779 999 817 1059; x_wconf 89' lang='lat' dir='ltr'><strong>de</strong></span> <span class='ocrx_word' id='word_1_75' title='bbox 830 977 928 1058; x_wconf 84' lang='lat' dir='ltr'><strong>multis</strong></span> <span class='ocrx_word' id='word_1_76' title='bbox 940 999 1029 1058; x_wconf 90' lang='lat' dir='ltr'><strong>rebus</strong></span> <span class='ocrx_word' id='word_1_77' title='bbox 1047 997 1131 1058; x_wconf 82' lang='lat' dir='ltr'><strong>facile</strong></span> <span class='ocrx_word' id='word_1_78' title='bbox 1144 1001 1232 1060; x_wconf 85' lang='lat' dir='ltr'><strong>intel·</strong></span> 
     </span>
     <span class='ocr_line' id='line_1_9' title="bbox 129 1091 1231 1189; baseline 0.004 -37"><span class='ocrx_word' id='word_1_79' title='bbox 129 1092 242 1172; x_wconf 82' lang='lat' dir='ltr'><strong>ligitur.</strong></span> <span class='ocrx_word' id='word_1_80' title='bbox 278 1091 365 1152; x_wconf 87' lang='lat' dir='ltr'><strong>Scitis</strong></span> <span class='ocrx_word' id='word_1_81' title='bbox 379 1093 456 1152; x_wconf 86' lang='lat' dir='ltr'><strong>enim</strong></span> <span class='ocrx_word' id='word_1_82' title='bbox 469 1111 571 1152; x_wconf 88' lang='lat' dir='ltr'><strong>omnes</strong></span> <span class='ocrx_word' id='word_1_83' title='bbox 588 1111 673 1172; x_wconf 72' lang='lat' dir='ltr'><strong>oeque</strong></span> <span class='ocrx_word' id='word_1_84' title='bbox 691 1112 820 1164; x_wconf 89' lang='lat' dir='ltr'><strong>mecum,</strong></span> <span class='ocrx_word' id='word_1_85' title='bbox 836 1091 1044 1165; x_wconf 83' lang='lat' dir='ltr'>Athenienses,</span> <span class='ocrx_word' id='word_1_86' title='bbox 1056 1110 1110 1153; x_wconf 85' lang='lat' dir='ltr'><strong>vos</strong></span> <span class='ocrx_word' id='word_1_87' title='bbox 1132 1091 1231 1189; x_wconf 81' lang='lat' dir='ltr'><strong>Cotyn</strong></span> 
     </span>
     <span class='ocr_line' id='line_1_10' title="bbox 130 1173 1231 1270; baseline 0.002 -24"><span class='ocrx_word' id='word_1_88' title='bbox 130 1173 281 1267; x_wconf 85' lang='lat' dir='ltr'><strong>qnondam</strong></span> <span class='ocrx_word' id='word_1_89' title='bbox 302 1187 386 1248; x_wconf 88' lang='lat' dir='ltr'><strong>illum</strong></span> <span class='ocrx_word' id='word_1_90' title='bbox 407 1188 521 1250; x_wconf 81' lang='lat' dir='ltr'><strong>iecisse</strong></span> <span class='ocrx_word' id='word_1_91' title='bbox 531 1187 645 1247; x_wconf 89' lang='lat' dir='ltr'><strong>civem.</strong></span> <span class='ocrx_word' id='word_1_92' title='bbox 666 1175 747 1270; x_wconf 87' lang='lat' dir='ltr'><strong>haud</strong></span> <span class='ocrx_word' id='word_1_93' title='bbox 774 1185 861 1246; x_wconf 87' lang='lat' dir='ltr'><strong>dubie</strong></span> <span class='ocrx_word' id='word_1_94' title='bbox 878 1187 956 1246; x_wconf 90' lang='lat' dir='ltr'><strong>bene</strong></span> <span class='ocrx_word' id='word_1_95' title='bbox 975 1185 1050 1246; x_wconf 86' lang='lat' dir='ltr'><strong>velle</strong></span> <span class='ocrx_word' id='word_1_96' title='bbox 1073 1185 1155 1246; x_wconf 85' lang='lat' dir='ltr'><strong>vobis</strong></span> <span class='ocrx_word' id='word_1_97' title='bbox 1179 1181 1231 1248; x_wconf 93' lang='lat' dir='ltr'><strong>illo</strong></span> 
     </span>
     <span class='ocr_line' id='line_1_11' title="bbox 130 1263 1231 1358; baseline 0.002 -18"><span class='ocrx_word' id='word_1_98' title='bbox 130 1289 263 1358; x_wconf 90' lang='lat' dir='ltr'><strong>tempore</strong></span> <span class='ocrx_word' id='word_1_99' title='bbox 277 1289 366 1358; x_wconf 80' lang='lat' dir='ltr'><strong>etque</strong></span> <span class='ocrx_word' id='word_1_100' title='bbox 380 1280 504 1340; x_wconf 88' lang='lat' dir='ltr'><strong>amicum</strong></span> <span class='ocrx_word' id='word_1_101' title='bbox 517 1290 583 1339; x_wconf 83' lang='lat' dir='ltr'><strong>ess&#39;e</strong></span> <span class='ocrx_word' id='word_1_102' title='bbox 596 1263 805 1338; x_wconf 84' lang='lat' dir='ltr'><strong>existimantes.</strong></span> <span class='ocrx_word' id='word_1_103' title='bbox 828 1279 906 1348; x_wconf 88' lang='lat' dir='ltr'><strong>Quin</strong></span> <span class='ocrx_word' id='word_1_104' title='bbox 917 1286 947 1338; x_wconf 87' lang='lat' dir='ltr'><strong>et</strong></span> <span class='ocrx_word' id='word_1_105' title='bbox 957 1297 1059 1340; x_wconf 89' lang='lat' dir='ltr'><strong>aureas</strong></span> <span class='ocrx_word' id='word_1_106' title='bbox 1071 1279 1097 1338; x_wconf 86' lang='lat' dir='ltr'><strong>ei</strong></span> <span class='ocrx_word' id='word_1_107' title='bbox 1107 1295 1231 1342; x_wconf 88' lang='lat' dir='ltr'><strong>coronas</strong></span> 
     </span>
     <span class='ocr_line' id='line_1_12' title="bbox 129 1371 1230 1453; baseline 0.002 -21"><span class='ocrx_word' id='word_1_108' title='bbox 129 1371 317 1444; x_wconf 73' lang='lat' dir='ltr'><strong>decrevistiss</strong></span> <span class='ocrx_word' id='word_1_109' title='bbox 339 1391 399 1432; x_wconf 90' lang='lat' dir='ltr'><strong>nou</strong></span> <span class='ocrx_word' id='word_1_110' title='bbox 414 1373 515 1453; x_wconf 83' lang='lat' dir='ltr'><strong>utique</strong></span> <span class='ocrx_word' id='word_1_111' title='bbox 529 1372 645 1444; x_wconf 79' lang='lat' dir='ltr'><strong>facturi,</strong></span> <span class='ocrx_word' id='word_1_112' title='bbox 660 1393 684 1432; x_wconf 84' lang='grc' dir='ltr'><strong>ιι</strong></span> <span class='ocrx_word' id='word_1_113' title='bbox 677 1371 813 1432; x_wconf 85' lang='lat' dir='ltr'><strong>hostem</strong></span> <span class='ocrx_word' id='word_1_114' title='bbox 828 1372 980 1451; x_wconf 74' lang='lat' dir='ltr'><strong>putaretis.</strong></span> <span class='ocrx_word' id='word_1_115' title='bbox 1007 1371 1230 1447; x_wconf 81' lang='lat' dir='ltr'><strong>Verumtamen,</strong></span> 
     </span>
     <span class='ocr_line' id='line_1_13' title="bbox 129 1462 1231 1544; baseline 0.005 -20"><span class='ocrx_word' id='word_1_116' title='bbox 129 1483 199 1524; x_wconf 88' lang='lat' dir='ltr'><strong>cum</strong></span> <span class='ocrx_word' id='word_1_117' title='bbox 213 1464 371 1524; x_wconf 88' lang='lat' dir='ltr'><strong>sceleratus</strong></span> <span class='ocrx_word' id='word_1_118' title='bbox 381 1465 496 1525; x_wconf 86' lang='lat' dir='ltr'><strong>etdiis</strong></span> <span class='ocrx_word' id='word_1_119' title='bbox 488 1465 721 1537; x_wconf 79' lang='lat' dir='ltr'><strong>inimicusfieret,</strong></span> <span class='ocrx_word' id='word_1_120' title='bbox 734 1474 765 1523; x_wconf 89' lang='lat' dir='ltr'><strong>et</strong></span> <span class='ocrx_word' id='word_1_121' title='bbox 776 1483 829 1523; x_wconf 86' lang='lat' dir='ltr'><strong>vos</strong></span> <span class='ocrx_word' id='word_1_122' title='bbox 840 1464 954 1544; x_wconf 86' lang='lat' dir='ltr'><strong>maguis</strong></span> <span class='ocrx_word' id='word_1_123' title='bbox 966 1462 1077 1544; x_wconf 88' lang='lat' dir='ltr'><strong>injuriis</strong></span> <span class='ocrx_word' id='word_1_124' title='bbox 1092 1467 1231 1544; x_wconf 89' lang='lat' dir='ltr'><strong>afficeret,</strong></span> 
     </span>
     <span class='ocr_line' id='line_1_14' title="bbox 120 1551 1232 1638; baseline 0.004 -22"><span class='ocrx_word' id='word_1_125' title='bbox 120 1556 366 1616; x_wconf 83' lang='lat' dir='ltr'><strong>interfectores&#39;</strong></span> <span class='ocrx_word' id='word_1_126' title='bbox 340 1576 415 1636; x_wconf 78' lang='lat' dir='ltr'><strong>ejus,</strong></span> <span class='ocrx_word' id='word_1_127' title='bbox 425 1557 590 1636; x_wconf 80' lang='lat' dir='ltr'><strong>Pythonem</strong></span> <span class='ocrx_word' id='word_1_128' title='bbox 600 1565 630 1616; x_wconf 86' lang='lat' dir='ltr'><strong>et</strong></span> <span class='ocrx_word' id='word_1_129' title='bbox 645 1555 833 1614; x_wconf 82' lang='lat' dir='ltr'><strong>Heraclidem</strong></span> <span class='ocrx_word' id='word_1_130' title='bbox 847 1556 965 1629; x_wconf 87' lang='lat' dir='ltr'><strong>AEneos,</strong></span> <span class='ocrx_word' id='word_1_131' title='bbox 976 1565 1010 1615; x_wconf 90' lang='lat' dir='ltr'><strong>ut</strong></span> <span class='ocrx_word' id='word_1_132' title='bbox 1021 1558 1093 1616; x_wconf 85' lang='lat' dir='ltr'><strong>bene</strong></span> <span class='ocrx_word' id='word_1_133' title='bbox 1103 1551 1232 1638; x_wconf 84' lang='lat' dir='ltr'><strong>meritos,</strong></span> 
     </span>
     <span class='ocr_line' id='line_1_15' title="bbox 129 1647 1230 1730; baseline 0.003 -21"><span class='ocrx_word' id='word_1_134' title='bbox 129 1649 327 1710; x_wconf 80' lang='lat' dir='ltr'><strong>inuisitatem</strong></span> <span class='ocrx_word' id='word_1_135' title='bbox 352 1650 523 1729; x_wconf 84' lang='lat' dir='ltr'><strong>adscriptos,</strong></span> <span class='ocrx_word' id='word_1_136' title='bbox 547 1648 642 1709; x_wconf 81' lang='lat' dir='ltr'><strong>aurcis</strong></span> <span class='ocrx_word' id='word_1_137' title='bbox 669 1647 785 1707; x_wconf 91' lang='lat' dir='ltr'><strong>coronis</strong></span> <span class='ocrx_word' id='word_1_138' title='bbox 806 1649 942 1728; x_wconf 85' lang='lat' dir='ltr'><strong>ornastis.</strong></span> <span class='ocrx_word' id='word_1_139' title='bbox 980 1648 1012 1708; x_wconf 87' lang='lat' dir='ltr'><strong>Si</strong></span> <span class='ocrx_word' id='word_1_140' title='bbox 1035 1659 1106 1709; x_wconf 92' lang='lat' dir='ltr'><strong>tunc</strong></span> <span class='ocrx_word' id='word_1_141' title='bbox 1130 1651 1184 1730; x_wconf 81' lang='lat' dir='ltr'><strong>igit</strong></span> <span class='ocrx_word' id='word_1_142' title='bbox 1184 1673 1230 1725; x_wconf 84' lang='lat' dir='ltr'><strong>ur,</strong></span> 
     </span>
     <span class='ocr_line' id='line_1_16' title="bbox 130 1723 1232 1821; baseline 0.005 -21"><span class='ocrx_word' id='word_1_143' title='bbox 130 1742 252 1820; x_wconf 86' lang='lat' dir='ltr'><strong>quando</strong></span> <span class='ocrx_word' id='word_1_144' title='bbox 272 1741 420 1802; x_wconf 79' lang='lat' dir='ltr'><strong>familiaris</strong></span> <span class='ocrx_word' id='word_1_145' title='bbox 435 1741 517 1801; x_wconf 89' lang='lat' dir='ltr'><strong>vobis</strong></span> <span class='ocrx_word' id='word_1_146' title='bbox 523 1741 625 1819; x_wconf 84' lang='lat' dir='ltr'><strong>Cotys</strong></span> <span class='ocrx_word' id='word_1_147' title='bbox 643 1759 709 1799; x_wconf 88' lang='lat' dir='ltr'><strong>esse</strong></span> <span class='ocrx_word' id='word_1_148' title='bbox 721 1739 883 1810; x_wconf 83' lang='lat' dir='ltr'><strong>videbatur,</strong></span> <span class='ocrx_word' id='word_1_149' title='bbox 899 1723 1003 1821; x_wconf 86' lang='lat' dir='ltr'><strong>aliquis</strong></span> <span class='ocrx_word' id='word_1_150' title='bbox 1018 1741 1192 1821; x_wconf 83' lang='lat' dir='ltr'><strong>scripsisset,</strong></span> <span class='ocrx_word' id='word_1_151' title='bbox 1207 1737 1232 1805; x_wconf 88' lang='lat' dir='ltr'><strong>si</strong></span> 
     </span>
     <span class='ocr_line' id='line_1_17' title="bbox 129 1833 1233 1915; baseline 0.004 -21"><span class='ocrx_word' id='word_1_152' title='bbox 129 1835 197 1914; x_wconf 89' lang='lat' dir='ltr'><strong>quis</strong></span> <span class='ocrx_word' id='word_1_153' title='bbox 216 1835 314 1915; x_wconf 78' lang='lat' dir='ltr'><strong>Cotyn</strong></span> <span class='ocrx_word' id='word_1_154' title='bbox 326 1833 476 1906; x_wconf 87' lang='lat' dir='ltr'><strong>occiderit,</strong></span> <span class='ocrx_word' id='word_1_155' title='bbox 497 1833 655 1896; x_wconf 86' lang='lat' dir='ltr'><strong>ioederibus</strong></span> <span class='ocrx_word' id='word_1_156' title='bbox 679 1841 832 1912; x_wconf 83' lang='lat' dir='ltr'><strong>exemptus</strong></span> <span class='ocrx_word' id='word_1_157' title='bbox 850 1843 926 1905; x_wconf 87' lang='lat' dir='ltr'><strong>esto,</strong></span> <span class='ocrx_word' id='word_1_158' title='bbox 947 1841 1045 1893; x_wconf 89' lang='lat' dir='ltr'><strong>utrum</strong></span> <span class='ocrx_word' id='word_1_159' title='bbox 1067 1833 1233 1914; x_wconf 79' lang='lat' dir='ltr'><strong>Pythonem</strong></span> 
     </span>
     <span class='ocr_line' id='line_1_18' title="bbox 130 1924 1232 2008; baseline 0.003 -19"><span class='ocrx_word' id='word_1_160' title='bbox 130 1927 302 1989; x_wconf 85' lang='lat' dir='ltr'><strong>cumfratre</strong></span> <span class='ocrx_word' id='word_1_161' title='bbox 318 1947 403 1986; x_wconf 76' lang='lat' dir='ltr'><strong>noxoe</strong></span> <span class='ocrx_word' id='word_1_162' title='bbox 416 1925 581 1997; x_wconf 84' lang='lat' dir='ltr'><strong>dedissetis,</strong></span> <span class='ocrx_word' id='word_1_163' title='bbox 597 1943 634 1986; x_wconf 90' lang='lat' dir='ltr'><strong>an</strong></span> <span class='ocrx_word' id='word_1_164' title='bbox 650 1936 754 1986; x_wconf 85' lang='lat' dir='ltr'><strong>eontra</strong></span> <span class='ocrx_word' id='word_1_165' title='bbox 776 1926 927 2008; x_wconf 83' lang='lat' dir='ltr'><strong>decretum</strong></span> <span class='ocrx_word' id='word_1_166' title='bbox 947 1924 1020 1985; x_wconf 93' lang='lat' dir='ltr'><strong>illud</strong></span> <span class='ocrx_word' id='word_1_167' title='bbox 1038 1927 1160 1987; x_wconf 84' lang='lat' dir='ltr'><strong>civitate</strong></span> <span class='ocrx_word' id='word_1_168' title='bbox 1179 1930 1232 1991; x_wconf 91' lang='lat' dir='ltr'><strong>do·</strong></span> 
     </span>
     <span class='ocr_line' id='line_1_19' title="bbox 82 2014 1233 2095; baseline 0.002 -14"><span class='ocrx_word' id='word_1_169' title='bbox 82 2014 87 2036; x_wconf 77' lang='lat'>&#39;</span> <span class='ocrx_word' id='word_1_170' title='bbox 130 2031 228 2091; x_wconf 79' lang='lat' dir='ltr'><strong>notos,</strong></span> <span class='ocrx_word' id='word_1_171' title='bbox 243 2030 277 2080; x_wconf 93' lang='lat' dir='ltr'><strong>ut</strong></span> <span class='ocrx_word' id='word_1_172' title='bbox 288 2020 505 2090; x_wconf 87' lang='lat' dir='ltr'><strong>benemeritos,</strong></span> <span class='ocrx_word' id='word_1_173' title='bbox 520 2017 701 2079; x_wconf 79' lang='lat' dir='ltr'><strong>ornassetisi</strong></span> <span class='ocrx_word' id='word_1_174' title='bbox 722 2017 801 2086; x_wconf 88' lang='lat' dir='ltr'><strong>Quid</strong></span> <span class='ocrx_word' id='word_1_175' title='bbox 815 2037 884 2078; x_wconf 90' lang='lat' dir='ltr'><strong>vero</strong></span> <span class='ocrx_word' id='word_1_176' title='bbox 901 2018 938 2077; x_wconf 93' lang='lat' dir='ltr'><strong>de</strong></span> <span class='ocrx_word' id='word_1_177' title='bbox 955 2018 1124 2078; x_wconf 85' lang='lat' dir='ltr'><strong>Alexandro</strong></span> <span class='ocrx_word' id='word_1_178' title='bbox 1141 2021 1233 2095; x_wconf 54' lang='lat' dir='ltr'><strong>These</strong></span> 
     </span>
     <span class='ocr_line' id='line_1_20' title="bbox 130 2099 1233 2200; baseline 0.001 -26"><span class='ocrx_word' id='word_1_179' title='bbox 130 2113 218 2174; x_wconf 80' lang='lat' dir='ltr'><strong>salui</strong></span> <span class='ocrx_word' id='word_1_180' title='bbox 240 2113 270 2173; x_wconf 89' lang='lat' dir='ltr'><strong>Is</strong></span> <span class='ocrx_word' id='word_1_181' title='bbox 281 2133 347 2200; x_wconf 86' lang='lat' dir='ltr'><strong>cnm</strong></span> <span class='ocrx_word' id='word_1_182' title='bbox 359 2112 530 2192; x_wconf 84' lang='lat' dir='ltr'><strong>Pelopidam</strong></span> <span class='ocrx_word' id='word_1_183' title='bbox 539 2121 658 2191; x_wconf 85' lang='lat' dir='ltr'><strong>captum</strong></span> <span class='ocrx_word' id='word_1_184' title='bbox 670 2103 700 2171; x_wconf 88' lang='lat' dir='ltr'><strong>in</strong></span> <span class='ocrx_word' id='word_1_185' title='bbox 708 2099 833 2171; x_wconf 83' lang='lat' dir='ltr'><strong>vinculis</strong></span> <span class='ocrx_word' id='word_1_186' title='bbox 847 2109 975 2194; x_wconf 83' lang='lat' dir='ltr'><strong>baberet,</strong></span> <span class='ocrx_word' id='word_1_187' title='bbox 987 2121 1017 2170; x_wconf 87' lang='lat' dir='ltr'><strong>et</strong></span> <span class='ocrx_word' id='word_1_188' title='bbox 1027 2111 1233 2176; x_wconf 84' lang='lat' dir='ltr'><strong>Thebanorum</strong></span> 
     </span>
     <span class='ocr_line' id='line_1_21' title="bbox 131 2189 1233 2277; baseline 0.004 -11"><span class='ocrx_word' id='word_1_189' title='bbox 131 2206 227 2266; x_wconf 86' lang='lat' dir='ltr'><strong>hostis</strong></span> <span class='ocrx_word' id='word_1_190' title='bbox 241 2216 320 2266; x_wconf 86' lang='lat' dir='ltr'><strong>esset</strong></span> <span class='ocrx_word' id='word_1_191' title='bbox 334 2195 503 2277; x_wconf 85' lang='lat' dir='ltr'><strong>acerrimus,</strong></span> <span class='ocrx_word' id='word_1_192' title='bbox 516 2206 598 2265; x_wconf 85' lang='lat' dir='ltr'><strong>robis</strong></span> <span class='ocrx_word' id='word_1_193' title='bbox 611 2225 680 2265; x_wconf 85' lang='lat' dir='ltr'><strong>vero</strong></span> <span class='ocrx_word' id='word_1_194' title='bbox 694 2205 736 2264; x_wconf 90' lang='lat' dir='ltr'><strong>ita</strong></span> <span class='ocrx_word' id='word_1_195' title='bbox 749 2203 907 2277; x_wconf 83' lang='lat' dir='ltr'><strong>familiaris,</strong></span> <span class='ocrx_word' id='word_1_196' title='bbox 917 2213 951 2263; x_wconf 91' lang='lat' dir='ltr'><strong>ut</strong></span> <span class='ocrx_word' id='word_1_197' title='bbox 964 2189 994 2264; x_wconf 88' lang='lat' dir='ltr'><strong>et</strong></span> <span class='ocrx_word' id='word_1_198' title='bbox 1004 2204 1107 2264; x_wconf 89' lang='lat' dir='ltr'><strong>ducem</strong></span> <span class='ocrx_word' id='word_1_199' title='bbox 1119 2227 1136 2264; x_wconf 89' lang='lat' dir='ltr'><strong>a</strong></span> <span class='ocrx_word' id='word_1_200' title='bbox 1149 2211 1233 2270; x_wconf 84' lang='lat' dir='ltr'><strong>vobis</strong></span> 
     </span>
     <span class='ocr_line' id='line_1_22' title="bbox 130 2293 1231 2386; baseline 0.003 -28"><span class='ocrx_word' id='word_1_201' title='bbox 130 2307 254 2378; x_wconf 80' lang='lat' dir='ltr'><strong>peteret,</strong></span> <span class='ocrx_word' id='word_1_202' title='bbox 267 2309 298 2357; x_wconf 88' lang='lat' dir='ltr'><strong>et</strong></span> <span class='ocrx_word' id='word_1_203' title='bbox 309 2317 360 2386; x_wconf 83' lang='lat' dir='ltr'><strong>ros</strong></span> <span class='ocrx_word' id='word_1_204' title='bbox 376 2297 479 2356; x_wconf 89' lang='lat' dir='ltr'><strong>illum&#39;</strong></span> <span class='ocrx_word' id='word_1_205' title='bbox 467 2299 617 2376; x_wconf 76' lang='lat' dir='ltr'><strong>juvaretis,</strong></span> <span class='ocrx_word' id='word_1_206' title='bbox 631 2297 730 2356; x_wconf 86' lang='lat' dir='ltr'><strong>omnia</strong></span> <span class='ocrx_word' id='word_1_207' title='bbox 743 2295 870 2375; x_wconf 88' lang='lat' dir='ltr'><strong>denique</strong></span> <span class='ocrx_word' id='word_1_208' title='bbox 883 2305 962 2356; x_wconf 88' lang='lat' dir='ltr'><strong>esset</strong></span> <span class='ocrx_word' id='word_1_209' title='bbox 976 2297 1163 2359; x_wconf 85' lang='lat' dir='ltr'><strong>Alexander.</strong></span> <span class='ocrx_word' id='word_1_210' title='bbox 1179 2293 1231 2361; x_wconf 89' lang='grc' dir='ltr'><strong>οιι·</strong></span> 
     </span>
     <span class='ocr_line' id='line_1_23' title="bbox 130 2381 1232 2469; baseline 0.003 -19"><span class='ocrx_word' id='word_1_211' title='bbox 130 2409 288 2461; x_wconf 88' lang='lat' dir='ltr'><strong>secrovos‚</strong></span> <span class='ocrx_word' id='word_1_212' title='bbox 296 2391 323 2449; x_wconf 89' lang='lat' dir='ltr'><strong>si</strong></span> <span class='ocrx_word' id='word_1_213' title='bbox 334 2381 400 2469; x_wconf 86' lang='lat' dir='ltr'><strong>quis</strong></span> <span class='ocrx_word' id='word_1_214' title='bbox 415 2390 590 2469; x_wconf 77' lang='lat' dir='ltr'><strong>scripsisset,</strong></span> <span class='ocrx_word' id='word_1_215' title='bbox 606 2390 629 2450; x_wconf 90' lang='lat' dir='ltr'><strong>si</strong></span> <span class='ocrx_word' id='word_1_216' title='bbox 644 2390 709 2468; x_wconf 90' lang='lat' dir='ltr'><strong>quis</strong></span> <span class='ocrx_word' id='word_1_217' title='bbox 724 2389 864 2450; x_wconf 79' lang='lat' dir='ltr'><strong>occiderit</strong></span> <span class='ocrx_word' id='word_1_218' title='bbox 872 2389 1082 2462; x_wconf 82' lang='lat' dir='ltr'><strong>Alexandrum,</strong></span> <span class='ocrx_word' id='word_1_219' title='bbox 1097 2389 1170 2450; x_wconf 84' lang='lat' dir='ltr'><strong>euin</strong></span> <span class='ocrx_word' id='word_1_220' title='bbox 1179 2396 1232 2453; x_wconf 86' lang='lat' dir='ltr'><strong>ab·</strong></span> 
     </span>
     <span class='ocr_line' id='line_1_24' title="bbox 130 2481 1232 2561; baseline 0.005 -19"><span class='ocrx_word' id='word_1_221' title='bbox 130 2481 199 2542; x_wconf 88' lang='lat' dir='ltr'><strong>doci</strong></span> <span class='ocrx_word' id='word_1_222' title='bbox 214 2482 309 2552; x_wconf 84' lang='lat' dir='ltr'><strong>liceat,</strong></span> <span class='ocrx_word' id='word_1_223' title='bbox 324 2501 394 2539; x_wconf 91' lang='lat' dir='ltr'><strong>uum</strong></span> <span class='ocrx_word' id='word_1_224' title='bbox 412 2487 508 2542; x_wconf 88' lang='lat' dir='ltr'><strong>tutum</strong></span> <span class='ocrx_word' id='word_1_225' title='bbox 521 2481 627 2546; x_wconf 74' lang='lat' dir='ltr'><strong>fuisset</strong></span> <span class='ocrx_word' id='word_1_226' title='bbox 640 2481 741 2542; x_wconf 89' lang='lat' dir='ltr'><strong>conari</strong></span> <span class='ocrx_word' id='word_1_227' title='bbox 754 2493 855 2561; x_wconf 90' lang='lat' dir='ltr'><strong>postea</strong></span> <span class='ocrx_word' id='word_1_228' title='bbox 869 2481 989 2560; x_wconf 85' lang='lat' dir='ltr'><strong>injurias</strong></span> <span class='ocrx_word' id='word_1_229' title='bbox 1005 2482 1068 2561; x_wconf 88' lang='lat' dir='ltr'><strong>ejus</strong></span> <span class='ocrx_word' id='word_1_230' title='bbox 1083 2493 1114 2542; x_wconf 86' lang='lat' dir='ltr'><strong>et</strong></span> <span class='ocrx_word' id='word_1_231' title='bbox 1126 2496 1232 2547; x_wconf 88' lang='lat' dir='ltr'><strong>contu·</strong></span> 
     </span>
     <span class='ocr_line' id='line_1_25' title="bbox 131 2573 1233 2652; baseline 0.005 -18"><span class='ocrx_word' id='word_1_232' title='bbox 131 2574 235 2634; x_wconf 85' lang='lat' dir='ltr'><strong>melias</strong></span> <span class='ocrx_word' id='word_1_233' title='bbox 255 2573 379 2632; x_wconf 71' lang='lat' dir='ltr'><strong>ulcisci?</strong></span> <span class='ocrx_word' id='word_1_234' title='bbox 400 2576 548 2639; x_wconf 76' lang='lat' dir='ltr'><strong>Quorsum</strong></span> <span class='ocrx_word' id='word_1_235' title='bbox 563 2591 633 2632; x_wconf 84' lang='lat' dir='ltr'><strong>vero</strong></span> <span class='ocrx_word' id='word_1_236' title='bbox 657 2573 761 2633; x_wconf 86' lang='lat' dir='ltr'><strong>attinet</strong></span> <span class='ocrx_word' id='word_1_237' title='bbox 779 2583 877 2634; x_wconf 87' lang='lat' dir='ltr'><strong>cetera</strong></span> <span class='ocrx_word' id='word_1_238' title='bbox 890 2574 976 2648; x_wconf 88' lang='lat' dir='ltr'><strong>hujus</strong></span> <span class='ocrx_word' id='word_1_239' title='bbox 999 2574 1114 2652; x_wconf 84' lang='lat' dir='ltr'><strong>generis</strong></span> <span class='ocrx_word' id='word_1_240' title='bbox 1129 2597 1233 2638; x_wconf 88' lang='lat' dir='ltr'><strong>recen·</strong></span> 
     </span>
     <span class='ocr_line' id='line_1_26' title="bbox 130 2664 1232 2746; baseline 0.004 -18"><span class='ocrx_word' id='word_1_241' title='bbox 130 2666 217 2728; x_wconf 75' lang='lat' dir='ltr'><strong>sorel</strong></span> <span class='ocrx_word' id='word_1_242' title='bbox 236 2667 291 2726; x_wconf 90' lang='lat' dir='ltr'><strong>Vel</strong></span> <span class='ocrx_word' id='word_1_243' title='bbox 307 2664 467 2746; x_wconf 86' lang='lat' dir='ltr'><strong>Philippus,</strong></span> <span class='ocrx_word' id='word_1_244' title='bbox 481 2667 532 2746; x_wconf 87' lang='lat' dir='ltr'><strong>qni</strong></span> <span class='ocrx_word' id='word_1_245' title='bbox 551 2676 648 2726; x_wconf 86' lang='lat' dir='ltr'><strong>vester</strong></span> <span class='ocrx_word' id='word_1_246' title='bbox 668 2666 800 2728; x_wconf 90' lang='lat' dir='ltr'><strong>inimicus</strong></span> <span class='ocrx_word' id='word_1_247' title='bbox 821 2667 1037 2726; x_wconf 83' lang='lat' dir='ltr'><strong>infensissimus</strong></span> <span class='ocrx_word' id='word_1_248' title='bbox 1056 2667 1189 2742; x_wconf 89' lang='lat' dir='ltr'><strong>habetur,</strong></span> <span class='ocrx_word' id='word_1_249' title='bbox 1207 2671 1232 2732; x_wconf 91' lang='lat' dir='ltr'><strong>si</strong></span> 
     </span>
     <span class='ocr_line' id='line_1_27' title="bbox 129 2758 1316 2842; baseline 0.003 -23"><span class='ocrx_word' id='word_1_250' title='bbox 129 2771 206 2830; x_wconf 87' lang='lat' dir='ltr'><strong>tum,</strong></span> <span class='ocrx_word' id='word_1_251' title='bbox 221 2779 290 2819; x_wconf 87' lang='lat' dir='ltr'><strong>cum</strong></span> <span class='ocrx_word' id='word_1_252' title='bbox 300 2768 464 2819; x_wconf 65' lang='lat' dir='ltr'><strong>vestrorum</strong></span> <span class='ocrx_word' id='word_1_253' title='bbox 477 2758 582 2819; x_wconf 84' lang='lat' dir='ltr'><strong>ciuium</strong></span> <span class='ocrx_word' id='word_1_254' title='bbox 596 2759 751 2838; x_wconf 87' lang='lat' dir='ltr'><strong>quosdam,</strong></span> <span class='ocrx_word' id='word_1_255' title='bbox 765 2761 907 2839; x_wconf 85' lang='lat' dir='ltr'><strong>Argaeum</strong></span> <span class='ocrx_word' id='word_1_256' title='bbox 920 2759 1116 2831; x_wconf 88' lang='lat' dir='ltr'><strong>restituentes,</strong></span> <span class='ocrx_word' id='word_1_257' title='bbox 1129 2763 1234 2842; x_wconf 88' lang='lat' dir='ltr'><strong>depre·</strong></span> <span class='ocrx_word' id='word_1_258' title='bbox 1312 2810 1316 2816; x_wconf 76' lang='lat'><strong>,</strong></span> 
     </span>
    </p>
   </div>
   <div class='ocr_carea' id='block_1_3' title="bbox 130 2850 1416 2934">
    <p class='ocr_par' dir='ltr' id='par_1_4' title="bbox 130 2850 1416 2934">
     <span class='ocr_line' id='line_1_28' title="bbox 130 2850 1416 2934; baseline 0.006 -23"><span class='ocrx_word' id='word_1_259' title='bbox 130 2853 253 2923; x_wconf 79' lang='lat' dir='ltr'><strong>hessos,</strong></span> <span class='ocrx_word' id='word_1_260' title='bbox 266 2871 326 2911; x_wconf 94' lang='lat' dir='ltr'><strong>uon</strong></span> <span class='ocrx_word' id='word_1_261' title='bbox 340 2852 420 2931; x_wconf 90' lang='lat' dir='ltr'><strong>ipsos</strong></span> <span class='ocrx_word' id='word_1_262' title='bbox 434 2851 523 2914; x_wconf 89' lang='lat' dir='ltr'><strong>modo</strong></span> <span class='ocrx_word' id='word_1_263' title='bbox 538 2850 656 2925; x_wconf 89' lang='lat' dir='ltr'><strong>dimisit,</strong></span> <span class='ocrx_word' id='word_1_264' title='bbox 671 2851 723 2912; x_wconf 91' lang='lat' dir='ltr'><strong>sed</strong></span> <span class='ocrx_word' id='word_1_265' title='bbox 744 2861 774 2912; x_wconf 90' lang='lat' dir='ltr'><strong>et</strong></span> <span class='ocrx_word' id='word_1_266' title='bbox 787 2853 884 2911; x_wconf 87' lang='lat' dir='ltr'><strong>omnia</strong></span> <span class='ocrx_word' id='word_1_267' title='bbox 902 2872 969 2929; x_wconf 87' lang='lat' dir='ltr'><strong>quae</strong></span> <span class='ocrx_word' id='word_1_268' title='bbox 984 2852 1173 2934; x_wconf 78' lang='lat' dir='ltr'><strong>perdiderant</strong></span> <span class='ocrx_word' id='word_1_269' title='bbox 1190 2857 1233 2918; x_wconf 83' lang='lat' dir='ltr'><strong>eis</strong></span> <span class='ocrx_word' id='word_1_270' title='bbox 1332 2852 1337 2860; x_wconf 19' lang='lat' dir='ltr'><strong>i</strong></span> <span class='ocrx_word' id='word_1_271' title='bbox 1413 2889 1416 2905; x_wconf 81' lang='lat'>·</span> 
     </span>
    </p>
   </div>
   <div class='ocr_carea' id='block_1_4' title="bbox 123 2934 1310 4343">
    <p class='ocr_par' dir='ltr' id='par_1_5' title="bbox 123 2934 1310 4208">
     <span class='ocr_line' id='line_1_29' title="bbox 129 2934 1234 3022; baseline 0.005 -17"><span class='ocrx_word' id='word_1_272' title='bbox 129 2945 269 3017; x_wconf 86' lang='lat' dir='ltr'><strong>reddidit,</strong></span> <span class='ocrx_word' id='word_1_273' title='bbox 283 2953 314 3004; x_wconf 90' lang='lat' dir='ltr'><strong>et</strong></span> <span class='ocrx_word' id='word_1_274' title='bbox 325 2945 421 3004; x_wconf 88' lang='lat' dir='ltr'><strong>missis</strong></span> <span class='ocrx_word' id='word_1_275' title='bbox 435 2943 473 3003; x_wconf 91' lang='lat' dir='ltr'><strong>ad</strong></span> <span class='ocrx_word' id='word_1_276' title='bbox 486 2963 539 3003; x_wconf 86' lang='lat' dir='ltr'><strong>ros</strong></span> <span class='ocrx_word' id='word_1_277' title='bbox 552 2943 653 3019; x_wconf 88' lang='lat' dir='ltr'><strong>literis,</strong></span> <span class='ocrx_word' id='word_1_278' title='bbox 669 2963 702 3004; x_wconf 93' lang='lat' dir='ltr'><strong>se</strong></span> <span class='ocrx_word' id='word_1_279' title='bbox 713 2954 849 3022; x_wconf 87' lang='lat' dir='ltr'><strong>paratum</strong></span> <span class='ocrx_word' id='word_1_280' title='bbox 862 2964 927 3003; x_wconf 89' lang='lat' dir='ltr'><strong>esse</strong></span> <span class='ocrx_word' id='word_1_281' title='bbox 938 2943 1067 3003; x_wconf 90' lang='lat' dir='ltr'><strong>ostendit</strong></span> <span class='ocrx_word' id='word_1_282' title='bbox 1078 2934 1234 3010; x_wconf 83' lang='lat' dir='ltr'><strong>vobiscum</strong></span> 
     </span>
     <span class='ocr_line' id='line_1_30' title="bbox 130 3031 1233 3114; baseline 0.002 -17"><span class='ocrx_word' id='word_1_283' title='bbox 130 3031 230 3097; x_wconf 79' lang='lat' dir='ltr'><strong>facere</strong></span> <span class='ocrx_word' id='word_1_284' title='bbox 243 3037 424 3109; x_wconf 85' lang='lat' dir='ltr'><strong>societatem,</strong></span> <span class='ocrx_word' id='word_1_285' title='bbox 438 3045 468 3096; x_wconf 91' lang='lat' dir='ltr'><strong>et</strong></span> <span class='ocrx_word' id='word_1_286' title='bbox 480 3045 635 3114; x_wconf 86' lang='lat' dir='ltr'><strong>paternam</strong></span> <span class='ocrx_word' id='word_1_287' title='bbox 649 3035 803 3095; x_wconf 88' lang='lat' dir='ltr'><strong>amicitiam</strong></span> <span class='ocrx_word' id='word_1_288' title='bbox 817 3031 977 3103; x_wconf 88' lang='lat' dir='ltr'><strong>renovare;</strong></span> <span class='ocrx_word' id='word_1_289' title='bbox 999 3037 1023 3094; x_wconf 90' lang='lat' dir='ltr'><strong>si</strong></span> <span class='ocrx_word' id='word_1_290' title='bbox 1040 3046 1100 3095; x_wconf 89' lang='lat' dir='ltr'><strong>tum</strong></span> <span class='ocrx_word' id='word_1_291' title='bbox 1119 3037 1184 3098; x_wconf 85' lang='lat' dir='ltr'><strong>haec</strong></span> <span class='ocrx_word' id='word_1_292' title='bbox 1204 3037 1233 3099; x_wconf 89' lang='lat' dir='ltr'><strong>ei</strong></span> 
     </span>
     <span class='ocr_line' id='line_1_31' title="bbox 129 3126 1234 3208; baseline 0.004 -18"><span class='ocrx_word' id='word_1_293' title='bbox 129 3126 221 3190; x_wconf 86' lang='lat' dir='ltr'><strong>tribui</strong></span> <span class='ocrx_word' id='word_1_294' title='bbox 231 3129 415 3208; x_wconf 79' lang='lat' dir='ltr'><strong>postulasset</strong></span> <span class='ocrx_word' id='word_1_295' title='bbox 429 3127 534 3206; x_wconf 86' lang='lat' dir='ltr'><strong>aliquis</strong></span> <span class='ocrx_word' id='word_1_296' title='bbox 548 3147 585 3188; x_wconf 87' lang='lat' dir='ltr'><strong>ex</strong></span> <span class='ocrx_word' id='word_1_297' title='bbox 599 3128 654 3200; x_wconf 87' lang='lat' dir='ltr'><strong>his,</strong></span> <span class='ocrx_word' id='word_1_298' title='bbox 668 3127 718 3207; x_wconf 92' lang='lat' dir='ltr'><strong>qui</strong></span> <span class='ocrx_word' id='word_1_299' title='bbox 732 3130 770 3187; x_wconf 88' lang='lat' dir='ltr'><strong>ab</strong></span> <span class='ocrx_word' id='word_1_300' title='bbox 784 3147 820 3188; x_wconf 93' lang='lat' dir='ltr'><strong>eo</strong></span> <span class='ocrx_word' id='word_1_301' title='bbox 834 3128 942 3187; x_wconf 88' lang='lat' dir='ltr'><strong>dimissi</strong></span> <span class='ocrx_word' id='word_1_302' title='bbox 961 3127 1088 3198; x_wconf 83' lang='lat' dir='ltr'><strong>inerant,</strong></span> <span class='ocrx_word' id='word_1_303' title='bbox 1111 3140 1141 3188; x_wconf 93' lang='lat' dir='ltr'><strong>et</strong></span> <span class='ocrx_word' id='word_1_304' title='bbox 1160 3133 1234 3194; x_wconf 83' lang='lat' dir='ltr'><strong>scri·</strong></span> 
     </span>
     <span class='ocr_line' id='line_1_32' title="bbox 129 3216 1233 3306; baseline 0.004 -26"><span class='ocrx_word' id='word_1_305' title='bbox 129 3221 251 3302; x_wconf 82' lang='lat' dir='ltr'><strong>psisset,</strong></span> <span class='ocrx_word' id='word_1_306' title='bbox 269 3216 372 3299; x_wconf 88' lang='lat' dir='ltr'><strong>siquis</strong></span> <span class='ocrx_word' id='word_1_307' title='bbox 390 3219 533 3280; x_wconf 88' lang='lat' dir='ltr'><strong>occiderit</strong></span> <span class='ocrx_word' id='word_1_308' title='bbox 549 3219 728 3300; x_wconf 87' lang='lat' dir='ltr'><strong>Philippum,</strong></span> <span class='ocrx_word' id='word_1_309' title='bbox 742 3238 809 3279; x_wconf 89' lang='lat' dir='ltr'><strong>enm</strong></span> <span class='ocrx_word' id='word_1_310' title='bbox 831 3219 1038 3306; x_wconf 86' lang='lat' dir='ltr'><strong>comprehendi</strong></span> <span class='ocrx_word' id='word_1_311' title='bbox 1057 3221 1155 3296; x_wconf 85' lang='lat' dir='ltr'><strong>liceat,</strong></span> <span class='ocrx_word' id='word_1_312' title='bbox 1172 3244 1233 3285; x_wconf 90' lang='lat' dir='ltr'><strong>non</strong></span> 
     </span>
     <span class='ocr_line' id='line_1_33' title="bbox 128 3307 1233 3419; baseline 0.005 -48"><span class='ocrx_word' id='word_1_313' title='bbox 128 3331 169 3372; x_wconf 90' lang='lat' dir='ltr'><strong>ne</strong></span> <span class='ocrx_word' id='word_1_314' title='bbox 176 3307 348 3391; x_wconf 83' lang='lat' dir='ltr'><strong>joculariam</strong></span> <span class='ocrx_word' id='word_1_315' title='bbox 362 3312 391 3370; x_wconf 93' lang='lat' dir='ltr'><strong>in</strong></span> <span class='ocrx_word' id='word_1_316' title='bbox 405 3313 613 3374; x_wconf 87' lang='lat' dir='ltr'><strong>coutumeliam</strong></span> <span class='ocrx_word' id='word_1_317' title='bbox 624 3311 847 3373; x_wconf 69' lang='lat' dir='ltr'><strong>incidissemus?</strong></span> <span class='ocrx_word' id='word_1_318' title='bbox 868 3312 1013 3419; x_wconf 86' lang='lat' dir='ltr'><strong>Nunquid</strong></span> <span class='ocrx_word' id='word_1_319' title='bbox 1026 3313 1131 3374; x_wconf 89' lang='lat' dir='ltr'><strong>videtis</strong></span> <span class='ocrx_word' id='word_1_320' title='bbox 1146 3325 1176 3376; x_wconf 90' lang='lat' dir='ltr'><strong>et</strong></span> <span class='ocrx_word' id='word_1_321' title='bbox 1188 3317 1233 3377; x_wconf 84' lang='lat' dir='ltr'><strong>iu·&#39;</strong></span> 
     </span>
     <span class='ocr_line' id='line_1_34' title="bbox 128 3401 1234 3486; baseline 0.005 -20"><span class='ocrx_word' id='word_1_322' title='bbox 128 3401 271 3484; x_wconf 82' lang='lat' dir='ltr'><strong>telligitis,</strong></span> <span class='ocrx_word' id='word_1_323' title='bbox 281 3405 516 3476; x_wconf 82' lang='lat' dir='ltr'><strong>Athenienses,</strong></span> <span class='ocrx_word' id='word_1_324' title='bbox 504 3423 540 3464; x_wconf 85' lang='lat' dir='ltr'><strong>ex</strong></span> <span class='ocrx_word' id='word_1_325' title='bbox 552 3404 600 3464; x_wconf 92' lang='lat' dir='ltr'><strong>his</strong></span> <span class='ocrx_word' id='word_1_326' title='bbox 610 3405 743 3484; x_wconf 82' lang='lat' dir='ltr'><strong>siugulis,</strong></span> <span class='ocrx_word' id='word_1_327' title='bbox 760 3427 782 3464; x_wconf 83' lang='grc' dir='ltr'><strong>ιι</strong></span> <span class='ocrx_word' id='word_1_328' title='bbox 775 3406 854 3466; x_wconf 86' lang='lat' dir='ltr'><strong>&#39;tale</strong></span> <span class='ocrx_word' id='word_1_329' title='bbox 868 3405 1013 3486; x_wconf 89' lang='lat' dir='ltr'><strong>quippiam</strong></span> <span class='ocrx_word' id='word_1_330' title='bbox 1029 3406 1234 3471; x_wconf 88' lang='lat' dir='ltr'><strong>decrevissetis</strong></span> 
     </span>
     <span class='ocr_line' id='line_1_35' title="bbox 128 3493 1310 3584; baseline 0.003 -26"><span class='ocrx_word' id='word_1_331' title='bbox 128 3505 249 3577; x_wconf 68' lang='lat' dir='ltr'><strong>quauta</strong></span> <span class='ocrx_word' id='word_1_332' title='bbox 270 3497 310 3558; x_wconf 90' lang='lat' dir='ltr'><strong>id</strong></span> <span class='ocrx_word' id='word_1_333' title='bbox 321 3508 427 3559; x_wconf 73' lang='lat' dir='ltr'><strong>vestrm</strong></span> <span class='ocrx_word' id='word_1_334' title='bbox 446 3499 599 3558; x_wconf 84' lang='lat' dir='ltr'><strong>dementiae&#39;</strong></span> <span class='ocrx_word' id='word_1_335' title='bbox 617 3499 813 3559; x_wconf 72' lang='lat' dir='ltr'><strong>tribueretur?</strong></span> <span class='ocrx_word' id='word_1_336' title='bbox 837 3499 906 3558; x_wconf 87' lang='lat' dir='ltr'><strong>Non</strong></span> <span class='ocrx_word' id='word_1_337' title='bbox 926 3493 1005 3584; x_wconf 87' lang='lat' dir='ltr'><strong>enim</strong></span> <span class='ocrx_word' id='word_1_338' title='bbox 1026 3521 1107 3561; x_wconf 88' lang='lat' dir='ltr'><strong>sanae</strong></span> <span class='ocrx_word' id='word_1_339' title='bbox 1127 3502 1234 3566; x_wconf 82' lang='lat' dir='ltr'><strong>ruentis</strong></span> <span class='ocrx_word' id='word_1_340' title='bbox 1302 3555 1310 3562; x_wconf 92' lang='lat'><em>.</em></span> 
     </span>
     <span class='ocr_line' id='line_1_36' title="bbox 129 3581 1233 3696; baseline 0.004 -46"><span class='ocrx_word' id='word_1_341' title='bbox 129 3589 283 3650; x_wconf 88' lang='lat' dir='ltr'><strong>hominum</strong></span> <span class='ocrx_word' id='word_1_342' title='bbox 296 3609 362 3649; x_wconf 89' lang='lat' dir='ltr'><strong>esse</strong></span> <span class='ocrx_word' id='word_1_343' title='bbox 376 3599 457 3670; x_wconf 89' lang='lat' dir='ltr'><strong>puto,</strong></span> <span class='ocrx_word' id='word_1_344' title='bbox 472 3590 545 3661; x_wconf 85' lang='lat' dir='ltr'><strong>siva,</strong></span> <span class='ocrx_word' id='word_1_345' title='bbox 559 3609 627 3650; x_wconf 87' lang='lat' dir='ltr'><strong>cum</strong></span> <span class='ocrx_word' id='word_1_346' title='bbox 645 3581 771 3696; x_wconf 79' lang='lat' dir='ltr'><strong>aliquem</strong></span> <span class='ocrx_word' id='word_1_347' title='bbox 796 3591 920 3650; x_wconf 90' lang='lat' dir='ltr'><strong>amicu&#39;m</strong></span> <span class='ocrx_word' id='word_1_348' title='bbox 943 3612 1006 3653; x_wconf 89' lang='lat' dir='ltr'><strong>esse</strong></span> <span class='ocrx_word' id='word_1_349' title='bbox 1029 3589 1168 3672; x_wconf 88' lang='lat' dir='ltr'><strong>putarint,</strong></span> <span class='ocrx_word' id='word_1_350' title='bbox 1190 3595 1233 3655; x_wconf 90' lang='lat' dir='ltr'><strong>sic</strong></span> 
     </span>
     <span class='ocr_line' id='line_1_37' title="bbox 128 3675 1234 3766; baseline 0.003 -23"><span class='ocrx_word' id='word_1_351' title='bbox 128 3675 278 3754; x_wconf 79' lang='lat' dir='ltr'><strong>allidere,</strong></span> <span class='ocrx_word' id='word_1_352' title='bbox 298 3683 696 3763; x_wconf 85' lang='lat' dir='ltr'><strong>ut,etiamsioosperitesse</strong></span> <span class='ocrx_word' id='word_1_353' title='bbox 719 3684 853 3764; x_wconf 88' lang='lat' dir='ltr'><strong>injurius,</strong></span> <span class='ocrx_word' id='word_1_354' title='bbox 871 3685 1011 3745; x_wconf 83' lang='lat' dir='ltr'><strong>facultate</strong></span> <span class='ocrx_word' id='word_1_355' title='bbox 1034 3686 1154 3745; x_wconf 88' lang='lat' dir='ltr'><strong>ultionis</strong></span> <span class='ocrx_word' id='word_1_356' title='bbox 1177 3686 1234 3766; x_wconf 89' lang='lat' dir='ltr'><strong>ipsi</strong></span> 
     </span>
     <span class='ocr_line' id='line_1_38' title="bbox 126 3775 1236 3858; baseline 0.005 -22"><span class='ocrx_word' id='word_1_357' title='bbox 126 3793 198 3836; x_wconf 87' lang='lat' dir='ltr'><strong>sose</strong></span> <span class='ocrx_word' id='word_1_358' title='bbox 211 3775 387 3854; x_wconf 86' lang='lat' dir='ltr'><strong>spolient,</strong></span> <span class='ocrx_word' id='word_1_359' title='bbox 363 3795 434 3852; x_wconf 80' lang='lat' dir='ltr'><strong>sive,</strong></span> <span class='ocrx_word' id='word_1_360' title='bbox 456 3775 481 3835; x_wconf 89' lang='lat' dir='ltr'><strong>si</strong></span> <span class='ocrx_word' id='word_1_361' title='bbox 502 3795 589 3855; x_wconf 89' lang='lat' dir='ltr'><strong>quem</strong></span> <span class='ocrx_word' id='word_1_362' title='bbox 609 3796 663 3856; x_wconf 90' lang='lat' dir='ltr'><strong>pro</strong></span> <span class='ocrx_word' id='word_1_363' title='bbox 677 3795 793 3836; x_wconf 89' lang='lat' dir='ltr'><strong>rmmrco</strong></span> <span class='ocrx_word' id='word_1_364' title='bbox 801 3777 1000 3851; x_wconf 69' lang='lat' dir='ltr'><strong>habeantne</strong></span> <span class='ocrx_word' id='word_1_365' title='bbox 1021 3777 1135 3858; x_wconf 89' lang='lat' dir='ltr'><strong>odisse,</strong></span> <span class='ocrx_word' id='word_1_366' title='bbox 1147 3786 1189 3850; x_wconf 90' lang='lat' dir='ltr'><strong>ut,</strong></span> <span class='ocrx_word' id='word_1_367' title='bbox 1210 3780 1236 3841; x_wconf 91' lang='lat' dir='ltr'><strong>si</strong></span> 
     </span>
     <span class='ocr_line' id='line_1_39' title="bbox 127 3865 1234 3948; baseline 0.004 -20"><span class='ocrx_word' id='word_1_368' title='bbox 127 3867 271 3948; x_wconf 83' lang='lat' dir='ltr'><strong>depositis</strong></span> <span class='ocrx_word' id='word_1_369' title='bbox 285 3865 359 3930; x_wconf 87' lang='lat' dir='ltr'><strong>odiis</strong></span> <span class='ocrx_word' id='word_1_370' title='bbox 381 3867 551 3946; x_wconf 82' lang='lat' dir='ltr'><strong>ingratiam</strong></span> <span class='ocrx_word' id='word_1_371' title='bbox 571 3869 663 3930; x_wconf 86' lang='lat' dir='ltr'><strong>redire</strong></span> <span class='ocrx_word' id='word_1_372' title='bbox 686 3869 765 3941; x_wconf 86' lang='lat' dir='ltr'><strong>velit,</strong></span> <span class='ocrx_word' id='word_1_373' title='bbox 774 3868 953 3948; x_wconf 83' lang='lat' dir='ltr'><strong>prohibeant</strong></span> <span class='ocrx_word' id='word_1_374' title='bbox 974 3886 1033 3947; x_wconf 89' lang='lat' dir='ltr'><strong>quo</strong></span> <span class='ocrx_word' id='word_1_375' title='bbox 1051 3870 1148 3928; x_wconf 89' lang='lat' dir='ltr'><strong>minus</strong></span> <span class='ocrx_word' id='word_1_376' title='bbox 1170 3869 1234 3932; x_wconf 83' lang='lat' dir='ltr'><strong>hoec</strong></span> 
     </span>
     <span class='ocr_line' id='line_1_40' title="bbox 127 3955 1235 4039; baseline 0.003 -19"><span class='ocrx_word' id='word_1_377' title='bbox 127 3961 228 4020; x_wconf 82' lang='lat' dir='ltr'><strong>facere</strong></span> <span class='ocrx_word' id='word_1_378' title='bbox 243 3960 352 4029; x_wconf 76' lang='lat' dir='ltr'><strong>liceatr</strong></span> <span class='ocrx_word' id='word_1_379' title='bbox 375 3959 427 4020; x_wconf 89' lang='lat' dir='ltr'><strong>sed</strong></span> <span class='ocrx_word' id='word_1_380' title='bbox 446 3960 589 4039; x_wconf 88' lang='lat' dir='ltr'><strong>tantisper</strong></span> <span class='ocrx_word' id='word_1_381' title='bbox 610 3981 675 4020; x_wconf 86' lang='lat' dir='ltr'><strong>mea</strong></span> <span class='ocrx_word' id='word_1_382' title='bbox 693 3955 811 4039; x_wconf 89' lang='lat' dir='ltr'><strong>quidem</strong></span> <span class='ocrx_word' id='word_1_383' title='bbox 827 3962 981 4031; x_wconf 85' lang='lat' dir='ltr'><strong>sententia,</strong></span> <span class='ocrx_word' id='word_1_384' title='bbox 999 3972 1060 4019; x_wconf 91' lang='lat' dir='ltr'><strong>turn</strong></span> <span class='ocrx_word' id='word_1_385' title='bbox 1075 3961 1158 4035; x_wconf 88' lang='lat' dir='ltr'><strong>odiis,</strong></span> <span class='ocrx_word' id='word_1_386' title='bbox 1173 3972 1235 4024; x_wconf 90' lang='lat' dir='ltr'><strong>tum</strong></span> 
     </span>
     <span class='ocr_line' id='line_1_41' title="bbox 126 4045 1234 4138; baseline 0.004 -24"><span class='ocrx_word' id='word_1_387' title='bbox 126 4051 266 4114; x_wconf 88' lang='lat' dir='ltr'><strong>amicitiis</strong></span> <span class='ocrx_word' id='word_1_388' title='bbox 281 4063 329 4113; x_wconf 85' lang='lat' dir='ltr'><strong>est</strong></span> <span class='ocrx_word' id='word_1_389' title='bbox 353 4053 612 4136; x_wconf 79' lang='lat' dir='ltr'><strong>progrediendum,</strong></span> <span class='ocrx_word' id='word_1_390' title='bbox 635 4065 669 4115; x_wconf 90' lang='lat' dir='ltr'><strong>nt</strong></span> <span class='ocrx_word' id='word_1_391' title='bbox 688 4045 790 4114; x_wconf 88' lang='lat' dir='ltr'><strong>harum</strong></span> <span class='ocrx_word' id='word_1_392' title='bbox 815 4056 1005 4129; x_wconf 84' lang='lat' dir='ltr'><strong>occasionum</strong></span> <span class='ocrx_word' id='word_1_393' title='bbox 1033 4065 1136 4116; x_wconf 87' lang='lat' dir='ltr'><strong>neutra</strong></span> <span class='ocrx_word' id='word_1_394' title='bbox 1158 4055 1234 4138; x_wconf 83' lang='lat' dir='ltr'><strong>p&#39;rae·</strong></span> 
     </span>
     <span class='ocr_line' id='line_1_42' title="bbox 123 4155 268 4208; baseline -0.014 0"><span class='ocrx_word' id='word_1_395' title='bbox 123 4155 268 4208; x_wconf 73' lang='lat' dir='ltr'><strong>teneatur.</strong></span> 
     </span>
    </p>

    <p class='ocr_par' dir='ltr' id='par_1_6' title="bbox 170 4231 1237 4343">
     <span class='ocr_line' id='line_1_43' title="bbox 170 4231 1237 4343; baseline 0.005 -45"><span class='ocrx_word' id='word_1_396' title='bbox 170 4240 222 4298; x_wconf 87' lang='grc'><strong>31.</strong></span> <span class='ocrx_word' id='word_1_397' title='bbox 244 4231 324 4298; x_wconf 90' lang='lat' dir='ltr'><strong>Illud</strong></span> <span class='ocrx_word' id='word_1_398' title='bbox 336 4255 424 4318; x_wconf 89' lang='lat' dir='ltr'><strong>porro</strong></span> <span class='ocrx_word' id='word_1_399' title='bbox 439 4239 528 4302; x_wconf 86' lang='lat' dir='ltr'><strong>etiam</strong></span> <span class='ocrx_word' id='word_1_400' title='bbox 541 4259 598 4319; x_wconf 81' lang='lat' dir='ltr'><strong>ego</strong></span> <span class='ocrx_word' id='word_1_401' title='bbox 612 4239 776 4320; x_wconf 86' lang='lat' dir='ltr'><strong>perspicere</strong></span> <span class='ocrx_word' id='word_1_402' title='bbox 785 4257 914 4343; x_wconf 86' lang='lat' dir='ltr'><strong>nequeo,</strong></span> <span class='ocrx_word' id='word_1_403' title='bbox 928 4237 981 4300; x_wconf 83' lang='lat' dir='ltr'><strong>crir</strong></span> <span class='ocrx_word' id='word_1_404' title='bbox 995 4257 1055 4300; x_wconf 90' lang='lat' dir='ltr'><strong>non</strong></span> <span class='ocrx_word' id='word_1_405' title='bbox 1069 4241 1237 4304; x_wconf 82' lang='lat' dir='ltr'><strong>ornnes·ho·²</strong></span> 
     </span>
    </p>
   </div>
   <div class='ocr_carea' id='block_1_5' title="bbox 121 4329 1326 4422">
    <p class='ocr_par' dir='ltr' id='par_1_7' title="bbox 121 4329 1326 4422">
     <span class='ocr_line' id='line_1_44' title="bbox 121 4329 1326 4422; baseline 0 -29"><span class='ocrx_word' id='word_1_406' title='bbox 121 4331 225 4393; x_wconf 86' lang='lat' dir='ltr'><strong>mines</strong></span> <span class='ocrx_word' id='word_1_407' title='bbox 239 4329 345 4391; x_wconf 80' lang='lat' dir='ltr'><strong>eadem</strong></span> <span class='ocrx_word' id='word_1_408' title='bbox 358 4331 414 4391; x_wconf 89' lang='lat' dir='ltr'><strong>sibi</strong></span> <span class='ocrx_word' id='word_1_409' title='bbox 428 4332 515 4392; x_wconf 80' lang='lat' dir='ltr'><strong>tribui</strong></span> <span class='ocrx_word' id='word_1_410' title='bbox 529 4333 704 4422; x_wconf 83' lang='lat' dir='ltr'><strong>postulaturi</strong></span> <span class='ocrx_word' id='word_1_411' title='bbox 719 4333 788 4405; x_wconf 89' lang='lat' dir='ltr'><strong>sint,</strong></span> <span class='ocrx_word' id='word_1_412' title='bbox 802 4332 968 4411; x_wconf 88' lang='lat' dir='ltr'><strong>quicunque</strong></span> <span class='ocrx_word' id='word_1_413' title='bbox 981 4334 1135 4412; x_wconf 78' lang='lat' dir='ltr'><strong>ptr&#39;vulnm</strong></span> <span class='ocrx_word' id='word_1_414' title='bbox 1148 4335 1234 4414; x_wconf 90' lang='lat' dir='ltr'><strong>qnip-</strong></span> <span class='ocrx_word' id='word_1_415' title='bbox 1309 4329 1326 4336; x_wconf 64' lang='grc'><strong>’</strong></span> 
     </span>
    </p>
   </div>
   <div class='ocr_carea' id='block_1_6' title="bbox 120 4415 1236 4578">
    <p class='ocr_par' dir='ltr' id='par_1_8' title="bbox 120 4415 1236 4578">
     <span class='ocr_line' id='line_1_45' title="bbox 120 4415 1236 4535; baseline -0.002 -49"><span class='ocrx_word' id='word_1_416' title='bbox 120 4425 207 4505; x_wconf 84' lang='lat' dir='ltr'><strong>piam</strong></span> <span class='ocrx_word' id='word_1_417' title='bbox 221 4421 253 4494; x_wconf 81' lang='lat' dir='ltr'><strong>in</strong></span> <span class='ocrx_word' id='word_1_418' title='bbox 265 4442 320 4486; x_wconf 84' lang='lat' dir='ltr'><strong>vos</strong></span> <span class='ocrx_word' id='word_1_419' title='bbox 334 4417 493 4535; x_wconf 76' lang='lat' dir='ltr'><strong>conmlisse</strong></span> <span class='ocrx_word' id='word_1_420' title='bbox 505 4415 690 4495; x_wconf 75' lang='lat' dir='ltr'><strong>ridebuntur,</strong></span> <span class='ocrx_word' id='word_1_421' title='bbox 701 4445 726 4484; x_wconf 87' lang='grc' dir='ltr'><strong>ιι</strong></span> <span class='ocrx_word' id='word_1_422' title='bbox 718 4425 805 4488; x_wconf 83' lang='lat' dir='ltr'><strong>h&#39;·aec</strong></span> <span class='ocrx_word' id='word_1_423' title='bbox 820 4423 1004 4486; x_wconf 87' lang='lat' dir='ltr'><strong>Charidemo</strong></span> <span class='ocrx_word' id='word_1_424' title='bbox 1001 4426 1236 4492; x_wconf 81' lang='lat' dir='ltr'><strong>concesseritis.</strong></span> 
     </span>
     <span class='ocr_line' id='line_1_46' title="bbox 669 4513 725 4578; baseline -0.036 0"><span class='ocrx_word' id='word_1_425' title='bbox 669 4521 687 4578; x_wconf 82' lang='lat'><strong>3</strong></span> <span class='ocrx_word' id='word_1_426' title='bbox 707 4513 725 4576; x_wconf 82' lang='grc' dir='ltr'><strong>ιι</strong></span> 
     </span>
    </p>
   </div>
   <div class='ocr_carea' id='block_1_7' title="bbox 0 0 1470 4952">
    <p class='ocr_par' dir='ltr' id='par_1_9' title="bbox 0 0 1470 4952">
     <span class='ocr_line' id='line_1_47' title="bbox 0 0 1470 4952; baseline 0 0"><span class='ocrx_word' id='word_1_427' title='bbox 0 0 1470 4952; x_wconf 95' lang='lat' dir='ltr'><strong> </strong></span> 
     </span>
    </p>
   </div>
  </div>
 </body>
</html>
