2932 4952
931 131 951 192 Ι,

377 267 379 271 ’
414 280 586 342 corruas
611 268 950 373 sarmoorrrrsrr.
1154 279 1236 340 ros·
1269 279 1271 288 ¹

120 461 210 519 cyro,
224 437 314 498 ceteri
325 438 364 496 ab
377 437 428 498 ‘bis
440 435 552 506 edocti,
565 456 635 496 oum
648 437 689 496 ite
703 436 742 496 sit
753 437 784 496 in
797 455 850 496 nos
864 434 991 496 animata
1005 427 1217 524 Gordianorum

117 533 231 602 civitas,
256 540 291 589 ιιι
314 539 368 599 est,
390 529 600 608 Gersobleptoe,
622 529 754 589 Thraciis
774 529 900 608 negotiis
921 529 1072 600 confectis,
1092 530 1216 610 singulis

118 623 224 682 diebus
243 623 331 681 licere
350 621 567 680 Chersonesum
586 633 651 680 tuto
672 621 819 681 invadere.
848 621 993 699 Namflqui
1005 621 1169 683 'Chalcidis
1186 620 1216 684 in

14 750 22 785 ι
117 715 231 774 Eoboea
245 713 319 772 situs
329 724 376 773 est
386 711 424 772 ad
439 713 592 782 Boeotiam,
605 713 683 772 idern
695 714 723 773 in
735 711 918 773 Chersoneso
928 713 1082 774 Cardianae
1093 716 1218 797 civitatis

14 843 22 878 ι
58 797 60 805 '
118 807 194 867 situs
209 799 255 866 est
273 806 310 864 ad
327 805 483 864 Thraciam
501 809 691 884 “comparatum
715 805 791 873 Quae
808 824 866 882 quo
879 804 946 864 loco
958 807 1056 883 posita
1074 809 1122 881 sit,
1137 805 1218 889 quis-⁴

14 957 15 971 ,
118 898 327 978 quis'vestrnm
343 897 525 969 norit,'idem
540 897 674 974 ignorare
688 916 748 956 nou
761 906 869 976 potest,
880 896 917 956 ad
931 915 1020 976 quam
1033 901 1218 962 occasionem

22 1040 25 1047 .
118 990 199 1050 illam
219 983 354 1062 retineat,
369 997 472 1050 et‘cur
492 997 644 1068 tantopere
667 989 860 1061 contenderit,
873 1009 919 1048 ne
940 991 1023 1049 vobis
1046 992 1219 1074 traderetur}

19 1135 26 1158 ,·
121 1083 227 1162 Neque
242 1100 312 1142 vero
328 1081 383 1160 ipsi
403 1081 515 1140 debetis
528 1080 655 1154 hostium
669 1100 839 1159 promovere
859 1082 1023 1158 commoda,
1037 1103 1095 1160 quo
1109 1101 1161 1144 vos
1175 1087 1218 1146 sa⁴

121 1176 206 1237 cilius
217 1183 398 1252 oppugnent,
414 1173 467 1234 sed
481 1181 622 1250 quantum
636 1173 697 1232 fieri
709 1182 814 1252 potest,
829 1173 991 1252 prohibere,
1007 1194 1041 1234 ac
1055 1176 1218 1254 providere,

121 1287 158 1326 ue
171 1267 231 1326 illis
245 1275 350 1334 contra
363 1284 415 1324 vos
425 1265 517 1324 detur
537 1267 756 1344 opportunites3
779 1285 846 1324 nam
861 1285 893 1324 sc
914 1266 986 1324 nulli
1003 1265 1150 1328 occasioni
1167 1267 1232 1330 del*

121 1361 265 1431 loturum,
293 1358 476 1418 declaravit.
500 1358 577 1416 Cum
604 1359 681 1416 enim
708 1357 860 1436 Philippus
885 1359 1057 1420 Maroneam
1085 1363 1221 1438 venisset,

122 1450 301 1556 Apollonide
316 1449 417 1520 misso,
432 1449 556 1508 fidem
532 1469 558 1509 er
572 1460 602 1508 et
616 1447 768 1510 Pammeni
784 1449 886 1509 dedit
895 1451 984 1515 Quod
999 1451 1029 1509 nl
1037 1451 1223 1526 Amadocus,

22 1577 27 1587 ·
122 1545 173 1622 qui
186 1543 335 1622 regionem
349 1541 491 1620 praesidiis
503 1543 632 1612 tenebat,
645 1540 840 1600 interdixisset
852 1541 996 1622 Philippo,
1008 1565 1044 1602 ue
1055 1546 1220 1617 accederet,

123 1635 198 1694 nihil
210 1633 380 1706 obstitisset,
399 1653 457 1711 quo
470 1633 564 1694 minus
577 1653 630 1692 vos
645 1653 725 1695 nunc
737 1653 803 1692 cum
820 1632 973 1694 Gordianis
988 1645 1018 1694 et
1032 1636 1222 1718 Cersoblepte

90 1728 202 1800 ¹bello
226 1727 475 1788 conflictaremini.
506 1727 580 1791 Haec
605 1745 623 1784 a
646 1744 774 1787 menon
795 1716 914 1804 fingis
942 1727 1077 1788 Charetis
1097 1725 1223 1810 epistola
1265 1815 1271 1825 Ι

123 1820 335 1900 cognoscetis.
1216 1845 1218 1850 ,

508 2009 514 2034 -.
572 1981 780 2040 EPISTOLA.

166 2127 219 2185 46
241 2124 276 2182 ln
285 2124 371 2182 haec
363 2123 457 2228 igitur
463 2124 620 2195 intuentes,
635 2122 764 2182 diffidere
778 2123 900 2193 debetis,
915 2145 1010 2202 neque
1026 2145 1077 2204 spe
1092 2109 1168 2185 vana
1180 2128 1224 2186 in

125 2212 198 2289 ilati,
213 2236 281 2276 eum
294 2216 361 2275 loco
375 2217 459 2274 amicr
451 2216 580 2275 colere.
618 2215 728 2275 Nam
706 2236 730 2274 ει
746 2217 921 2276 necessitate
934 2227 1054 2276 coactus
1070 2216 1227 2298 aliquando

127 2330 160 2370 se
174 2309 259 2370 vobis
270 2308 395 2367 amicum
412 2326 477 2366 esse
491 2301 623 2377 simulat,
636 2327 671 2366 ea
685 2329 715 2366 re
730 2307 854 2386 gratiam
867 2290 981 2369 habeii
981 2309 1039 2368 non
1053 2320 1100 2370 est
1112 2330 1227 2390 aequum

14 2472 20 2480 η,
128 2401 339 2478 Corsobleptae‚
351 2418 481 2477 nequest
474 2397 1228 2490 Charidemusprivaitimpauculaducibusstora·¹
1276 2428 1282 2434 ’
1311 2419 1315 2426 “

14 2501 20 2576 J
126 2493 248 2554 toribus
254 2493 357 2551 vestris
372 2491 534 2570 largiendo,
550 2493 622 2551 talia
640 2492 768 2564 coniicit,
785 2502 940 2571 propterea
961 2491 1163 2556 laudibusest
1182 2516 1228 2555 or-

50 2649 60 2672 ,
127 2585 260 2646 naudus:
281 2584 334 2642 sed
356 2603 409 2662 pro
424 2603 459 2643 eo
482 2585 591 2664 potius,
612 2585 692 2662 quod
713 2585 947 2662 quotiescunque
967 2594 1098 2664 potestas
1112 2587 1138 2645 ei
1159 2587 1230 2668 data

127 2679 185 2738 ruit
202 2675 310 2755 agendi
322 2675 460 2755 quicquid
479 2676 540 2755 ipse
561 2675 664 2745 vellet,
678 2677 771 2735 ubivis
795 2677 878 2736 vobis
898 2697 1004 2738 nocere
1027 2665 1151 2738 conatus
1173 2689 1230 2752 est,
1269 2703 1273 2710 ’
1325 2753 1326 2758 ¹

128 2769 223 2828 multo
238 2768 332 2846 magis
346 2767 432 2828 irasci
450 2768 543 2828 rosei
557 2768 652 2834 decet.
676 2761 753 2827 Cum
772 2770 848 2826 enirn
864 2768 1038 2844 aliiomues,
1058 2773 1161 2849 quibus
1177 2771 1230 2830 ali-

128 2860 200 2940 quid
221 2858 350 2937 unquam
366 2879 384 2918 a
401 2853 553 2938 re‘public'a
573 2867 674 2916 nostra
691 2859 831 2918 tributum
846 2870 900 2932 est,
917 2873 970 2939 p'ro
992 2861 1068 2920 datis
1082 2857 1231 2944 beneficiis

14 2949 21 2964 “
129 2953 267 3014 honorati
281 2951 351 3024 sint,
360 2971 437 3010 unus
451 2952 507 3008 ists
522 2947 600 3008 solus
614 2971 631 3008 e
647 2951 750 3009 ceteris
762 2951 914 3024 universis,
935 2955 972 3010 ob
992 2953 1111 3032 injurias
1125 2965 1172 3014 est
1185 2975 1231 3014 or·

131 3055 231 3117 natus,
245 3063 319 3122 quas
334 3043 418 3101 nobis
432 3042 530 3101 lacere
550 3052 683 3114 conatus,
698 3042 737 3101 ad
750 3043 861 3102 exitum
878 3044 1039 3123 perducere
1052 3065 1112 3105 non
1126 3048 1231 3126 potuit.

130 3133 312 3216 Quanquam
327 3146 424 3194 autern
447 3135 488 3193 ita
500 3133 613 3204 merito,
633 3135 734 3236 magni
753 3135 879 3194 muueris
900 3137 991 3210 instar
1004 3156 1071 3196 esse
1089 3149 1234 3198 concessa

132 3229 280 3290 scelerum
293 3225 442 3285 debebat'
434 3227 557 3305 rmpunit
558 3245 602 3297 as,
617 3227 743 3330 quorum
758 3227 823 3306 jors
837 3247 939 3334 pospas
956 3227 1095 3289 dedisset.
1120 3216 1233 3291 Tameia

130 3322 191 3381 hoc
209 3318 373 3380 oratoribus
387 3336 445 3377 uon
461 3327 506 3376 est
520 3318 603 3387 satis,
618 3319 672 3378 nisr
665 3319 867 3378 ''habeatur
842 3323 923 3392 ervis,
938 3322 1013 3380 bene
1031 3323 1163 3396 meritus,
1177 3324 1234 3385 nisi

132 3431 253 3475 coronoe
267 3420 298 3471 et
310 3411 429 3493 praemia
439 3409 636 3470 decernantur
649 3403 767 3491 propter
785 3401 967 3492 corruptelas
989 3434 1152 3490 munerum,
1166 3437 1233 3495 quae

132 3507 192 3587 ipsi
205 3503 339 3584 privatim
354 3505 391 3563 ab
412 3523 448 3562 eo
467 3503 625 3582 accipiunt,
636 3509 708 3564 ‘cum
722 3505 824 3584 reliqui
837 3506 992 3566 assideatis
1012 3508 1234 3588 circumscripti,

133 3591 606 3674 admirabundi,1guariveritatis.
636 3596 800 3668 Postremo,
815 3617 894 3658 nunc
908 3617 960 3658 vos
979 3599 1185 3659 induxissent'
1178 3610 1235 3692 isto

132 3686 450 3759 senatusconsultum
463 3683 629 3746 satellitum
641 3688 720 3767 apud
734 3689 802 3748 cuin
815 3689 878 3748 vioe
892 3691 1096 3772 fungeremini,
1108 3691 1162 3750 nisi
1180 3681 1234 3774 nos

134 3781 253 3842 actione
262 3779 337 3840 hac
329 3781 614 3839 intercessissemus:
636 3789 667 3839 et
680 3781 843 3858 respublica
854 3773 955 3841 nostra
965 3781 1132 3840 mercenarii
1142 3794 1172 3842 et
1182 3783 1236 3841 mi·-

134 3872 222 3934 nistri
234 3871 320 3950 apud
327 3870 415 3929 illurn
424 3890 529 3930 munus
543 3870 645 3943 obiret,
664 3873 825 3943 custodiret
845 3873 1065 3934 Charidemum.
1093 3865 1237 3962 Praeclare

134 3964 402 4042 scilicet-quidni
422 3983 501 4034 vero,
522 3982 575 4043 pro
596 3963 696 4024 divum
716 3973 803 4042 atque
822 3949 972 4024 hominum
996 3963 1172 4025 fidemi—-is
1187 3967 1237 4046 qui

28 4063 33 4068 '
136 4056 231 4118 olim
224 4075 285 4136 ipse
299 4045 494 4115 mercenarius
508 4065 670 4116 vestrorum
682 4057 810 4116 hostiurn
829 4058 950 4136 stipator
962 4045 1026 4130 ruit,
1039 4069 1142 4170 vestro
1152 4063 1238 4142 sena}

133 4148 326 4252 tusconsulto
342 4148 535 4208 custodiatur
609 4161 617 4174 ¹

133 4242 230 4298 ’4.7
251 4221 320 4298 Jain
342 4239 419 4320 illud
437 4259 484 4298 me
507 4240 632 4300 fortasse
651 4212 796 4318 quispiam
815 4217 1017 4318 interrogabit,
1036 4260 1088 4300 cur
1108 4261 1174 4320 ego,
1188 4245 1239 4320 qu'i

134 4335 205 4393 haec
226 4331 269 4392 ita
291 4313 440 4411 comperta
452 4300 585 4403 liabeum,
600 4341 630 4390 et
642 4329 819 4410 plerasque'
812 4331 930 4430 injurias
946 4335 1029 4412 quasi
1049 4349 1101 4414 per
1120 4333 1242 4413 vestigia

136 4428 195 4488 sim
206 4429 382 4498 assentatus,
393 4443 440 4484 me
451 4443 510 4485 non
525 4424 722 4506 opposuerim,
735 4421 1001 4487 nou‘com'eivitate
1015 4425 1171 4499 donaretis,
1187 4427 1239 4486 ob'-
