2932 4952
149 349 153 360 Ι
253 279 314 338 400
535 273 707 341 CONTRA
728 276 1061 340 ARISTOCRATEM.

252 433 393 493 radonem
406 442 437 494 et
449 433 600 526 insperato
613 434 655 498 slo
674 430 828 496 incolumis
851 435 961 506 evadit,
983 447 1039 495 suo
1057 440 1151 504 marte
1167 439 1286 512 propter
1302 429 1341 490 iu·

251 524 354 586 ducias
373 525 403 584 in
421 525 637 588 Chersonesum
656 528 805 606 trajectus,
824 538 936 587 tontum
957 528 1050 587 abluit
1070 537 1104 586 ut
1124 527 1244 604 Cotym,
1261 542 1342 602 quem

251 638 337 678 suum
350 619 491 698 impetum
508 639 567 678 non
582 621 767 679 toleraturum
782 621 949 699 scripserat,
963 620 1126 691 invaderet,
1139 617 1242 700 autad
1256 616 1343 674 Chei-

253 731 391 772 sonesum
404 712 632 789 recuperandam
646 709 729 771 vobis
746 711 914 790 adjumento
927 721 1017 784 esset,
1031 723 1064 770 ut
1077 709 1176 770 denuo
1186 729 1245 769 sna
1255 709 1343 787 ‘opera
1442 789 1450 796 .

252 803 342 882 Cotyi
352 805 485 864 mercede
498 803 605 875 locata,
614 802 739 882 reliquas
749 815 865 864 vestras·
872 807 958 865 urbes
968 805 1131 864 Crithotam
1143 815 1174 862 et
1188 802 1341 866 Eleunt'em

251 895 405 954 obsideret.
444 894 519 953 Eum
533 895 618 974 porro
631 894 706 967 haec,
727 897 798 954 dum
813 897 910 956 adhuc
924 898 952 956 in
967 898 1039 956 Asia
1056 908 1128 966 erat,
1145 905 1176 954 et
1189 894 1342 974 epistolam

251 987 290 1048 ad
303 1005 356 1046 voa
369 986 513 1058 mittebat,
527 1007 594 1046 cum
609 989 785 1046 contrarium
799 988 897 1049 lacere
907 990 1091 1062 decreuisset,
1101 1007 1153 1068 per
1162 988 1296 1047 liaudem
1306 985 1342 1046 ad

251 1100 303 1139 vos
329 1079 516 1158 decipiendos
537 1079 678 1159 jactasse,
706 1099 742 1156 ex
766 1085 829 1158 ejus
847 1101 884 1140 ex
909 1083 984 1142 lisia
1002 1083 1125 1161 trajectu
1147 1079 1341 1158 cognoscetis.

251 1172 328 1232 Nam
343 1171 459 1250 Abydo,
475 1173 545 1230 urbe
559 1182 700 1250 perpetuo
713 1174 795 1232 vohis
809 1174 935 1246 inimica,
950 1183 980 1234 et
994 1174 1071 1231 unde
1087 1183 1171 1232 erant
1183 1171 1213 1230 hi
1225 1171 1278 1249 qui
1291 1172 1341 1230 Se·

165 1269 169 1279 '
201 1288 206 1296 ¹
250 1274 328 1324 stum
346 1273 533 1341 occuparant,
550 1263 665 1322 Sestum
679 1263 804 1342 transiit,
817 1285 906 1343 quam
931 1267 1022 1345 Cotys
1047 1267 1177 1324 tenebat.
1213 1264 1262 1322 hle
1277 1283 1342 1324 uero

248 1357 357 1436 putetis
369 1357 415 1415 vel
432 1355 588 1436 Abydenos
608 1375 674 1414 eum
689 1356 781 1416 luisse
793 1367 973 1436 recepturos,
986 1357 1034 1417 vel
1056 1357 1180 1426 Sestios',
1195 1357 1288 1416 missa
1304 1355 1341 1418 sd

249 1469 302 1510 ros
312 1448 361 1507 illa
373 1448 506 1528 epistola,
515 1447 570 1507 nisi
580 1445 687 1508 conscii
697 1448 831 1521 luissent,
842 1461 904 1508 tum
914 1469 982 1509 eum
992 1449 1087 1528 egisse
1096 1449 1210 1522 fraude,
1222 1461 1255 1508 et
1267 1449 1341 1508 illius

248 1543 438 1621 imposturam
448 1541 503 1620 ipsi
516 1540 705 1620 adjuvissent,
716 1541 747 1600 id
757 1541 920 1614 studentes,
935 1552 969 1601 ut
976 1542 1341 1626 transmittendiexercitos

248 1635 431 1694 securitatem
447 1652 499 1691 vos
510 1633 537 1691 ei
551 1632 784 1711 suppeditaretis,
797 1635 846 1693 ubi
862 1653 932 1694 vero
946 1633 1183 1707 transisset-id
1196 1635 1277 1712 quod
1293 1653 1341 1694 sc·

247 1727 327 1797 cidit,
340 1727 419 1785 lacta
429 1727 470 1784 illi
482 1745 535 1805 per
550 1725 725 1784 Artabazum
739 1727 911 1786 discedendi
926 1737 1121 1806 potestate-,
1134 1735 1169 1786 ut
1188 1727 1245 1806 ipsi
1264 1728 1341 1787 lrue·

247 1829 347 1880 rentur
360 1818 622 1877 commoditatibus.
654 1817 729 1877 Haec
749 1819 790 1877 ita
811 1839 843 1878 se
857 1818 977 1890 habere,
998 1839 1035 1878 ex
1056 1817 1186 1898 epistulis
1205 1819 1341 1897 intelligi·

247 1921 304 1979 tur,
317 1921 381 1969 tum
397 1911 432 1970 e'a
443 1928 531 1989 quam
545 1909 594 1970 ille
608 1908 696 1981 misit,
711 1921 773 1968 turn
788 1909 822 1969 iis
844 1929 916 1989 quas
936 1911 1082 1992 principes
1095 1911 1340 1972 Chersonesitani.

248 2003 361 2063 Recita.

684 2171 906 2233 EPISTOLAE.
1010 2167 1020 2174 ’

119 2301 136 2386 ,1
246 2331 384 2410 Cogitate
411 2329 489 2388 unde
509 2328 657 2389 mansierit
682 2327 788 2408 Abydo
809 2329 936 2389 Sestum.
964 2329 1107 2410 Nunquid
1126 2297 1237 2410 putatis
1260 2309 1340 2412 Aby-

245 2429 337 2488 denus
362 2437 413 2486 aut
436 2425 548 2485 Sestius
563 2423 640 2496 ,eum
663 2426 753 2486 luisse
777 2437 956 2506 recepturos,
981 2428 1036 2488 nisi
1057 2426 1169 2487 fraudis
1193 2428 1339 2504 adjutores

242 2521 377 2591 luissent,
388 2539 455 2578 cum
464 2505 504 2578 ad
513 2538 564 2578 vos
575 2517 729 2596 epistolam
739 2518 887 2578 mitteret?
909 2519 1013 2578 Recita
1022 2519 1063 2580 eis
1074 2519 1230 2598 epistolam
1240 2520 1341 2600 ipsam..

243 2611 305 2669 Vos
318 2629 398 2682 vero,
422 2611 627 2678 Athenienses,
649 2619 793 2688 spectate,
812 2629 901 2688 quam
922 2610 1065 2694 immensa
1081 2609 1119 2670 de
1139 2630 1208 2672 sese
1232 2613 1337 2672 advos

242 2707 306 2782 ipse
320 2704 477 2783 scripserit,
489 2723 520 2762 se
535 2702 717 2774 collaudans,
731 2711 762 2762 et
773 2703 830 2762 alia
843 2696 947 2764 iecisse
964 2702 1112 2774 dictitans,
1125 2703 1185 2764 alia
1197 2705 1338 2766 facturum

241 2797 422 2882 promittens.
443 2797 561 2856 Recita.
669 2847 674 2852 .
837 2819 842 2824 ·

595 3051 606 3064 .
682 2965 894 3027 EPISTOLA.

241 3109 388 3172 Praeclara
398 3117 488 3182 certe,
497 3142 537 3154 -
550 3106 668 3167 nonne?
678 3141 719 3152 -
732 3106 941 3181 Athenienses,
959 3125 996 3167 ca
1009 3126 1077 3186 quaa
1090 3107 1219 3188 scripsit,
1233 3109 1259 3168 si
1275 3126 1340 3168 vera

241 3215 352 3277 essent,
364 3217 500 3284 magnam
512 3203 639 3282 gratiam
654 3200 858 3260 merebantur?
878 3202 962 3261 'l'unc
980 3221 1060 3272 vero,
1082 3221 1152 3260 cum
1172 3204 1257 3263 nulla
1275 3223 1339 3283 spes

241 3295 356 3356 laederis
364 3306 453 3368 esset,
463 3297 501 3356 ad
511 3315 563 3355 vos
575 3294 763 3373 decipiendos
771 3293 823 3353 illa
831 3293 962 3374 scripsit:
982 3303 1141 3374 postquam
1151 3297 1340 3362 rarefactum

240 3390 415 3459 friaredus,
430 3388 519 3450 recita
531 3408 598 3467 quae
612 3386 723 3446 lecerit.

505 3563 804 3625 TESTIMONIUM
830 3566 1075 3644 FACTQRUM

239 3707 337 3768 Cum
330 3708 417 3787 igitur
430 3706 625 3768 Charidemus
640 3707 769 3766 scrobis
793 3708 900 3769 amissa
915 3711 1025 3791 oppida
1040 3711 1195 3772 restituere
1213 3713 1292 3773 velle
1306 3711 1344 3772 sit

237 3800 395 3878 pollicitus,
408 3799 544 3880 princeps
543 3787 708 3856 Crithotes
721 3801 835 3871 asserit,
846 3821 881 3860 eo
897 3802 1030 3882 trajecto,
1045 3803 1227 3882 gravioribus
1244 3825 1343 3884 sepe

236 3893 334 3951 riculis
355 3891 538 3952 fortunarum
560 3890 688 3949 omnium
711 3891 895 3954 conflictatos
916 3913 992 3970 esse,
1015 3915 1103 3976 quam
1125 3895 1219 3976 prius.
1252 3898 1343 3977 Lege,

238 3991 325 4062 atque
338 4003 375 4044 ex
388 3983 444 4044 alia
456 3982 581 4064 epistola
593 4002 653 4044 rem
666 3983 797 4043 ostende.

600 4143 602 4148 ’
680 4170 892 4234 nrrsrour.

236 4305 351 4368 Videtis
360 4325 420 4368 rem
432 4309 469 4368 ab
483 4310 561 4370 omni
576 4297 656 4390 parte
666 4313 839 4388 confirmari,
849 4333 928 4387 sum,
943 4316 1116 4378 oansmisso
1127 4315 1341 4401 Hellesponto,

235 4417 294 4460 uon
308 4408 410 4460 contro
423 4399 539 4482 Cotym,
554 4404 607 4465 sed
621 4415 724 4466 sonna
735 4425 788 4468 vos
810 4427 877 4468 cum
898 4409 950 4470 illo
968 4429 1034 4480 esse
1056 4411 1232 4490 profectum,
1254 4414 1341 4492 Age,
