2932 4952
388 301 927 366 cuNTun.nrtrsroeRtrum.·
1151 311 1211 370 399

118 441 301 534 reipublicae,
312 464 344 516 et
357 471 415 534 qno
428 457 524 522 mnus
538 456 704 536 Amphipoli
716 458 892 536 potiremini,
903 473 995 540 unum
1008 463 1136 523 bmnium
1149 467 1212 528 mes

123 547 200 608 nrime
216 551 378 619 obstitisse,
388 561 430 609 et
447 551 599 620 erudireris,
621 551 797 620 etdeereto,
819 561 850 610 et
867 553 1033 614 testimonio
1050 548 1212 625 audivistis.

120 641 167 698 -rlc
181 641 321 720 principia
332 643 449 721 quidem
464 643 623 704 facinorum
635 643 801 704 Charidemi
813 643 883 704 talia
893 655 971 723 sunt.
995 647 1069 707 dam
1075 651 1132 711 alia
1139 671 1213 714 con-¹
1282 675 1285 679 ’

120 733 313 812 templamioi.
337 735 431 795 Parvo
446 736 541 814 spatio
554 727 692 813 temporit
706 735 868 815 interjecto,
880 737 1143 822 belloqueCotyoo
1149 748 1213 826 jam

123 825 275 904 gliscente}
288 827 374 888 mittit
385 827 484 888 literas
498 827 536 888 ad
552 844 614 898 ros,
635 828 694 890 imo
707 847 768 905 non
781 827 820 904 ad
834 847 897 900 ros,
911 831 964 889 sed
978 832 1015 890 ad
1030 835 1213 914 Cephisodo·

121 919 314 998 tum-potiust
335 920 519 997 usqueadeo
539 939 558 978 a
571 939 636 980 sese
650 921 749 980 urbem
759 941 806 986 ,ne
820 921 916 1001 decipi
929 924 1045 1000 quidem
1058 941 1145 1005 posse
1159 953 1214 1011 pu-

123 1013 348 1082 tabat,‘sua'rum
363 1012 610 1075 machinationum
627 1012 774 1072 conscius.
790 1013 832 1074 'lu
844 1015 881 1074 iis
897 1015 987 1076 literis
1001 1034 1032 1076 se
1047 1021 1214 1100 reipublicae

121 1111 232 1162 ubuum
246 1100 463 1164 Chersonesum
473 1104 554 1166 velle
568 1103 718 1164 restituere
730 1103 933 1186 pollicebatur,
943 1127 1009 1166 cum
1024 1109 1169 1172 diversum
1183 1116 1214 1175 in

122 1197 219 1256 animo
232 1198 362 1256 haberet.
383 1198 543 1258 Estautem
554 1196 634 1261 robis
648 1198 898 1274 cognoscendum,
912 1218 978 1276 qum
992 1200 1069 1261 illius
1083 1205 1214 1284 epistolae

124 1289 273 1348 mittenda
289 1289 460 1349 occasiones
474 1289 590 1358 luerint,
603 1287 690 1365 idque
710 1288 822 1366 paucis,
837 1301 867 1348 et
877 1291 1120 1360 considerandum
1132 1297 1214 1376 inge·
1254 1315 1262 1328 “

123 1382 201 1442 bium
217 1380 353 1453 bourinit,
365 1389 398 1440 ut
407 1380 506 1440 sciatis
518 1381 667 1458 quomodo
678 1379 703 1438 is
718 1379 844 1442 abiuitio
851 1383 1002 1442 vobiscum
1011 1387 1113 1464 egerit.
1138 1391 1213 1452 Cum
1266 1453 1269 1460 ,

94 1539 97 1548 ,
122 1475 200 1534 emm
213 1473 349 1536 dimissus
359 1483 439 1534 esset
449 1473 706 1541 uTimotbeo,turn
717 1473 884 1552 Amphipoli
893 1474 1098 1555 discedensin
1112 1481 1213 1543 Asiam

122 1573 334 1647 transgressus,
344 1569 382 1628 bb
389 1569 567 1628 Artabanum
577 1567 614 1626 ab
624 1567 845 1645 Autophradate
858 1569 1112 1646 comprehensum,
1125 1583 1155 1632 et
1163 1594 1214 1634 ex-

120 1663 245 1720 ercitum
259 1667 290 1718 et
299 1658 488 1738 semetipsum
497 1658 773 1736 ¹generis'lhrtabuzi
784 1659 871 1719 locut.
893 1659 1023 1740 Fideque
1037 1663 1108 1722 data
1120 1676 1151 1724 et
1159 1687 1216 1727 ao·

122 1763 220 1832 cepta,
237 1753 372 1830 neglecto
394 1761 426 1812 et
445 1751 552 1812 violato
569 1749 770 1830 jurejurando,
783 1769 874 1828 quum
894 1753 1096 1830 provinciales,
1109 1759 1157 1836 qui
1178 1762 1215 1820 ab

122 1843 301 1904 amico‘oiln'l
322 1845 503 1912 metuebant,
518 1843 765 1904 nullas-excubias
779 1853 909 1920 agerent,
922 1853 981 1904 tres
998 1865 1099 1906 eorum
1119 1852 1215 1922 urbes,

122 1939 256 2017 Soepsiu,
267 1938 410 2006 Cebrena,
423 1935 545 2016 ¹utilium
555 1945 690 2014 occupat.
715 1935 772 2008 ilis
780 1937 902 1996 urbibus
915 1937 1035 2018 potitus,
1049 1939 1215 2020 imprudens

121 2032 150 2088 in
165 2049 231 2089 eam
247 2027 451 2088 necessitatem
470 2027 580 2097 incidit,
593 2047 683 2105 quam
697 2046 756 2086 non
770 2027 857 2086 modo
872 2029 895 2086 is
905 2030 953 2105 qui
969 2049 1000 2087 se
1013 2030 1215 2110 imperatorem

121 2123 282 2202 profitetur,
297 2120 349 2182 sed
359 2131 417 2178 ‘nec
432 2140 447 2178 e
459 2119 570 2198 populo
584 2117 736 2210 quisquam
747 2119 881 2196 ignorare
895 2130 982 2197 atque
997 2121 1150 2183 admittere
1164 2127 1216 2186 de-

118 2215 246 2274 buisset.
274 2215 375 2282 Quum
393 2212 467 2270 enim
482 2207 593 2270 nullum
610 2203 781 2270 maritimum
802 2213 899 2272 locum
921 2223 1042 2286 teneret,
1056 2227 1107 2274 aut
1127 2217 1226 2278 alium‘

120 2307 201 2370 unde
213 2315 407 2364 commeatum
426 2313 596 2384 supportare
610 2304 748 2362 militibus
763 2313 875 2382 posset,
889 2323 941 2362 nec
961 2304 991 2361 in
1013 2306 1082 2392 ipsis
1101 2310 1216 2390 oppidis

119 2383 300 2458 'frumentum
321 2397 451 2468 haberet,
469 2395 545 2453 intra
563 2395 671 2453 moenia
686 2385 825 2468 substitit,
843 2413 937 2474 neque
957 2387 1077 2476 direptis
1097 2401 1216 2462 urbibus

14 2515 15 2520 ¹
118 2491 203 2561 abiit,
222 2501 374 2570 postquam
388 2489 505 2548 omnino
519 2487 658 2546 scelerate
676 2505 762 2564 agere
783 2487 962 2548 decreverat.
993 2487 1035 2548 Ut
1047 2509 1115 2549 vero
1129 2489 1216 2553 Arta·

117 2571 211 2643 bazus
236 2583 370 2641 dimissus
392 2581 430 2639 ab
451 2577 682 2657 Autophradate,
700 2579 813 2638 collect'
793 2589 829 2638 trs
849 2579 940 2657 copiis
963 2575 1098 2650 ederats
1089 2603 1116 2642 rs
1135 2605 1215 2644 esu-

116 2677 234 2760 'periore
249 2661 375 2754 Phrygia
389 2681 420 2731 et
433 2670 526 2751 Lydia
537 2683 566 2729 et
581 2669 793 2749 Paphlagonia,
802 2671 965 2750 conjunctis
977 2689 1077 2732 secum
1090 2676 1216 2754 regioni·

117 2769 177 2827 bus
190 2761 307 2826 abunde
320 2774 514 2824 corumeaturn
528 2763 666 2833 habebat,
674 2761 850 2821 Charidemo
864 2780 931 2822 vero
943 2763 1013 2822 nibil
1023 2776 1129 2844 prmter
1138 2769 1216 2828 obsi-

115 2861 240 2919 dionem
251 2866 410 2936 supererat.
426 2859 502 2916 Cum
513 2865 609 2916 autem
619 2855 879 2914 animadverteret
872 2871 907 2912 m
912 2858 1026 2934 quantis
1035 2859 1217 2932 essetmalis,

114 2963 148 3012 et
162 2951 342 3029 cogitatione
356 2958 494 3028 suscepta
505 2947 688 3025 intelligeret,
702 2965 734 3006 se
747 2947 776 3004 in
789 2946 918 3004 hostium
933 2966 1035 3006 manus
1050 2960 1214 3020 venturum,

115 3046 144 3104 si
154 3045 239 3103 nulla
249 3063 279 3102 re
287 3042 360 3112 alia,
368 3041 445 3099 fame
457 3040 559 3099 saltem
569 3040 739 3106 ‘subactum
761 3036 920 3117 prospexit,
931 3039 990 3098 sire
999 3038 1164 3099 admonitus
1178 3043 1215 3100 ab
1320 3067 1322 3076 ,

54 3151 63 3166 ·
115 3137 191 3207 alio,
212 3135 276 3194 sire'
291 3133 413 3192 consilio
428 3151 446 3191 a
459 3131 625 3209 semetipso
637 3131 740 3209 petito,
757 3149 823 3190 eam
840 3149 922 3208 spem
940 3129 1042 3188 salutis
1057 3132 1150 3190 solam
1171 3124 1217 3200 re·¹

114 3243 201 3290 stare
211 3227 349 3305 sioi,quoe
363 3245 464 3287 omnes
473 3242 648 3286 conservare
662 3223 789 3284 soleres
800 3223 922 3284 Eavero
931 3243 997 3302 qum
1008 3224 1076 3285 esti
1098 3225 1217 3304 Nostra,

113 3321 339 3390 Athenienses,¹
350 3320 418 3379 'sive
435 3319 624 3400 dicendaest
636 3317 812 3387 humanitas,
824 3317 992 3394 'sivequod
1012 3337 1119 3378 nomen
1136 3320 1217 3380 uliud

112 3424 261 3474 meretur.
294 3413 445 3479 Quod-ubi
462 3422 613 3483 statuerat,
634 3411 716 3470 vobis
730 3411 818 3471 mittit
835 3411 999 3494 epistolam,
1011 3432 1099 3489 quarn
1117 3415 1217 3474 audire

111 3523 219 3587 operae
232 3506 355 3584 pretium
368 3504 467 3573 fuerit,
481 3514 515 3562 ut
528 3513 675 3564 ostentata
689 3523 741 3582 spe
756 3503 933 3562 Chersonesi
952 3507 1171 3582 recuperanda,
1188 3520 1218 3566 et

110 3602 192 3679 quia
213 3599 250 3658 de
266 3597 467 3678 Cephisodoti,
484 3597 537 3676 qui
553 3597 654 3675 Cotyis
663 3606 700 3656 et
719 3595 886 3676 iphicratis
893 3599 1080 3674 putabatur
1073 3600 1217 3672 mimicus,

108 3691 247 3754 consilio
262 3709 357 3770 agere
361 3691 525 3760 videbatur,
539 3689 703 3749 triremibus
724 3707 742 3746 a
760 3688 841 3747 robis
856 3689 1107 3796 suppeditatisci
1110 3700 1154 3748 tra
1166 3711 1217 3770 pe

107 3783 245 3846 rieulum
260 3804 299 3842 ex
309 3781 380 3843 Asia
393 3781 555 3860 aufugeret.
662 3785 665 3792 ’

158 3883 214 3940 39.
236 3879 481 3970 intereaquidfit,
492 3877 805 3956 underesipsapalam
821 3875 1075 3956 deprehensaestt
1096 3875 1218 3938 Memno

103 3985 142 4034 ct
161 3971 296 4044 Mentor,
310 3971 442 4029 homines
462 3969 704 4048 adolescentuli,
697 3980 863 4047 inexspecta
866 3980 923 4026 atm
945 3968 1022 4026 nacti
1036 3967 1127 4027 felicit
1116 3979 1216 4040 t,atem

103 4065 291 4126 affinitatem
315 4063 463 4135 Artabazi,
484 4061 582 4140 cupidi
605 4059 703 4120 statim
723 4059 905 4120 exercendi
899 4059 1017 4138 rmperii,
1040 4070 1070 4118 et
1086 4061 1217 4140 potiundi

102 4156 291 4225 honoribus,
305 4175 363 4214 non
378 4154 498 4233 gerendi
511 4151 580 4212 belli
590 4163 628 4221 ,et
640 4152 808 4221 dimicandi,
826 4153 992 4210 Artabazo
986 4162 1105 4224 instant,
1125 4165 1158 4214 ut
1174 4156 1218 4214 ul·

101 4251 199 4310 tione
216 4245 514 4318 Charidemiomissa,
533 4240 668 4322 belloque
683 4245 856 4323 composito,
872 4263 925 4322 per
943 4243 1074 4304 inducias
1090 4266 1156 4306 eum
1174 4247 1218 4305 di-

100 4344 251 4406 mitteret
259 4347 274 4406 ς’
290 4336 445 4412 docentes,
457 4327 572 4400 etiamsi
589 4339 655 4416 ips'e
678 4335 780 4409 nollet,
802 4355 854 4396 vos
877 4345 1218 4418 eumtra'nsporta'ruros,
1322 4355 1325 4372 ’

98 4457 171 4501 nec
187 4437 288 4512 ipsum
302 4431 332 4492 id
338 4429 601 4516 'posse,prohiberer
625 4429 774 4492 Utautem
787 4428 980 4514 Charidemus
991 4440 1096 4509 praeter
1103 4449 1221 4492 omnem
