2932 4952
368 231 373 236 ’
428 330 430 334 .
512 274 677 334 causan
700 274 870 336 munau.
1187 274 1246 332 aar

148 421 350 500 Athenienses,
363 428 412 506 qui
434 428 498 489 haec
521 431 660 504 referens,
683 429 870 502 acerbitatem
892 429 934 489 rei
954 438 1046 509 gestae
1067 424 1258 488 auditoribus*

71 516 76 527 ¹
148 517 187 576 sic
212 521 422 598 representare
449 521 550 599 possit,
573 523 649 582 sicut
672 543 781 595 revera,
800 525 931 602 ipsoque
944 523 1024 582 facto
1047 519 1199 600 vapulanti·
1219 530 1250 578 et

149 611 360 688 spectatoribus
375 611 494 672 'evidens
515 626 637 693 apparet
651 616 837 674 contumelia.
880 615 1072 674 Considerate
1083 613 1181 692 igitur
1198 631 1249 691 per
1283 611 1287 614 ’

146 703 252 762 Jovern
281 714 311 763 et
334 706 415 777 deos,
440 706 645 779 Athenienses,
670 717 700 767 et
726 708 853 787 cogitate
877 708 1039 778 vobiscum,
1059 717 1170 786 quanto
1187 725 1258 764 ma-·

143 796 209 876 jore
225 796 379 858 iracundia
392 819 438 859 me
450 799 622 859 inflammari
636 801 814 870 convenerit,
827 821 893 860 cum
908 800 1084 860 aMidiasic
1098 808 1256 871 tractares,-

146 908 233 966 quam
247 898 318 949 tunc
334 890 491 953 Evaeonem
505 891 587 950 illum
601 894 653 972 qui
664 893 879 952 Boeotuminter
897 893 977 952 fecit.
1020 892 1097 950 Nam
1116 893 1140 951 is
1163 911 1181 951 a
1202 889 1248 949 fa·

147 979 259 1052 miliari,
274 1002 367 1060 eoque
382 985 471 1058 ebrio,
487 1003 584 1044 coram
600 1005 652 1044 sex
674 996 726 1046 aut
742 997 854 1066 septem
864 986 1045 1057 hominibus,
1057 985 1150 1064 iisque
1164 985 1248 1045 fami-

145 1071 275 1144 liaribus,
287 1076 451 1153 vapulavit3
476 1077 526 1155 qui
542 1077 665 1136 alterurn
680 1081 718 1137 ob
736 1098 771 1138 ea
784 1099 850 1156 quae
863 1078 977 1138 fecerat
989 1078 1188 1158 vituperatori,
1205 1079 1247 1138 al-

147 1174 249 1236 terum,
261 1167 285 1225 si
300 1187 384 1246 aequo
398 1169 511 1228 tulisset
530 1169 627 1228 animo
650 1170 783 1249 injuriam
807 1173 915 1250 iraeque
934 1171 1116 1250 imperasset,
1141 1170 1258 1232 deinde·

147 1255 292 1318 laudaturi
303 1273 395 1320 erant.
424 1262 603 1322 ,Praesertim
619 1263 657 1322 ad
670 1283 782 1337 caenam
794 1263 823 1321 in
838 1263 917 1322 sedes
932 1263 1177 1346 ingressumque
1191 1282 1261 1320 nec·-

146 1339 286 1412 accedere
301 1354 354 1432 ipsi
366 1354 483 1414 licebat.
519 1355 586 1432 Ego
606 1349 675 1414 v'ero
703 1357 739 1414 ab
762 1355 891 1428 inimico,
906 1355 1013 1424 sobrio,
1029 1374 1125 1428 mane,
1141 1363 1246 1414 contu-

146 1445 362 1516 meliecausa,
376 1464 436 1504 non
459 1466 513 1525 per
537 1447 718 1519 ebrietatem,
732 1449 761 1506 in
782 1459 942 1526 conspectu
964 1447 1178 1519 multorum‘et
1193 1447 1246 1507 ho·

146 1537 268 1614 spitum,
278 1546 308 1595 et
322 1537 439 1607 civium,
455 1559 518 1597 sum
535 1524 719 1599 contumeliis
734 1539 869 1610 affectus,
884 1548 971 1617 atque
985 1539 1105 1617 insuper
1128 1539 1158 1596 in
1172 1549 1245 1601 tem·

145 1630 204 1708 plo,
221 1650 281 1711 quo
302 1631 372 1690 milri
393 1650 500 1691 munus
519 1633 666 1693 aedilitatis
688 1633 844 1692 sustinenti
858 1652 967 1712 magna
981 1633 1069 1691 eundi
1085 1633 1244 1693 necessitas

144 1723 342 1784 incumbebat.
709 1782 715 1792 ,
1199 1773 1200 1778 1

88 1862 95 1886 ,
186 1821 236 1876 22.
260 1820 308 1878 Ac
323 1838 369 1880 me
384 1819 512 1899 quidem,
526 1805 732 1894 Athenienses,
752 1821 910 1900 prudenter
930 1830 981 1880 aut
1004 1821 1127 1881 feliciter
1146 1822 1258 1900 potius.

146 1910 282 1971 existimo
296 1911 412 1982 fecisse,
429 1923 490 1972 tum
503 1913 553 1992 qui
576 1933 611 1973 eo
634 1925 765 1993 tempore
785 1913 922 1992 injuriam
941 1912 1158 1987 dissimularim,
1182 1925 1247 1974 tum·

145 2004 195 2082 qui
217 2023 270 2082 per
282 2004 463 2065 iracundiam
486 2026 544 2066 non
565 2008 619 2066 sim
642 2007 679 2066 ad
702 2016 786 2066 atrox
811 2005 932 2084 aliquod·
954 2005 1067 2066 facinus
1089 2006 1254 2085 impulsus.÷
1283 2029 1287 2033 ’

146 2095 206 2155 Sed
223 2095 346 2156 Evaeoni
360 2107 441 2170 tunc,
456 2107 487 2158 et
501 2099 647 2171 omnibus,
662 2099 764 2177 siquis
782 2098 824 2156 illi
849 2099 919 2156 dum
931 2099 1145 2157 contumeliam
1160 2109 1258 2178 pate·.
1318 2117 1321 2127 ¹

44 2198 47 2208 '
144 2197 234 2262 retur,
249 2208 335 2268 opem
348 2190 425 2262 tulit,
440 2191 557 2250 omnino
579 2191 712 2271 ignosco.
754 2191 898 2268 Idemque
912 2209 978 2250 meo
993 2191 1110 2268 quidem
1120 2191 1244 2270 judicie,

144 2279 231 2339 etiam
248 2281 382 2360 judicum
395 2283 527 2362 plerique
541 2290 602 2342 tum
622 2284 766 2344 fecerunt.
809 2285 886 2342 Nam
900 2301 959 2342 uno
979 2293 1093 2342 tanturn
1104 2283 1245 2364 ‘suffragio
1262 2292 1266 2296 ’

143 2371 314 2433 damnatum
334 2395 400 2434 asse
422 2375 520 2447 audio,
533 2376 622 2455 idque
637 2397 704 2436 cum
720 2395 814 2454 neque
825 2375 962 2443 flevisset,
979 2395 1073 2453 neque
1087 2376 1181 2434 ullum
1192 2379 1242 2454 ju-

143 2465 240 2524 dicem
255 2467 430 2547 deprecatus
444 2478 532 2542 esset‚
552 2489 649 2549 neque
662 2468 955 2538 ullumhumanitatis
975 2467 1054 2547 apud
1069 2468 1184 2542 judices
1195 2469 1245 2528 ¹vel

141 2578 264 2637 parvum
281 2560 328 2618 vel
351 2559 488 2640 magnum
511 2562 628 2640 signum
651 2560 789 2640 dedisset.
832 2560 979 2620 Portemus
997 2559 1086 2639 igitur
1108 2561 1170 2620 sic:
1192 2581 1241 2621 eos
1332 2624 1333 2627 ,

142 2652 194 2728 qui
206 2672 273 2712 eum
287 2653 509 2723 damnaverunt,
532 2673 592 2712 non
611 2655 766 2713 damnasse
780 2665 945 2734 propterea,
955 2653 1039 2732 ¹quod
1054 2673 1086 2712 se
1100 2652 1241 2728 ultussit‚

143 2743 195 2802 sed
210 2745 288 2822 quod
300 2763 336 2805 eo
350 2747 447 2817 moda,
464 2756 497 2806 ut
510 2747 597 2807 etiam
611 2747 777 2816 occideret;
792 2747 842 2825 qni
855 2747 1053 2819 absolverunt,
1064 2747 1242 2807 etiamhanc

141 2837 329 2898 immodicam
344 2839 485 2899 ultionem
504 2840 547 2898 illi
559 2840 646 2918 cujus
660 2860 766 2919 corpus
779 2849 860 2899 esset
877 2839 1020 2899 violatum
1033 2839 1153 2917 largitos
1167 2860 1241 2925 esse.

125 2930 131 2934 ’
144 2930 226 2996 Quid
239 2930 346 3009 igitur?
367 2931 435 2990 mibi
449 2932 500 3010 qui
521 2932 564 2992 ita
584 2933 738 3012 diligenter
752 2933 826 3004 cavi,
835 2953 872 2990 ne
886 2931 957 3010 quid
977 2933 1094 3008 gravius
1109 2933 1241 2993 commit-

142 3031 263 3095 teretur,
278 3033 312 3082 ut
325 3044 381 3083 nec
393 3023 451 3110 rim
465 3025 494 3082 vi
508 3025 676 3106 repulerim,
692 3045 709 3083 a
726 3045 784 3102 quo
800 3023 918 3084 tandem
939 3023 1241 3101 ultionis'injuriarum

142 3115 298 3192 exigendae
312 3116 397 3194 copia
409 3117 469 3176 fieri
484 3115 591 3180 debet?
607 3171 609 3176 ,
634 3115 776 3196 Equidem
791 3115 901 3176 avobis
917 3115 1049 3186 arbitror,
1063 3109 1093 3172 et'
1114 3115 1249 3194 legibus:

143 3206 184 3266 Et
197 3209 365 3287 exemplum
379 3208 468 3268 istum
483 3209 571 3269 statui
585 3209 731 3282 omnibus,
746 3207 974 3268 contumeliosos
988 3225 1089 3265 omnes
1103 3214 1135 3264 et
1155 3218 1241 3286 petu-

140 3299 240 3358 lantes
253 3301 398 3360 neminem
411 3301 507 3380 ipsum
522 3300 622 3360 ulcisci
641 3319 692 3379 per
705 3299 894 3371 iracundiam,
909 3298 962 3358 sed
976 3297 1079 3358 advos
1095 3296 1242 3362 adducere

140 3391 261 3466 debere,
275 3393 371 3472 utqui
385 3394 561 3454 confirmetis
571 3402 601 3458 et
614 3393 766 3454 reservetis
780 3391 826 3452 his
838 3392 888 3469 qui
901 3390 965 3450 laesi
976 3401 1044 3450 sunt
1057 3388 1155 3469 legum
1166 3414 1242 3474 prae-

140 3484 218 3544 sidia
231 3498 334 3546 contra
348 3487 472 3566 injurios.

182 3583 234 3638 23.
256 3579 353 3638 Credo
368 3591 465 3640 autem
485 3580 628 3660 quosdam
642 3589 771 3640 vestrum
792 3579 892 3639 audire
914 3579 1001 3655 velle,
1021 3583 1150 3662 judices,
1173 3601 1241 3660 quse

40 3698 42 3703 ·
139 3691 243 3732 causae
260 3672 474 3733 inimicitiarum
494 3674 567 3734 inter
591 3693 646 3732 nas
668 3673 893 3732 intercesserint.
945 3675 1045 3740 Quum
1069 3674 1240 3734 existimetis

137 3764 306 3828 mortalium
321 3766 465 3825 neminem
486 3767 526 3825 ita
547 3766 706 3825 insolenter
730 3775 760 3826 et
777 3765 920 3826 violenter
932 3766 961 3825 in
976 3767 1067 3826 ullum
1082 3767 1175 3826 civem
1187 3765 1245 3827 dea

135 3855 362 3928 bacchaturum,
377 3859 433 3917 nisi
453 3869 555 3918 contra
570 3878 655 3936 quem
671 3859 857 3937 gravissimas
873 3860 977 3940 irarum
991 3879 1096 3918 causas
1109 3859 1238 3921 haberet

136 3951 218 4010 Volo
232 3950 320 4029 igitur
334 3961 363 4010 et
377 3951 415 4010 de
435 3952 492 4012 hoc
513 3950 667 4010 simultatis
688 3950 769 4011 initio
784 3950 901 4022 referre,
916 3962 945 4009 et
956 3969 1193 4030 commemorare,
1207 3965 1244 4014 ut-

133 4042 320 4122 intelligatis,
334 4065 398 4103 eum
409 4045 476 4124 jure
489 4055 607 4126 propter
620 4045 694 4103 illud
714 4046 800 4104 etiam
822 4043 1006 4123 gravissimas
1022 4042 1124 4123 poenas
1145 4047 1238 4109 fuisse

133 4139 301 4198 daturum·
330 4138 490 4198 Absolvarn
515 4124 621 4198 autem,
637 4138 833 4206 narrationem
859 4136 937 4195 hanc
965 4137 1101 4210 breviter,
1124 4140 1238 4200 etiamsi

133 4229 227 4290 altius
249 4228 532 4310 repetere'videbor.
576 4232 652 4291 Cum
677 4229 836 4288 admodum
860 4228 1109 4304 adolescentulum
1126 4243 1239 4292 tutores

46 4321 54 4335 “
128 4329 220 4382 ineos
241 4324 317 4384 male
339 4323 532 4386 administrati
553 4324 610 4382 mei
633 4319 797 4400 patrimonii
820 4340 999 4394 accusarem,
1014 4334 1044 4383 et
1061 4325 1246 4394 istumadeo·
1297 4355 1300 4362 =

130 4437 199 4478 non
218 4417 346 4490 nossem,
361 4429 394 4477 ut
417 4439 470 4478 nec
491 4439 528 4478 an
548 4427 635 4476 natus
657 4424 734 4474 esset
755 4414 857 4473 scirem
872 4419 973 4493 (atque
986 4418 1097 4476 utinam
1112 4437 1238 4476 neuunc
