2946 4954
213 297 277 360 ass
312 322 314 326 -
459 291 516 358 on
537 293 651 358 nnnc
672 292 808 357 cnara
828 272 1081 360 ascaricus.

212 470 280 513 cum
291 449 346 512 rim
358 460 392 512 et
401 461 446 513 tot
457 471 480 513 a
490 461 519 514 te
528 451 559 512 in
569 462 633 514 tcto
643 453 747 518 itinere
756 447 869 514 insidiis
886 443 1223 534 apprehensurum
1238 448 1319 518 nunc

209 544 280 606 mihi
290 563 387 608 rerum
400 544 486 605 detur
499 545 589 625 optio,
598 556 652 606 aut
663 555 696 606 ut
705 544 808 606 talium
821 555 954 606 actorum
964 555 1126 607 vestrorum
1140 546 1238 606 socius
1252 565 1318 609 esse
1342 551 1345 560 '

210 637 320 707 ridear,
329 647 381 698 aut
391 657 443 698 vos
459 647 493 697 ut
503 657 650 713 accusem,
661 657 717 718 ego
731 657 799 698 raro
811 646 895 697 tuum
906 647 953 704 hae
968 637 1113 716 collegam
1125 636 1216 697 fuisse
1229 657 1320 716 nego,

172 737 182 761 l
211 742 243 793 et
252 742 282 792 te
290 732 320 790 in
331 731 478 810 legatione
488 731 582 792 multa
592 741 624 792 et
635 751 694 792 non
707 731 828 792 ferenda
841 731 1033 810 designasser
1055 739 1085 789 et
1097 749 1133 788 ea
1145 749 1193 789 me
1210 729 1319 790 iecisse

211 825 290 897 dico,
304 843 372 902 quae
386 833 486 884 essent
498 823 667 904 reipublicae
682 824 846 884 utilissima.
869 823 1051 884 Philocrates
1065 821 1184 900 quidem
1203 823 1320 902 collega

208 926 278 976 tuus
291 914 357 986 fuit,
369 924 400 976 et
412 924 446 974 tu
463 915 553 989 illius,
564 926 594 976 et
604 916 734 996 Phryne.
755 917 817 974 Vos
827 915 909 975 enim,
920 916 976 974 iste
991 905 1154 992 agitabatis,
1168 913 1227 972 iste
1236 914 1318 974 uobis

101 1085 106 1093 ,
209 1009 344 1069 omnibus
360 1007 569 1087 probabantur.
591 1008 652 1068 Ubi
665 1017 764 1068 autem
784 1006 849 1067 sal?
869 1007 920 1068 ubi
933 1005 1056 1070 mensa?
1077 1006 1127 1066 ubi
1141 1005 1316 1075 libationes?

208 1101 276 1161 Hoc
287 1100 365 1164 enlm
376 1100 485 1179 passim
495 1097 605 1178 tragice
615 1099 793 1172 declamitat,
805 1100 889 1178 quasi
904 1119 963 1158 non
973 1097 1107 1159 homines
1117 1098 1211 1174 injurii
1220 1117 1317 1158 rerum

207 1193 324 1254 illarum
334 1193 394 1254 sint
407 1193 580 1273 proditores,
597 1194 650 1253 sed
664 1193 749 1272 liqui
767 1187 864 1254 officio
879 1185 1051 1272 funguntur.
1073 1191 1138 1271 Ego
1155 1211 1226 1251 reru
1246 1191 1316 1265 scio,

154 1318 156 1322 ·
208 1307 259 1348 eos
273 1307 375 1348 omnes
389 1287 439 1365 qui
451 1306 573 1348 summa
591 1306 687 1346 rerum
705 1296 846 1365 praesunt,
864 1306 977 1366 semper
996 1304 1056 1344 rem
1073 1283 1202 1344 divinam
1220 1284 1316 1342 facere

99 1439 103 1452 ,
208 1380 413 1451 communiter,
428 1388 459 1438 et
472 1397 645 1439 concoenare
656 1381 731 1438 inter
747 1399 790 1449 se,
805 1389 836 1438 et
845 1398 904 1438 una
913 1378 1013 1445 libare,
1024 1395 1119 1454 neque
1137 1387 1237 1435 tamen
1248 1381 1315 1456 p'ro·

207 1482 310 1552 pterea
323 1473 394 1530 boni
410 1471 675 1554 ntalosinritantur,
690 1472 743 1530 sed
762 1471 786 1530 si
800 1491 887 1549 quem
899 1489 1017 1530 sucrum
1028 1469 1058 1526 in
1071 1467 1201 1528 facinore
1214 1468 1317 1549 depre-

205 1563 375 1635 henderint,
390 1564 470 1644 apud
484 1573 618 1624 senatum
630 1574 661 1623 et
673 1563 815 1642 populum
830 1563 975 1622 deferunt.
1004 1561 1130 1620 Senatus
1150 1561 1223 1620 item
1235 1581 1317 1621 ecm-

206 1658 308 1718 munia
319 1673 403 1718 sacra
412 1657 504 1716 habet
514 1655 720 1735 auspiciorum,
732 1655 900 1714 communia
910 1653 1060 1713 convivia:
1075 1672 1135 1711 una
1143 1652 1247 1725 libant,
1258 1673 1317 1714 una

206 1749 375 1810 sacrificant
383 1749 484 1820 duces,
495 1767 599 1827 parurn
611 1750 705 1830 abest,
714 1748 785 1826 quin
794 1748 984 1826 magistratus
997 1746 1094 1804 dicam
1102 1765 1214 1805 omnes.
1231 1747 1315 1804 Nun·

206 1840 280 1920 quid
299 1850 455 1921 propterea
475 1840 597 1918 collegis
611 1841 848 1919 delinquentibus
863 1838 936 1898 dant
947 1837 1170 1917 impunitatem?
1197 1838 1315 1899 minium

205 1951 285 1993 vero.
326 1933 386 1993 Leo
404 1932 589 2011 Timagoran
606 1931 766 2003 accusarit,
789 1949 858 1991 cum
872 1931 1097 2010 quadriennium
1117 1931 1147 1988 in
1167 1928 1315 2010 legatione

153 2057 160 2068 »
203 2042 271 2083 curn
292 2041 328 2082 eo
348 2023 473 2106 fuisset:
497 2023 628 2083 Eubulus
651 2022 838 2094 Tharreeem,
859 2031 891 2082 et
906 2015 1100 2102 Smicythum‚
1120 2041 1189 2081 cum
1208 2024 1315 2102 quibus

206 2113 396 2176 communem·
409 2133 541 2176 mensam
560 2115 680 2176 hahuit:
693 2115 788 2175 Ι(ὶοιιο
805 2113 944 2193 antiquus
964 2114 1025 2184 ille,
1046 2113 1247 2190 Adimantum,
1261 2118 1314 2177 im·
1398 2119 1400 2123 ’

206 2207 278 2288 perii
292 2207 423 2268 militaris
439 2208 560 2268 socium.
582 2208 648 2267 Utri
661 2208 759 2286 igitur,
770 2207 919 2284 AEschine,
928 2206 1019 2266 sale'm
1034 2215 1064 2266 et
1077 2207 1231 2268 libationes
1242 2229 1313 2288 neg·

147 2327 154 2334 ·
205 2297 358 2380 ligabant?
380 2300 442 2360 line
461 2299 510 2380 qui
530 2301 703 2378 prodebant,
716 2309 747 2358 et
759 2300 936 2380 legationem
950 2300 1195 2382 ementiebantur,
1214 2312 1244 2362 et
1257 2303 1314 2362 lar·

207 2393 365 2474 gitionibus
379 2394 651 2472 corrumpebantur,
672 2413 710 2452 an
729 2392 749 2452 ii
770 2395 821 2471 qui
842 2392 1044 2453 accusabant?
1065 2395 1089 2455 li
1102 2394 1249 2470 nimirum,
1264 2395 1313 2475 qui

206 2487 297 2548 totius
312 2487 414 2566 patriae
427 2486 580 2545 libationes
593 2485 752 2557 violabant,
767 2497 801 2547 ut
813 2498 856 2560 tu,
877 2495 908 2546 et
922 2506 981 2549 nou
995 2486 1088 2546 solum
1102 2487 1244 2567 privatas.

247 2580 300 2638 58.
321 2578 362 2636 Ut
375 2586 472 2636 autern
486 2577 586 2636 sciatis
599 2577 673 2636 istos
686 2597 746 2638 non
760 2597 861 2638 eorurn
877 2579 965 2638 modo
980 2579 1030 2656 qui
1043 2580 1160 2658 publice
1174 2601 1312 2660 unquam,

206 2668 261 2729 sed
275 2688 377 2730 eorum
391 2668 478 2728 etiarn
491 2669 542 2747 qui
560 2669 694 2748 privatim
716 2670 754 2729 ad
777 2670 944 2749 Philippum
963 2682 1117 2746 venerunt,
1137 2683 1225 2751 atque
1239 2674 1313 2736 adeo
1391 2675 1400 2698 ⁸

205 2762 372 2823 mortalium
391 2763 520 2822 omniurn
533 2764 725 2843 nequissimos
744 2772 774 2822 et
787 2763 1016 2844 improbissimos
1036 2766 1197 2840 exstitisse,
1217 2789 1313 2848 pauca

187 2919 190 2924 ,
207 2875 244 2916 ex
255 2875 302 2914 me
314 2855 423 2928 audite,
438 2875 505 2934 quae
518 2855 556 2915 ad
565 2856 643 2916 hanc
653 2856 831 2936 legationem
843 2856 915 2916 nihil
927 2857 1062 2917 attinent.
1084 2859 1218 2938 Olyntho
1227 2872 1314 2941 capta

205 2947 358 3031 Philippus
378 2947 519 3028 Olympia
532 2949 716 3009 celebrabat:
739 2949 821 3009 adid
838 2959 936 3010 autem
955 2951 1132 3010 sacrificium
1145 2963 1175 3011 et
1190 2955 1313 3015 celebri-

164 3097 177 3111 ,
205 3051 306 3116 tatem,
321 3059 423 3102 omnes
440 3041 566 3102 artifices
583 3053 787 3121 congregarat.
816 3042 899 3110 Quos
914 3063 982 3102 eum
1000 3044 1148 3124 exciperet
1167 3047 1314 3125 epulis,et

204 3134 330 3194 victores
343 3134 458 3195 coronis
473 3143 601 3205 ornaret,
614 3134 814 3215 interrogabat
822 3135 969 3216 Satyrum,
980 3135 1123 3194 comicum
1133 3137 1313 3214 histrionem,

204 3246 257 3287 cur
271 3227 390 3285 tandem
412 3226 492 3286 solus
510 3227 582 3286 nihil
600 3226 786 3306 postularet?
807 3247 877 3286 num
897 3229 927 3286 in
950 3247 983 3286 se
1004 3228 1116 3306 aliquas
1134 3229 1250 3304 sordes,
1265 3243 1315 3292 aut

101 3351 104 3354 ·
161 3353 170 3365 κ
206 3319 335 3396 aliquam
350 3318 438 3377 animi
456 3338 527 3396 erga
539 3319 634 3398 ipsum
653 3317 846 3388 efferationem
865 3318 1082 3398 perspexisset?
1111 3319 1313 3400 Respondisse

206 3409 289 3470 aiunt
299 3409 448 3490 Satyrum,
461 3429 527 3490 quae
537 3409 785 3488 aliirequirerent,
798 3431 898 3470 eorum
909 3410 964 3470 sibi
977 3411 1048 3469 nihil
1059 3426 1124 3470 esse
1137 3432 1231 3491 opus:
1246 3433 1312 3493 quae

204 3521 273 3563 vero
287 3502 350 3580 ipse
363 3501 667 3581 libenter'postularet,
682 3522 719 3562 ea
733 3502 870 3582 Philippo
884 3502 1002 3581 quidem
1017 3503 1088 3562 datu
1102 3523 1168 3564 esse
1182 3508 1312 3566 omnium

187 3595 352 3667 ‘facillima
366 3601 397 3652 et
408 3591 527 3666 donatu,
543 3594 595 3653 sed
612 3593 702 3654 vereri
716 3614 758 3666 se,
772 3613 810 3652 ue
825 3593 1035 3672 repudiaretur.
1059 3593 1137 3653 Cum
1151 3605 1249 3656 autem
1263 3597 1311 3658 ille

190 3689 301 3750 'dicere
316 3688 466 3770 jussisset,
481 3696 511 3747 et
524 3687 682 3767 juvenilins
702 3687 812 3766 aliquid
833 3685 1006 3758 addidisset,
1026 3707 1060 3746 se
1074 3687 1146 3746 nihil
1167 3708 1227 3750 non
1246 3685 1311 3750 esse

204 3781 361 3854 iacturum,
380 3780 568 3860 respondisse
590 3781 672 3840 illum
684 3781 793 3851 ierunt,
813 3780 1048 3860 Apollophanem
1072 3779 1238 3861 Pydnaeum
1259 3783 1311 3843 sibi

201 3876 294 3936 fuisse
307 3874 453 3954 hospitem
461 3883 492 3933 et
506 3874 648 3943 amicum
665 3893 724 3951 quo
738 3894 791 3952 per
800 3865 921 3942 insidias
935 3876 1072 3945 occisae
1090 3879 1228 3954 cognatis
1239 3879 1312 3958 ejus,-

201 3978 283 4028 metu
291 3969 460 4048 perterritis,
470 3967 574 4028 filiolas
585 3967 649 4046 ejus
659 3967 805 4044 puellulas
816 3967 1055 4047 Olynthum,quo
1065 3970 1189 4028 tutiores
1200 3980 1309 4041 essent,

162 4113 166 4122 .
203 4080 269 4121 esse
287 4053 405 4122 missas.
441 4062 493 4120 Ea
513 4079 604 4131 nunc,
624 4059 730 4139 inquit,
749 4069 917 4140 expugnata
940 4061 1022 4133 urbe,
1042 4071 1150 4139 captae,
1169 4081 1260 4141 penes
1284 4073 1311 4122 te
1372 4135 1374 4144 ,

203 4163 283 4224 sunt,
297 4157 385 4211 oetate
393 4157 455 4228 jam
468 4154 568 4214 nubili.
598 4152 662 4212 Eas
673 4171 691 4212 a
704 4161 733 4212 te
746 4149 824 4231 peto,
839 4163 871 4211 et
881 4171 986 4232 quaeso
1000 4162 1034 4211 ut
1043 4152 1116 4211 rnihi
1130 4152 1195 4212 des.
1232 4154 1311 4225 Quas

203 4247 228 4306 si
248 4244 319 4306 mihi
333 4243 457 4318 dederis,
472 4246 557 4323 quale
573 4263 681 4306 munus
700 4245 822 4304 daturus
839 4243 890 4315 sis,
911 4244 1012 4304 audire
1031 4254 1060 4305 et
1081 4233 1261 4325 cognoscere
1283 4257 1311 4307 te

201 4339 297 4400 velim.
320 4331 390 4404 Quo
401 4355 456 4416 ego
469 4337 542 4396 lucri
552 4338 623 4401 nihil
637 4338 753 4411 faciam,
765 4336 819 4399 sed
833 4357 884 4401 eas
898 4337 968 4397 dote
982 4335 1200 4410 dataelooabo,
1215 4359 1311 4418 neque

203 4429 395 4501 committam,
421 4437 455 4487 ut
483 4428 591 4507 aliquid
611 4430 764 4509 indignum
784 4431 831 4492 rel
851 4428 946 4501 nobis,
970 4429 1016 4492 rel
1043 4441 1124 4510 patre
1152 4431 1314 4514 patiantur(
