2932 4952
228 652 388 732 LlBANIl
430 651 735 734 ARGUMENTUM
775 653 1003 714 ORATIONIS
1042 633 1217 716 CONTRA
1258 657 1323 718 AN-

269 729 583 846 DROTIONEMi
551 747 667 826 MALE
689 726 971 804 ROGATARUM
978 747 1128 845 LEGUM
1152 750 1287 848 REUM.

262 900 321 972 Duo
339 905 432 954 luerunt
443 905 547 966 ,attens
563 913 672 962 senatus:
691 903 750 950 alter
769 909 906 964 perpetuus,
924 903 1112 966 Areopagitinus,
1128 905 1167 966 qui
1185 907 1215 953 de
1227 909 1324 956 naedrbus

230 979 373 1039 voluntariis,
385 989 409 1030 et
421 983 565 1038 vulneribus,
577 988 600 1028 et
610 981 662 1028 aliis
678 981 796 1028 similibus
807 981 876 1027 robus
885 981 1003 1040 judiearet
1011 996 1025 1027 ι-
1035 981 1155 1044 alter,-qui
1167 999 1243 1046 remp.
1259 986 1325 1032 adrni-

229 1055 345 1106 nistiaret.
362 1061 389 1106 Is
401 1059 523 1120 quotannis
534 1051 675 1115 muiabatur,
683 1075 713 1105 ex
727 1057 859 1118 quingentis
871 1057 930 1106 siris
941 1064 1060 1114 onustans,
1070 1059 1111 1120 qui
1123 1067 1202 1108 esseut
1213 1068 1283 1110 aetate
1293 1079 1326 1110 se·
1347 1122 1349 1130 γ

156 1133 162 1145 “
228 1136 328 1186 notoria.
345 1138 410 1198 Lege
426 1143 501 1184 autern
513 1136 626 1198 quadam
620 1151 647 1184 rs
653 1136 882 1197 senatuanbebstnr
892 1151 964 1184 novas
976 1135 1080 1184 terremus
1093 1135 1218 1185 labrloari.
1233 1142 1325 1204 qnod
1306 1159 1326 1188 nr

228 1211 333 1270 lenisset,
344 1229 384 1264 eos
400 1215 487 1262 donum
498 1230 512 1262 a
524 1214 610 1276 populo
622 1219 702 1274 petere
714 1213 795 1262 eadem
813 1213 853 1260 lex
868 1214 969 1262 vetabat.
987 1215 1056 1260 Nune
1073 1220 1159 1262 antem
1167 1232 1220 1262 nam
1238 1224 1327 1266 senatus

229 1289 336 1336 triremes
352 1307 397 1338 non
413 1291 517 1349 seuissat,
529 1291 654 1348 Androtio,
666 1307 705 1352 qur
698 1289 842 1352 'plebisoito
854 1287 959 1338 seu'atnns
971 1305 1056 1338 aurona
1067 1289 1169 1338 donari‘
1157 1302 1270 1353 jusserat,
1283 1295 1326 1342 uio-

229 1365 326 1414 latarum
339 1369 439 1434 legum.
427 1385 481 1416 rens
492 1369 577 1430 agitur.
606 1370 666 1418 Nam
680 1371 726 1416 duo
738 1385 790 1417 eum
807 1368 897 1416 inimioi
909 1375 1026 1423 accusant,
1038 1371 1151 1416 Enetemo
1164 1379 1187 1416 et
1205 1371 1327 1428 Diodorus,

230 1458 327 1502 qnorum
336 1447 377 1493 ille
382 1447 474 1508 priores
483 1463 559 1494 nauseo
569 1455 655 1509 partes,
666 1447 704 1494 hio
716 1445 858 1508 posteriores
860 1441 924 1506 agit,
932 1451 956 1492 st
965 1452 1059 1506 perorat
1068 1463 1161 1494 oausam
1170 1447 1213 1494 lrau
1220 1449 1328 1498 oratione.

231 1520 320 1569 Dienut
331 1523 408 1572 atrtem¹
419 1532 573 1580 annnsttores,
588 1525 685 1590 primum
703 1525 753 1575 siue
770 1523 907 1572 anctoritate
926 1531 1018 1570 senatus
1030 1525 1115 1572 laetum
1133 1541 1186 1572 esse
1204 1525 1340 1576 decretum.¹

230 1597 291 1644 Cum
309 1601 369 1648 eninr
381 1589 418 1648 leri
426 1604 527 1664 juberet,
546 1615 574 1648 na
585 1597 651 1662 prins
663 1603 692 1649 ad
703 1602 813 1664 populum
824 1601 925 1651 feremur
940 1601 1069 1658 decretum,
1087 1618 1155 1663 qnam
1162 1597 1263 1660 senatui
1278 1622 1329 1668 pro·
1337 1639 1339 1646 .

231 1674 311 1723 batum
321 1685 392 1735 esset,
399 1679 566 1727 Androtioneru
578 1685 659 1726 eontra
670 1695 719 1726 eam
728 1679 812 1740 legem,
823 1677 873 1724 sine
884 1677 995 1724 concilii
985 1693 1063 1738 Jnssn,
1070 1678 1189 1726 desuetum
1199 1680 1281 1728 hoead
1290 1698 1328 1743 po·

231 1751 311 1812 pulum
320 1755 435 1803 retulisse.
453 1757 544 1803 Deinde
555 1756 614 1818 Legi
624 1756 660 1802 illi
672 1771 723 1802 esse
735 1755 884 1809 eontrarium,
895 1769 947 1815 qnae
957 1761 1020 1802 vetet
1032 1763 1135 1803 senatum
1148 1771 1194 1804 uon
1211 1757 1280 1804 fantis
1291 1759 1329 1806 tri·

230 1829 334 1878 semibus
344 1838 423 1892 petere
432 1832 560 1895 praemium.
577 1831 602 1878 Si
614 1831 673 1878 enlm
687 1839 764 1894 petere
772 1831 803 1878 sit
814 1831 971 1887 interdictum,
984 1831 1064 1892 utique
1072 1849 1115 1878 nen
1126 1833 1183 1880 dare
1194 1843 1328 1883 eoncessum

233 1919 292 1952 esse.
315 1907 392 1969 Atque
403 1909 439 1954 bae
454 1911 519 1972 leges
531 1910 560 1956 ad
578 1924 627 1956 rem
645 1908 756 1955 attinent:
775 1907 875 1954 afferunt
886 1913 961 1953 autem
982 1914 1005 1954 st
1022 1916 1102 1956 eontra
1116 1925 1240 1972 personam
1261 1913 1331 1972 dnas;

232 1995 300 2027 unam
313 1982 342 2030 de
359 1985 512 2046 impudioitia,
530 1987 624 2034 alteram
642 1985 672 2031 de
684 1983 779 2031 aerariis.
802 1985 834 2031 Et
843 1989 959 2040 asserunt,
971 1982 1139 2032 Androtionem
1156 1994 1257 2048 utraque
1269 1990 1331 2050 igno-

232 2057 354 2106 miniosum
365 2077 426 2110 esse.
450 2065 545 2111 transt
556 2062 704 2124 prostituisse
716 2077 802 2122 eorpus
818 2075 893 2117 sunm,
904 2065 928 2106 et
939 2061 1016 2121 patrio
1031 2077 1077 2108 aere
1093 2062 1168 2110 alieno
1185 2079 1239 2111 esse
1251 2067 1332 2114 obstri-

152 2167 154 2172 .
233 2141 295 2182 utum
304 2136 449 2200 reipublicae.

548 2331 675 2396 nuruu
698 2283 1018 2389 insonandum.

250 2484 252 2501 ¹
267 2490 350 2538 Vsarr
361 2489 426 2536 luere
441 2487 588 2550 magistratus
599 2487 662 2548 npnd
678 2485 842 2534 Athenienses:
861 2501 962 2546 quorum,
971 2484 1012 2532 alii
1024 2488 1095 2538 sorte,
1107 2482 1146 2530 alii
1164 2485 1285 2546 suffragio,
1296 2489 1335 2536 alii

234 2567 327 2613 delectu
340 2569 484 2614 creabantur.
508 2567 584 2621 Sorte,
601 2565 641 2626 qni
656 2565 737 2612 sortito
747 2565 893 2626 legebantur,
906 2570 931 2609 ut
938 2563 1052 2626 judieesa
1064 2560 1184 2634 suffragio,
1196 2564 1237 2625 qui
1249 2567 1335 2626 populo

235 2645 383 2706 sull‘rrt'gante,
396 2652 421 2690 ut
432 2644 595 2706 imperatores:
613 2643 715 2698 delectu,
731 2641 771 2704 qui
785 2640 859 2702 deligi
871 2641 985 2696 solebant,
1002 2646 1027 2686 ut
1037 2638 1126 2685 ediles.
1152 2641 1253 2688 Senatus
1263 2644 1335 2708 igitur

234 2721 411 2783 quingentorum
424 2737 451 2766 ox
462 2721 498 2766 his
512 2727 563 2767 erat
580 2719 619 2781 qui
636 2727 699 2766 sorte
717 2719 861 2778 legebantur.
890 2717 1073 2777 Quingentoruru
1091 2721 1170 2761 antem
1183 2717 1290 2766 diximus
1307 2715 1334 2766 ad

234 2799 358 2846 discrimen
369 2797 570 2859 Areopagitarum.
605 2797 652 2854 Qui
664 2796 738 2842 tribus
756 2811 770 2842 a
786 2792 921 2840 seinvicem
937 2793 1008 2840 rebus
1024 2791 1125 2838 maxime
1143 2792 1333 2856 distinguuntur:

184 2884 187 2890 '
235 2891 307 2938 enque
319 2876 427 2936 primum,
442 2875 504 2934 qnod
516 2874 634 2936 quingenti
642 2872 738 2948 publiea
749 2871 843 2932 negotia
861 2871 981 2927 curabant,
991 2870 1142 2930 Areopagitae
1153 2873 1266 2934 capitalia
1280 2877 1337 2924 dnu-

233 2961 307 3002 ttxal.
336 2953 406 3012 Quod
418 2951 438 2998 si
450 2952 502 3013 quis
514 2952 586 3007 dieat,
602 2952 671 2998 etiarn
689 2949 844 3011 Areopagitas
860 2964 954 2994 curasse
969 2949 1072 3010 publiea,
1083 2951 1265 3011 respondemus,
1285 2969 1337 3001 eum

234 3032 335 3081 maxima
346 3030 473 3078 nenessitas
483 3029 615 3083 incidisset,
627 3043 667 3074 eos
677 3027 779 3090 publicis
790 3027 819 3072 de
830 3027 900 3072 rebus
916 3027 1060 3074 convenisse.
1087 3027 1192 3073 Alterum
1210 3029 1337 3078 discrimen

234 3120 279 3168 est,
292 3109 353 3172 quod
365 3113 458 3154 senatus
470 3106 645 3167 quingentorum
656 3106 700 3150 snb
714 3109 804 3150 'uertunt
816 3118 935 3179 nnmerum
948 3103 1018 3158 eadit,
1030 3104 1223 3164 Areopagitarum
1234 3106 1339 3155 incertus

234 3197 277 3237 est.
300 3190 333 3235 Ur
345 3186 405 3233 enim
418 3183 513 3246 qnidam
525 3183 629 3232 oratores
647 3182 737 3238 dieunt,
753 3180 875 3242 quotannis
887 3180 1016 3227 noremniri
1029 3181 1058 3227 iis
1069 3181 1229 3229 addebantur:
1247 3191 1274 3230 nt
1291 3185 1339 3240 alii,

235 3265 324 3314 sexviri
339 3265 460 3317 duntaxat,
471 3260 511 3323 qui
522 3260 551 3307 de
568 3259 714 3320 impudicitia
726 3257 869 3319 judicabunt.
891 3258 964 3304 Erant
975 3257 1047 3304 etalii
1058 3265 1114 3314 tres,
1130 3273 1190 3304 nuns
1201 3275 1339 3322 eponymns,

235 3346 301 3404 nujus
312 3339 400 3392 nomine
411 3339 463 3386 lasti
474 3339 639 3400 signabantur:
655 3338 713 3385 alter
724 3353 775 3393 rex,
787 3336 826 3396 qni
838 3351 901 3382 ourae
911 3334 1055 3396 pupillorum
1065 3342 1175 3396 praeerat,
1188 3343 1213 3383 et
1230 3338 1340 3386 violatum

234 3420 372 3481 religionem
390 3415 534 3464 vindicabat:
551 3415 634 3462 tertius
645 3413 816 3475 polemarchns,
828 3412 869 3473 qni
880 3427 930 3459 rena
942 3413 1049 3460 bellinum
1061 3411 1246 3461 administrabat.
1278 3416 1299 3462 T
1301 3419 1339 3462 he·

235 3496 356 3547 srnothetaa
365 3509 447 3540 anunm
456 3495 568 3540 duntaxat
576 3492 711 3554 magistratu
720 3491 881 3551 iungebantur,
890 3503 958 3550 quem
969 3489 1102 3552 priusquam
1110 3489 1205 3546 inirent,
1216 3491 1240 3538 in
1249 3509 1341 3541 ornnem

235 3591 315 3625 eornm
328 3565 398 3621 vitam
408 3576 536 3618 anteuolans
545 3561 713 3632 inquirebatur,
724 3569 763 3629 qni
775 3568 830 3614 siin
842 3567 949 3614 omnibus
961 3567 1045 3628 integri
1059 3567 1274 3628 comperiebantnr,
1288 3587 1342 3618 euru

235 3650 488 3712 unnnmimperabaut3
507 3655 569 3708 post,
588 3645 825 3703 linitoanno,iternm
843 3645 872 3691 de
884 3643 1041 3704 eisJudioinm
1059 3645 1144 3702 tiebat;
1162 3647 1228 3707 qnod
1247 3648 1268 3694 si
1286 3665 1343 3697 eou-

234 3715 318 3789 sialmt,
331 3743 372 3778 eos
387 3744 416 3776 eo
430 3741 521 3789 quoqne
533 3733 637 3787 tempore
655 3727 725 3788 probe
737 3725 828 3770 lunatos
840 3723 924 3779 offioio,
939 3723 964 3770 in
976 3730 1081 3770 senatum
1092 3723 1255 3785 allegabantur
1267 3727 1344 3774 Areo·

228 3767 364 3874 *pugilatum
376 3805 487 3870 (quorum
497 3803 541 3848 buo
559 3802 589 3848 de
600 3815 671 3849 oense
686 3807 764 3849 eertns
783 3816 829 3848 nnn
848 3807 897 3847 erat
913 3798 1064 3863 numerus)'
1044 3815 1080 3847 sm
1092 3801 1152 3847 male
1164 3816 1190 3848 se
1203 3804 1344 3862 gessissent,

235 3887 395 3952 ejiciebantur.
415 3880 520 3930 Tertium
532 3877 657 3926 discrimen
668 3886 713 3935 est,
725 3879 788 3940 quod
799 3877 976 3940 quingentorum
994 3878 1084 3952 senatui
1094 3879 1219 3938 quotannis
1229 3885 1347 3932 suueede·

235 3967 312 4020 betur,
329 3945 479 4023 Areopagitis
497 3971 644 4005 snouessores
659 3971 705 4002 non
715 3957 836 4003 dabantur.
865 3955 917 4002 Nisi
928 3956 981 4018 quis
993 3956 1054 4002 enirn
1071 3956 1174 4018 g'runiter
1190 3959 1347 4022 deliquisset,

236 4057 281 4089 uon
293 4039 437 4100 ejiciebatur,
446 4037 500 4098 qnia
513 4051 568 4084 uero
585 4033 730 4096 propositum
747 4033 813 4080 nobis
825 4039 869 4090 est,
889 4049 934 4079 non
954 4034 984 4080 de
997 4033 1154 4094 Areopagitis,
1170 4035 1213 4082 ser'.
1232 4038 1264 4084 de
1278 4037 1347 4099 quio-

237 4115 313 4180 gentis
322 4113 446 4170 disserere,
454 4112 639 4175 ooguosuendum
648 4116 693 4166 est,
701 4125 747 4171 qno
755 4103 824 4173 paeto
835 4109 976 4172 imperarint.
993 4109 1126 4166 Sciendum,
1138 4125 1184 4156 non
1198 4123 1349 4175 supputatos

235 4210 289 4244 esse
301 4193 432 4240 meusesab
448 4189 628 4237 Atheniensibus
640 4189 668 4235 ad
681 4189 746 4244 solis,
763 4194 788 4234 nt
804 4191 819 4233 a
835 4188 912 4243 nobis,
924 4188 966 4242 sed
983 4189 1013 4234 ad
1026 4188 1087 4234 lnure
1105 4203 1209 4236 sursum.
1239 4193 1305 4240 Ne‘ns
1327 4191 1350 4240 si

237 4272 311 4318 solam
326 4267 507 4329 «postestates
523 4281 595 4312 annus
606 4265 656 4312 dies
669 4279 809 4321 occ.r.x.v.;
829 4264 889 4310 uude
899 4263 931 4319 fir,
943 4269 969 4310 ut
979 4263 1065 4320 mensis
1078 4264 1226 4314 lrabeat'dies
1236 4269 1349 4317 tdoeuos

237 4349 383 4396 ettrieuteru.
396 4342 547 4390 Deeiesenim
558 4357 614 4392 xxx
625 4342 772 4393 iaoiuntccc.
784 4342 825 4388 Bis
835 4357 888 4388 xxx
899 4342 986 4389 iaciunt
995 4359 1037 4390 ιι.
1049 4343 1148 4390 Restant
1156 4361 1180 4391 v.
1191 4341 1351 4396 Triensdno·

238 4423 325 4470 denarii
344 4426 380 4468 est
391 4419 519 4480 quaternio.
541 4419 655 4480 Reliquus
666 4425 702 4466 est
714 4419 844 4478 unnsldles.
860 4418 936 4467 Unius
948 4420 995 4468 diei
1005 4435 1058 4483 pars
1068 4421 1209 4470 dnodeeimu
1220 4433 1279 4472 sunt
1290 4426 1350 4474 dan.
