2946 4954
541 281 871 350 'ARGUMENTUM.
900 323 904 334 .
1203 287 1263 352 223
1289 319 1292 324 ι

171 446 240 492 batur
251 440 318 505 prius
329 439 417 490 crimen
428 441 458 490 de
469 431 640 492 Phoceusibus.
652 446 712 492 idme
724 449 752 491 et
758 445 809 492 brec
820 432 954 505 ιιςιιιιιιίο
961 437 1168 504 “ιιιιι,ἱιιιιιὶι,ἱ11ι
1177 457 1272 507 cumps·

171 529 220 568 rata
230 526 256 568 et
263 520 379 566 instructu
388 534 584 581 essm—perque
595 519 666 568 simul
674 520 745 567 etism
755 519 818 567 tollit
828 519 1092 582 AEscbiuiscoloreurad
1103 521 1272 582 ignorationem

172 603 196 643 et
207 595 397 660 deprecationem
409 593 610 654 confugienti&
622 601 692 656 atque
708 603 893 656 argumentorum
906 596 952 644 alia
964 612 993 644 ex
1004 597 1177 659 praetermissis,
1185 596 1273 646 uliares

172 673 240 720 lactis
249 670 327 735 petiit.
340 672 408 731 Quod
421 671 560 732 snd'rsgatns
570 672 639 718 fucrit
648 671 786 728 Philocrati,
796 687 877 734 pacem
888 673 937 720 siue
950 674 1110 722 Phoceusibus
1121 673 1256 722 decernenti
1267 690 1273 719 ε

135 743 142 749 ’
171 751 233 810 quod
243 763 289 794 uon
299 747 406 808 exegerit
415 748 575 808 jusjurandum
587 747 740 803 a'l'hassslis,
751 748 857 808 Philippi
870 748 948 804 sociis,
961 750 1000 810 qui
1012 765 1057 797 nou
1069 751 1272 798 militassent'cou-
1308 755 1317 771 ⁰

172 834 208 876 tra
220 827 366 880 Phocenses,
377 826 397 872 si
411 825 575 885 jusjurandum
585 825 720 873 dedissent:
739 826 801 885 quod
814 825 917 886 spetlum
926 815 1041 889 Philippo*
1050 827 1175 888 praebuerit
1186 828 1272 874 instro·

173 906 240 952 endse
251 911 332 952 coutrs
347 903 483 950 Phocenses
494 902 662 964 expeditionis,
673 907 839 950 commoratum
850 902 911 950 euim
922 901 995 958 inisse
1006 897 1036 950 de
1047 904 1171 960 industria,
1183 912 1207 951 et
1217 920 1273 951 con·

174 983 303 1044 sumpsisse
315 987 418 1042 tempus,
429 995 457 1025 ue
468 980 538 1050 misse
554 979 631 1026 claise
643 979 745 1040 pupulus
756 979 828 1040 Pylas
845 979 975 1026 clsudsrets
993 981 1056 1042 quod
1067 980 1188 1041 deceperit
1196 995 1272 1042 popu·

176 1058 222 1108 lum
235 1058 288 1104 dats
299 1073 370 1118 opera
388 1055 478 1117 duplici
490 1071 540 1116 spe,
551 1070 605 1110 nus,
615 1056 665 1102 lore
677 1062 702 1101 ut
712 1055 817 1102 'l'hebsni
827 1055 989 1116 perderentur,
1006 1057 1087 1111 alters,
1104 1063 1130 1103 ut
1142 1056 1272 1114 Phocenses

74 1176 82 1191 ,
175 1141 375 1188 conservarentur,
390 1148 418 1180 ns
436 1132 536 1194 spatium
547 1133 642 1178 daretur
659 1130 689 1178 da
705 1131 864 1178 incolumitate
883 1132 1037 1182 Phocensiuru
1053 1133 1205 1190 deliberandi,
1221 1149 1273 1182 curu

173 1210 283 1265 dixisset,
294 1209 363 1256 tidem
376 1209 504 1255 habendam
520 1223 573 1254 csse
588 1207 707 1269 Philippo,
720 1207 760 1268 qui
778 1223 803 1255 se
815 1207 864 1255 lllis
879 1207 1017 1269 inermium
1035 1216 1120 1257 nostrus
1132 1210 1196 1258 urbis
1210 1205 1272 1259 vella

174 1301 272 1347 peccem
282 1283 439 1347 piomisissst.
449 1284 485 1331 Ac
492 1284 575 1345 prioris
581 1284 715 1345 questionis
727 1285 777 1330 brec
787 1291 923 1346 argumenta
932 1291 986 1332 sunt
994 1303 999 1332 :
1008 1287 1144 1349 posterioris
1151 1293 1236 1343 antam,
1243 1289 1277 1334 de
1340 1327 1343 1332 .

173 1362 348 1425 largitionibus,
359 1363 415 1410 dum
427 1363 530 1408 ostendit
539 1361 660 1422 accepisse
672 1361 807 1410 AEscbiuem
818 1362 950 1420 pecuniam,
961 1363 1012 1409 baec
1022 1371 1163 1425 argumenta,
1177 1379 1275 1426 quor-mn

172 1441 228 1488 item
239 1439 285 1486 sliu
295 1457 309 1486 e
320 1438 483 1499 pretermissis
494 1438 568 1500 petita
579 1445 641 1495 sunt,
652 1438 697 1485 alis
709 1453 722 1484 e
732 1438 810 1484 fectis.
821 1439 876 1486 Nou
883 1437 942 1492 odit,
953 1439 1038 1500 inquit,
1047 1441 1190 1504 Philippum,
1202 1457 1275 1503 quau·

174 1532 242 1578 qnam
260 1518 288 1563 eb
300 1531 328 1563 eo
341 1517 462 1577 deceptus,
473 1522 499 1561 ut
511 1515 558 1561 ait:
576 1514 733 1576 patrocinetur
745 1520 781 1562 est
792 1514 915 1576 Philippo,
927 1521 952 1560 ut
963 1515 1105 1576 Amphictyo
1120 1517 1194 1574 fieret,
1202 1535 1274 1580 quum

175 1609 203 1640 ea
214 1593 243 1640 de
253 1607 279 1640 re
288 1591 427 1654 legationem
441 1592 485 1639 lruc
496 1591 614 1640 misissent
626 1591 823 1653 Amphictyones:
842 1597 959 1653 perpetua
970 1591 1137 1640 cousuetudine
1145 1593 1273 1642 'Philocra-

175 1668 205 1718 tis
215 1668 297 1724 utitnr,
309 1667 415 1728 corrupti
426 1667 605 1729 lurgitiouibus:
622 1669 755 1729 postulatus
767 1668 932 1715 addicendum
948 1669 1113 1726 testimoniam,
1124 1685 1177 1717 curn
1189 1657 1274 1732 Hype-

174 1745 238 1794 rides
248 1741 405 1794 Philucrstcm
415 1743 549 1810 detulisset,
558 1747 687 1805 qumquem
695 1759 810 1806 praesens,
822 1759 849 1792 os
858 1760 904 1792 nou
914 1746 1005 1805 speruit
1017 1762 1024 1791 t
1043 1753 1133 1794 crsstn's
1147 1748 1239 1808 legetur
1248 1748 1276 1798 in

175 1823 304 1871 Phocidem
316 1820 490 1883 adPlrilippuur
498 1823 528 1868 ds
538 1819 748 1882 pollicitationibus
755 1822 881 1877 limandis,
889 1831 1002 1882 aegrotare
1014 1838 1039 1870 sa
1052 1823 1182 1880 simulavit:
1200 1823 1275 1886 captis

176 1899 338 1947 Phocensibus
347 1903 403 1959 post
412 1896 572 1957 ejurationem,
581 1897 643 1942 ultro
654 1896 703 1942 siue
712 1897 850 1944 anctoritate
860 1899 955 1956 publicu
966 1904 1003 1947 est
1011 1900 1140 1959 protectus,
1151 1915 1196 1962 quo
1205 1901 1275 1950 etiam

175 1970 281 2038 tempora
296 1990 380 2023 carere
398 1990 451 2020 eum
469 1974 598 2034 oportebat.
618 1973 679 2018 Haec
690 1977 825 2033 argumenta
841 1978 896 2018 eunt
907 1973 1016 2020 secunde
1031 1975 1152 2022 cretionis.
1171 1977 1276 2025 luteres
1306 1989 1309 1994 “

176 2058 253 2099 antem
262 2052 417 2099 firmissimum
429 2056 475 2106 est,
487 2065 579 2110 quoquc
590 2048 691 2095 maxime
704 2047 792 2104 nititur,
800 2046 922 2108 promissio
931 2055 956 2095 et
963 2049 1101 2109 pollicitatio
1109 2051 1276 2111 AEschinis,dc

73 2183 80 2190 ,
176 2127 294 2176 Thebsuis
303 2133 327 2174 et
344 2125 513 2172 Phoceusibns.
530 2125 699 2185 Argumentum
709 2122 821 2170 orationis
832 2123 989 2188 conjeclprale
1000 2128 1053 2182 esl3
1069 2139 1144 2186 neque
1155 2127 1218 2174 euim
1229 2129 1277 2176 cri.

175 2204 239 2251 urina
249 2205 334 2252 latetur
341 2200 474 2257 Etouissa,
484 2201 527 2248 sed
539 2200 633 2248 omniuo
641 2205 719 2260 negat.
727 2200 811 2246 Gaura·
823 2212 896 2260 genus
901 2199 945 2246 alii
956 2198 1056 2260 simplex
1063 2207 1155 2262 putent,
1162 2211 1188 2250 st
1195 2205 1276 2266 copto·

176 2296 227 2328 sam
237 2280 261 2328 iu
271 2295 316 2327 nuo
327 2277 550 2337 crimineprcbaudo
560 2275 704 2324 concurrisse
714 2275 847 2324 materiam:
862 2275 902 2322 alii
911 2275 980 2336 simul
988 2276 1117 2322 confirmsri
1125 2279 1172 2326 duc
1180 2279 1277 2330 crimina

176 2364 288 2411 statuunt,
299 2371 370 2403 unum
377 2355 511 2410 Phocensc,
521 2355 618 2400 alterum
629 2353 768 2400 Thraceuse.
782 2350 910 2402 Menander
918 2359 995 2399 sutem
1006 2352 1132 2412 incidentia
1141 2363 1217 2403 vocat.
1228 2358 1277 2406 Ex·

177 2436 269 2484 ordinm
279 2440 396 2494 sumptum
405 2439 442 2480 est
452 2431 594 2479 acslumuia.
606 2431 668 2478 Dum
677 2429 738 2476 enim
748 2428 915 2485 adversarium,
927 2427 1033 2476 timidum
1043 2436 1067 2477 et
1074 2431 1201 2492 supplicem
1211 2433 1276 2491 lacit,

176 2513 264 2560 indicat
274 2509 327 2558 eom
336 2513 405 2556 causa
413 2520 494 2571 parum
502 2521 554 2556 esse
564 2508 657 2556 fretum.
669 2505 743 2554 Simul
751 2507 819 2554 etism
829 2507 857 2554 ad
870 2507 948 2554 odium
957 2505 1117 2554 concitandum
1127 2511 1277 2558 succulentis

176 2590 294 2652 pertinere
305 2591 393 2648 potest,
402 2602 448 2647 qno
459 2586 537 2632 stetim
548 2591 600 2632 tum·
606 2584 775 2639 advenariurrl,
783 2589 833 2629 tum
845 2590 956 2644 patronos
967 2581 1103 2639 sdv'ersarii,
1114 2591 1140 2630 ut
1152 2585 1276 2644 Eubulum,

176 2674 201 2714 st
217 2668 269 2727 ejus
286 2663 420 2717 familiares,
435 2661 578 2724 perstringit.
605 2662 703 2722 Serbper
724 2661 788 2708 euim
804 2659 912 2708 llrdrulns
932 2659 1030 2706 inlectus
1052 2660 1101 2708 luit.
1112 2662 1278 2719 Demosticui,

177 2735 275 2807 propter
284 2732 371 2788 crimen
379 2738 438 2790 illud
449 2737 590 2793 Aristarchi,
599 2741 625 2784 ut
633 2751 664 2784 ex
676 2735 782 2790 cretione
792 2734 899 2784 Midiaus
909 2734 1069 2810 cognorimus.
1120 2767 1122 2770 v

459 3142 464 3152 ’
505 3176 947 3272 numosurrmsrs

257 3423 261 3432 ·
323 3408 421 3524 on
448 3354 590 3484 MALE
617 3407 781 3484 cesus
808 3403 1103 3482 suessione
1136 3432 1138 3440 ‚
1224 3435 1227 3442 «

630 3596 828 3662 ORATIO.

187 3797 196 3814 r
222 3766 249 3822 l.
272 3762 416 3831 Quium
430 3759 460 3818 in
479 3758 536 3822 boc
550 3754 662 3836 judicio
686 3756 872 3816 contentione
893 3753 1198 3824 utantur.adrersarii,
1213 3756 1278 3832 qui-

175 3857 234 3916 bus
243 3853 526 3934 prehensationibus,
537 3849 744 3920 Athenienses,
758 3849 818 3908 sere
833 3867 935 3908 omnes
947 3867 1000 3906 ros
1011 3846 1133 3905 arbitror
1146 3846 1277 3918 animad-

177 3949 314 4019 vertisse,¹
328 3965 397 4004 cum
421 3944 509 4023 paulo
533 3949 601 4001 ante
622 3940 761 4006 rideretis
786 3939 942 4019 quosdam,
955 3939 1025 3998 dum
1040 3937 1221 4012 sortiremini,
1235 3941 1279 4002 ta-

177 4059 294 4105 eesscrc
308 4037 457 4118 negotium
472 4047 502 4096 et
514 4033 679 4114 supplicare
694 4033 794 4092 vobis:
816 4042 916 4110 pctsm
930 4038 1029 4088 autem
1048 4027 1160 4088 avobis
1171 4082 1174 4090 i
1185 4031 1277 4120 omni·

176 4137 232 4196 bus
250 4147 295 4205 ea,
309 4151 376 4211 qnae
400 4129 488 4190 etiam
510 4147 570 4188 non
593 4125 763 4204 rogantibus
786 4121 919 4202 prestari
938 4129 1124 4197 estaequum,
1138 4131 1279 4198 utusque

177 4228 304 4308 gratiam
317 4225 419 4294 ullam,
430 4242 524 4300 neque
540 4221 632 4282 virum
643 4218 735 4298 pluris
748 4214 870 4284 sociatis,
884 4231 973 4290 quam
986 4211 1165 4290 nequitatem,
1175 4223 1205 4272 et
1212 4212 1278 4288 jus-

68 4387 71 4392 ,
171 4319 344 4396 jurandum,
361 4336 421 4395 quo
434 4333 511 4374 unus
525 4312 652 4391 quisque
666 4318 795 4372 vestrum
809 4305 879 4364 dato
902 4303 961 4390 huc
974 4316 1021 4364 est
1043 4303 1209 4383 ingressum
1231 4301 1279 4364 rel

175 4413 233 4474 hac
256 4412 294 4472 de
309 4428 412 4481 cause,
425 4407 506 4488 quod
520 4405 608 4466 hucc
625 4421 656 4488 re
671 4411 768 4462 vestre
781 4407 836 4467 cst,
852 4405 884 4456 et
896 4396 987 4458 totius
1001 4395 1136 4463 civitatis,
1153 4393 1278 4454 advoca·
