2946 4954
412 279 468 380 ιιι
488 275 604 382 mats
624 276 757 346 euers
779 195 1032 398 insaniora
1214 281 1284 394 ιιι
1328 245 1332 255 “
1382 327 1384 334 -

175 433 265 497 65.
285 433 493 516 Indignabitur
506 449 604 508 autem
617 438 726 513 statim,
730 448 775 500 ιιι
787 458 845 518 ego
859 392 990 512 audio,
968 456 993 496 ιι
1013 391 1068 494 soli
1083 433 1137 494 sibi
1149 433 1273 524 popula-

105 543 108 550 ·
176 529 259 588 rium·
263 538 424 603 oratorum,
437 533 590 592 verborum
613 534 687 594 ratio
711 531 862 592 reddenda
887 532 933 590 sit.
975 529 1042 608 Ego
1064 547 1134 588 vero
1157 545 1275 605 aequum

175 639 250 699 ¹esse,
264 631 299 680 nt
312 640 414 681 ornnes
428 635 526 682 eorum
549 625 616 702 qtae
637 623 785 696 dicant,
762 644 786 682 sr
800 632 918 702 propter
931 630 1088 699 argentum
1101 611 1215 690 dicunt,
1228 639 1275 678 ra-

176 713 286 772 tionem
313 712 448 784 reddant,
462 715 702 793 praetermittam:
725 716 779 775 sed
800 715 872 774 illud
893 713 969 774 dico.
1012 715 1044 772 Si
1065 713 1230 784 AEschines,
1245 722 1279 770 ut

177 802 267 866 hoino
281 823 379 863 rerum
394 806 557 884 imperitus,
571 807 832 878 deliravitalicubi,
853 815 885 865 et
903 806 1057 866 frustratus
1073 816 1128 876 ost,
1142 825 1180 864 ne
1195 791 1286 864 seve-⁸

89 913 98 922 ·
176 895 236 954 rius
255 895 402 973 inquirite,
427 899 481 958 sad
505 899 625 960 missum
652 900 751 968 facite,
777 899 891 960 veniam
916 899 1004 958 date:
1034 898 1080 958 sin
1100 898 1277 976 legationem

177 987 288 1059 obiens,
301 997 423 1067 accepta
435 991 569 1067 pecunia,
584 991 621 1050 de
635 991 779 1051 industria
791 1011 844 1050 vos
859 990 972 1063 fefellit,
989 1010 1026 1050 ne
1048 989 1209 1061 absolvite,
1223 1010 1277 1050 ne·

175 1097 234 1154 que
248 1078 390 1138 admittite
403 1079 487 1152 illud,
497 1101 599 1161 prenae
612 1086 767 1143 verborum
780 1103 841 1142 non
854 1102 920 1143 esse
931 1081 1054 1143 dandas.
1090 1073 1185 1161 Gujus
1199 1075 1277 1141 enim

131 1183 139 1195 ·
176 1169 296 1228 alterius
310 1171 361 1240 rei,
372 1188 460 1249 quam
473 1175 628 1234 verborum
632 1175 723 1253 ,ἰιιιίο
738 1194 756 1233 a
769 1174 875 1254 legatis
889 1174 1071 1254 reposcenda
1084 1173 1149 1234 esti
1171 1165 1288 1252 Neque

177 1262 256 1322 enim
277 1262 383 1340 legatis
398 1266 620 1330 comotittuntur
634 1266 774 1340 triremes,
789 1277 840 1326 aut
852 1267 928 1339 loca,
941 1276 992 1326 aut
1008 1265 1152 1345 legiones,
1167 1277 1218 1326 aut
1231 1286 1278 1326 ar-

176 1369 236 1416 cea
277 1355 386 1416 Nemo
396 1357 459 1418 hoec
483 1358 589 1437 legatis
605 1359 705 1432 tradit,
730 1357 782 1420 sed
805 1361 895 1428 verba
916 1371 946 1419 et
967 1371 1109 1462 tempora.
1151 1359 1277 1426 Quod'
1254 1379 1278 1419 ιι

177 1448 348 1527 reipublicae
362 1456 495 1527 tempora
508 1470 566 1510 non
581 1451 739 1531 praeripuit,
752 1472 811 1511 non
824 1452 968 1531 peccavit,
981 1451 1027 1510 sin
1033 1451 1197 1530 praeripuit,
1208 1472 1280 1544 pec-¹
1332 1480 1333 1486 ι

177 1539 273 1599 cavit.
295 1541 385 1598 verba
397 1551 494 1600 autem
509 1543 534 1600 si
544 1562 613 1602 vera
623 1545 815 1618 renunciavit,
829 1555 882 1604 aut
894 1543 987 1616 utilia,
1002 1543 1217 1617 absolvatur,
1194 1565 1239 1615 sm
1248 1556 1280 1605 et

177 1631 263 1706 falsa,
283 1646 314 1693 et
331 1644 496 1711 corruptus,
511 1645 541 1720 et
560 1635 684 1707 inutilia,
699 1646 844 1696 teneatur.
888 1636 978 1695 Nulla
999 1635 1076 1694 enim
1099 1655 1131 1695 re
1149 1637 1279 1740 populus

177 1724 246 1783 lredi
261 1725 377 1803 gravius
396 1735 505 1804 potest,
519 1745 624 1803 quam
632 1728 784 1786 audiendis
798 1728 968 1788 mendaciis
1011 1730 1143 1795 Quorum
1157 1728 1235 1787 enim
1249 1728 1280 1787 in

180 1816 275 1874 verbis
290 1817 348 1874 sita
361 1826 408 1876 est
427 1817 601 1897 respublica,
614 1839 674 1897 quo
691 1829 779 1925 paeto
794 1821 818 1878 si
831 1839 867 1880 ea
885 1839 955 1880 vera
968 1839 1026 1880 non
1041 1829 1118 1892 sunt,
1132 1829 1197 1880 tuto
1217 1821 1281 1898 geri

178 1915 279 1986 potest
291 1907 473 1987 respublica?
509 1910 640 1975 Quod
618 1930 642 1968 ιι
659 1911 724 1989 quis
745 1912 866 1992 insuper
884 1931 920 1972 ea
938 1931 1006 1990 quae
1024 1912 1155 1971 hostibus
1168 1907 1282 1973 condu-

178 2010 259 2069 cant,
275 2010 398 2080 accepta
411 2001 552 2062 mercede
560 2002 649 2074 dicat,
663 2022 700 2061 an
714 2023 774 2062 non
788 2005 914 2063 etiamin
925 2022 1032 2081 magno
1042 2005 1170 2082 periculo
1179 2004 1281 2066 eritis?

179 2091 285 2170 Neque
301 2093 389 2151 ctiam
405 2091 530 2152 eadem
523 2094 629 2174 injuria
648 2104 704 2167 est,
718 2105 853 2175 tyranno,
868 2106 920 2154 aut
933 2095 1100 2174 oligarchiae
1122 2097 1278 2201 preripere

180 2183 324 2263 tempora,
335 2205 400 2262 quae
413 2185 511 2246 vobis:
532 2206 627 2265 neque
640 2207 743 2266 parum
762 2189 892 2248 interest.
934 2188 969 2247 ln
990 2187 1047 2248 illis
1061 2188 1139 2246 enim
1153 2188 1279 2269 imperiis

179 2277 282 2340 omnia
295 2295 331 2336 ex
344 2277 441 2336 edicto
454 2277 585 2338 celeriter
603 2277 692 2339 flunt·
713 2279 793 2358 apud
807 2299 858 2339 vos
873 2286 971 2338 autem
985 2278 1128 2357 inprimis
1143 2279 1181 2338 ad
1194 2299 1281 2339 sena·

179 2379 242 2428 tum
258 2370 357 2432 omnia
370 2369 533 2442 referenda,
550 2382 581 2430 et
596 2373 681 2431 abeo
699 2373 886 2432 decernenda
909 2380 996 2438 sunt;
1017 2369 1107 2449 idque
1124 2365 1281 2448 duntaxat,

181 2481 255 2538 cum
267 2461 451 2541 praeconibus
477 2473 508 2523 et
530 2463 725 2542 legationibus
750 2465 928 2544 adscriptum
948 2463 1045 2536 fuerit,
1067 2482 1126 2523 non
1150 2453 1281 2544 semper}

181 2553 289 2622 deinde
302 2553 460 2616 indicenda
474 2556 587 2629 concio,
611 2577 703 2635 eaque
723 2567 855 2636 tempore
878 2557 992 2635 legibus
1018 2549 1195 2627 constituto;
1215 2568 1285 2636 post

181 2646 320 2706 vincendi
341 2656 371 2716 et
394 2648 550 2726 superandi
565 2660 635 2710 sunt
648 2649 684 2709 iis
699 2649 749 2728 qui
763 2649 923 2710 rectissime
942 2648 1111 2720 consulunt,
1125 2648 1168 2708 illi
1182 2650 1283 2728 quiex

178 2741 308 2812 inscitia,
322 2751 374 2799 aut
391 2761 428 2800 ex
445 2742 629 2818 improbitate
649 2744 857 2812 adversantur:
880 2753 950 2822 post
971 2744 1036 2802 haec
1057 2752 1156 2803 autem
1176 2745 1284 2816 omnia,

180 2852 251 2890 cum
260 2837 322 2907 J'am
335 2843 365 2892 et
378 2833 527 2892 decretum
542 2832 650 2913 aliquid
665 2836 759 2908 suerit,
770 2837 872 2915 etjam
886 2834 1069 2895 conducibile
1083 2853 1149 2893 esse
1160 2835 1284 2905 videtur,

182 2924 310 3002 spatium
325 2925 455 2984 dandum
469 2935 515 2985 est
534 2927 727 2986 multitudinis
744 2927 891 2998 tenuitati,
914 2927 943 2985 in
964 2946 1023 3004 quo
1044 2945 1081 2985 ea
1104 2937 1284 3018 comparent,

182 3035 306 3094 quorum
320 3017 463 3095 indigent,
476 3029 509 3075 ut
528 3017 645 3078 decreta
665 3019 752 3078 etiam
772 3019 893 3096 exsequi
906 3018 1031 3097 possint.
1075 3016 1158 3085 Qui
1150 3010 1238 3094 agitur
1251 3037 1287 3076 ea
1368 3051 1371 3056 ·

105 3170 111 3182 ,
179 3117 314 3186 tempora
323 3109 461 3168 sustulit
454 3129 484 3168 ιιι
496 3108 558 3182 tali,
572 3110 666 3188 qualis
676 3111 756 3190 apud
769 3129 820 3170 vos
838 3120 893 3183 est,
913 3108 1093 3188 republica,
1086 3128 1110 3166 rs
1135 3126 1194 3168 non
1213 3117 1285 3168 tem·

180 3219 256 3281 pora
269 3201 398 3274 sustulit,
414 3221 486 3274 non,
501 3202 574 3262 sed
566 3222 645 3282 ipsas
660 3203 789 3263 actiones
799 3204 886 3282 plane
901 3202 983 3262 vobis
998 3199 1113 3279 eripuit.
1185 3213 1196 3221 ’

225 3293 276 3350 56.
298 3293 361 3353 Etsi
383 3304 480 3352 autem
499 3293 527 3352 in
541 3304 677 3374 promptu
688 3304 734 3356 est
747 3295 884 3372 quaedam
897 3294 943 3366 iis,
953 3294 1002 3372 qui
1015 3311 1066 3352 vos
1079 3292 1214 3371 decipere
1233 3313 1285 3378 vo·

182 3387 261 3456 lunt,
285 3385 419 3444 omnibus
443 3387 555 3446 oratio:
577 3387 619 3446 illi
641 3387 695 3465 qui
714 3388 860 3447 civitatem
884 3387 1014 3458 turbant,
1038 3386 1088 3464 qui
1117 3383 1285 3465 Philippum

181 3477 355 3558 reipublice
367 3478 542 3538 benefacere
561 3479 753 3559 prohibent,
746 3480 781 3538 ris
801 3490 899 3538 tamen
921 3499 978 3558 ego
999 3473 1071 3537 nihil
1092 3479 1286 3557 respondebo,

183 3570 239 3632 scd
254 3571 353 3631 literas
366 3559 450 3630 vobis
464 3570 594 3674 Philippi
607 3572 718 3650 legam,
730 3582 760 3630 et
773 3581 905 3651 tempora
916 3567 1041 3650 singula,
1050 3571 1156 3649 quibus
1170 3570 1285 3662 decepti

182 3661 268 3732 estis,
285 3660 417 3740 redigam
440 3661 553 3720 vobis·
530 3681 577 3720 ·m
595 3663 782 3723 memoriam:
805 3673 837 3722 ut
852 3663 960 3736 sciatis,
983 3663 1123 3741 frigidum
1141 3649 1228 3719 illud
1234 3681 1286 3722 no·
1305 3657 1307 3660 ’

183 3771 255 3814 men
273 3753 311 3812 ad
334 3752 485 3816 fastidium
506 3773 599 3835 usque
622 3754 777 3833 repetitum
801 3755 981 3836 decipiendis
1004 3756 1087 3815 vobis
1108 3753 1191 3812 illum
1215 3772 1287 3814 con·
1352 3747 1357 3758 “

184 3846 357 3925 sumpsisse.
1103 3869 1106 3874 ·
1250 3869 1252 3876 ·

513 4035 518 4046 “
550 4063 709 4126 irruam
731 4067 939 4156 Ριιιιιιιι

229 4234 278 4290 57.
300 4231 398 4291 Cum
390 4231 479 4310 igitur
488 4241 548 4292 tam
563 4234 668 4312 turpia,
683 4244 744 4294 tam
755 4233 860 4306 multa,
874 4231 972 4292 omnia
982 4232 1110 4311 denique
1121 4242 1224 4294 contra
1236 4250 1290 4290 vos
1313 4309 1316 4318 A

183 4327 217 4386 in
235 4324 382 4403 legatione
399 4325 587 4397 commiserit,
602 4325 715 4410 passim
734 4325 859 4396 dictitat,
872 4325 943 4403 quid
964 4325 1019 4386 de
1026 4325 1226 4387 Demosthene
1245 4331 1292 4380 est
1311 4325 1318 4334 ''

184 4418 360 4490 dicendum,
370 4435 421 4496 qur
413 4416 744 4502 'collegatos'aocuseti
765 4417 968 4480 Mehercule
947 4439 1006 4480 stre
1015 4417 1145 4524 velim,
1123 4436 1183 4480 srva
1191 4413 1292 4484 nolim,
