2932 4952
459 299 674 360 ADVERSUS
698 301 925 360 LEPTlNEM.
1183 305 1237 361 311

136 463 167 512 et
181 471 278 531 parvae
293 454 464 512 occasiones
479 473 601 531 inagnos
616 465 712 514 motus
727 457 962 535 mutationesque
976 456 1102 535 pariunt.
1144 459 1241 524 Quare

136 545 242 604 modus
257 545 285 602 in
304 546 393 604 rebus
411 545 546 604 secundis
560 547 723 632 servandus
733 559 790 619 est,
803 557 834 606 et
850 547 1062 627 providendum
1077 549 1147 626 quid
1163 550 1241 609 acei-

137 636 330 715 (lel'e'pllssfi‘llt-
381 667 387 678 ·

178 731 228 789 36.
251 729 348 788 Multa
368 729 464 788 adhuc
484 729 832 790 dictet-commemorari
855 740 977 809 possent
991 731 1029 790 ad
1044 732 1129 792 istam
1144 733 1240 813 legem

136 821 460 900 contendamusque
475 838 533 888 nec
544 823 708 902 probanda,
725 843 780 884 nec
794 824 877 884 vobis
897 824 1052 902 profutura
1061 826 1117 890 sit:
1140 827 1242 891 scdut

135 916 168 974 id
181 915 283 994 paucis
296 913 475 992 intelligatis,
484 925 593 993 etego
601 915 720 974 modern
732 916 850 976 dicandi
862 917 950 974 finem
964 917 1081 986 faciam,
1093 919 1240 998 sicagitet

138 1007 278 1067 Conferte
292 1005 368 1065 inter
382 1023 423 1078 se,
448 1016 480 1066 et
502 1007 630 1085 cogitate
643 1025 710 1066 cum
726 1007 829 1066 animis
844 1009 959 1081 vestris,
974 1007 1048 1086 quid·
1059 1011 1140 1069 vobis
1153 1013 1241 1070 evenss

138 1111 234 1160 turum
247 1100 298 1174 sit,
313 1101 337 1159 si
351 1101 448 1178 legem,
461 1100 546 1160 istam
563 1099 780 1172 damnaveritis,
790 1099 871 1178 quid,
883 1101 907 1158 si
923 1103 1157 1182 approbaveritis.
1180 1106 1242 1164 D'e·

138 1195 208 1254 iuda
223 1205 320 1256 tenete
333 1203 363 1252 et
375 1205 563 1264 mementote,
579 1213 646 1272 quae
659 1213 695 1252 ex
708 1203 830 1272 utraque
841 1214 871 1258 re
886 1195 968 1256 vobis
983 1193 1044 1256 fore
1058 1185 1242 1275 videbuntur,

137 1298 173 1346 ut
185 1287 301 1366 potiora
314 1285 486 1365 praeferatis.
529 1286 559 1344 Si
580 1286 668 1365 igitur
687 1287 753 1346 eam
768 1287 956 1359 darnunbitis,
972 1297 1006 1346 ut
1018 1307 1081 1350 nos.
1091 1291 1241 1365 jubanus,

132 1389 170 1440 et
191 1379 274 1458 digni
292 1381 475 1456 jussuum-a
489 1379 570 1440 robis
584 1389 821 1456 consequentum
843 1388 874 1438 et
896 1379 920 1438 si
943 1381 1009 1458 quis
1031 1379 1169 1460 indignus
1183 1395 1242 1458 est,

138 1473 215 1533 sicut
240 1485 304 1532 esto
334 1490 406 1532 sane*
426 1471 541 1551 aliquis,
571 1483 765 1552 praeterquam
793 1472 873 1551 quod
903 1473 981 1532 dono
1009 1475 1178 1552 privabitur,
1205 1497 1242 1544 ex
1276 1547 1278 1552 ,

138 1565 228 1636 animi
249 1564 338 1629 vestri
359 1565 503 1626 sententia
527 1565 614 1624 etiam
636 1584 659 1632 a¹
678 1563 761 1645 vobis
789 1564 924 1643 punietur
946 1565 1011 1644 lege
1037 1585 1054 1623 a
1077 1566 1161 1627 nobis
1177 1571 1243 1628 sub-

138 1656 260 1724 stituta:
287 1668 319 1724 et
340 1665 441 1722 nocua
460 1657 562 1720 civitas
580 1657 688 1726 fidelis,
709 1657 803 1736 justa,
828 1651 918 1716 v'erax
947 1676 1019 1736 erga
1040 1676 1140 1720 omues
1161 1660 1241 1722 vide·

137 1749 225 1810 bitur.
261 1750 325 1808 Sin
346 1749 558 1828 approbabilis,
581 1748 662 1827 quod
688 1748 766 1807 absit
787 1758 819 1807 ut
836 1749 965 1822 sadans,
984 1760 1014 1810 et
1037 1751 1109 1810 boni
1127 1763 1244 1832 propter

137 1843 287 1921 improbos
309 1842 472 1901 afficientur
496 1841 610 1921 injuria,
632 1840 800 1920 etindigni
820 1841 994 1902 calamitatis
1018 1843 1082 1902 aliis
1106 1855 1243 1908 auctores

139 1946 236 2014 erunt,
251 1955 307 1994 uec
321 1933 396 1995 ullas
406 1935 461 2014 ipsi
476 1949 578 2014 poenas
593 1935 722 2002 dabunt:
745 1934 1140 2014 nostraquecivitas,contra
1155 1957 1242 2018 quam

138 2027 200 2097 dixi
227 2024 325 2100 modo.
354 2037 387 2086 ut
414 2027 542 2106 perfida,
558 2035 591 2084 ut
615 2025 723 2097 invida,
745 2043 779 2086 ut
802 2025 930 2086 mendax
949 2027 1032 2110 apud
1056 2032 1160 2090 'omnes
1183 2040 1242 2092 tra·

139 2121 280 2184 ducetur·-

181 2217 230 2272 37.
252 2213 353 2282 Quare
374 2232 433 2271 non
452 2211 698 2272 committendum
711 2222 776 2281 est,
799 2211 1144 2280 Amoaensemaarans
1160 2213 1244 2291 igno,

139 2306 302 2366 miniamut
311 2305 496 2376 adscisceris,
508 2303 653 2384 praeclaris
665 2312 694 2361 et
708 2303 789 2361 vobis
804 2302 1044 2362 convenientibus
1058 2303 1143 2371 bonis
1158 2325 1242 2384 repu-
1335 2321 1345 2350 ν·

139 2399 238 2458 diatis.
280 2399 356 2458 Nam
370 2397 497 2476 quisque,
506 2407 636 2462 vestrum
650 2392 970 2484 eiusopininuiffiquoe
991 2393 1028 2454 de
1052 2395 1174 2472 publicis
1190 2398 1243 2456 de-

139 2493 227 2552 cretis
251 2492 351 2562 oritur,
374 2479 487 2571 partem
510 2489 617 2567 capiet.
661 2485 728 2546 Non
753 2487 829 2546 enim
854 2485 1011 2565 quisquam
1039 2488 1166 2566 ignorat,
1193 2489 1241 2550 vel

139 2602 241 2644 eornm
269 2584 319 2662 'qni
346 2583 550 2650 circumstant,
570 2580 614 2639 vel
637 2570 809 2650 ceterorum,
836 2580 986 2659 L'cptinem
1009 2579 1168 2660 injudicio
1188 2601 1241 2648 no·
1347 2657 1349 2662 ,

138 2678 253 2746 biscum
269 2675 453 2746 contendere,
470 2673 522 2734 sed
546 2675 574 2732 in
600 2672 779 2760 singulorum
795 2671 928 2752 judicum
943 2673 1055 2743 animis,
1071 2675 1243 2737 humanitati

30 2815 34 2821 -
140 2789 209 2831 cum
223 2759 342 2843 invidia,
356 2767 482 2844 justitiae
506 2787 573 2840 cunr
602 2765 797 2854 improbitate,
821 2763 946 2845 denique
968 2767 1243 2832 virtutibus-omni·

140 2863 197 2921 bus
221 2881 296 2920 cumr
310 2861 555 2930 vitiistcerttmea
568 2879 648 2920 esse.
691 2858 731 2920 Si
747 2858 835 2938 igitar
853 2859 1031 2924 montibus.
1041 2861 1243 2940 obtemperau-

140 2966 200 3027 tes,
223 2955 306 3014 nobis
331 2953 443 3013 assensi
464 2952 668 3024 maritimum
695 2950 756 3029 ipsi
782 2951 1243 3029 quae·-deoet2dcoieeiese-vide-

139 3047 253 3118 rimini,
279 3058 340 3107 tunt
365 3062 431 3125 quae
453 3044 620 3123 reipublicae
647 3043 856 3103 honestissima
891 3047 1146 3116 eruntstatuetis,
1168 3035 1242 3120 tum,

139 3141 165 3202 si
190 3136 271 3220 quod
297 3141 370 3200 forte
395 3136 528 3202 inciderit
548 3147 676 3218 tempuS,
690 3157 748 3196 non
769 3135 893 3198 deerunt
907 3139 960 3225 ¹qui
981 3159 1034 3218 pro
1057 3139 1139 3200 vobis
1162 3141 1243 3202 adire

47 3235 50 3240 ¹
139 3233 282 3316 perbelle.
295 3254 353 3294 ΜΗ
368 3233 532 3306 dubitetis:
556 3231 630 3306 Haec
650 3232 739 3310 igitur
762 3231 997 3296 universaeurae
1020 3233 1116 3296 vobis.
1131 3235 1243 3314 opium,

140 3327 307 3388 eoestudior
321 3333 389 3386 erse
407 3325 535 3397 debeant
544 3345 589 3394 ec.
600 3323 756 3404 diligenter
769 3323 1003 3403 providendum,
1016 3345 1054 3386 ne
1082 3325 1173 3389 viad
1191 3329 1243 3390 do·

108 3445 115 3458 ·
140 3421 334 3500 linquendum
356 3418 536 3497 adigamini.··'
568 3418 654 3496 Saepe
676 3417 755 3476 enim
778 3417 967 3490 factumest,
989 3417 1197 3492 Athenienses,
1212 3431 1245 3481 ut

140 3515 234 3573 multa
248 3512 330 3572 vobis
356 3513 478 3591 probata
502 3519 532 3570 et
554 3529 697 3590 persuasa
718 3525 779 3569 non
802 3511 870 3582 sint,
897 3509 949 3569 sed
972 3523 1073 3590 erepta
1087 3523 1118 3572 et
1132 3523 1245 3574 extorta

137 3617 287 3682 oratorum
299 3604 476 3672 clamoribus
492 3613 522 3662 et
536 3601 675 3663 violentia
687 3612 719 3674 et
730 3601 929 3683 impudentur
952 3602 982 3662 id
998 3605 1078 3684 quod
1092 3626 1171 3680 nunc
1191 3625 1243 3664 vos

139 3696 566 3776 ceminittereindignissimum
582 3697 688 3758 fucrit!
730 3694 790 3756 Sed
810 3715 876 3774 quae
891 3697 975 3776 justa
988 3716 1052 3758 esse
1071 3697 1244 3776 intelligitis,

138 3806 176 3854 ea
191 3801 336 3853 tencteac
350 3787 552 3860 recordamini,
566 3797 600 3846 nt
613 3788 643 3846 in
653 3787 1244 3868 pronunciandolerandisquesuffragiis,
1336 3785 1341 3794 “

138 3879 388 3966 quemadmodum
407 3879 601 3960 jurisjurandi
623 3880 726 3959 religio
744 3882 885 3960 postulat,
901 3881 1244 3960 consultoresimprobos

138 3971 352 4050 condem-netis.
395 3971 489 4034 Miror
512 3981 620 4046 antem,
642 3974 763 4053 eosqui
787 3984 935 4033 monetam
957 3973 1125 4032 adulterant
1147 3978 1244 4056 capite

138 4069 276 4148 mulctari
288 4067 372 4148 ,apud
386 4084 447 4139 vos,
462 4065 504 4124 eis
519 4085 587 4125 vero
601 4065 651 4146 qui
666 4073 757 4126 totam
767 4073 771 4080 “
780 4065 926 4126 civitatem
949 4063 1143 4126 adulterinam
1157 4080 1186 4128 et
1199 4071 1243 4130 in-

98 4167 102 4177 “
136 4161 228 4236 fialam
253 4161 392 4231 reddunt,
414 4157 540 4225 dicendi·
558 4158 624 4226 lieri¹
643 4169 832 4238 potestatem.
875 4157 920 4216 Ne
942 4158 1047 4238 utique
1068 4161 1200 4238 hoc-fiat,
1225 4183 1243 4222 o

136 4256 256 4337 Jupiter
269 4267 303 4314 et
315 4253 382 4314 Dii!

177 4350 249 4409 scio
263 4366 323 4408 non
339 4362 412 4427 opus
426 4362 492 4406 esse
505 4357 538 4405 ut
551 4344 636 4426 plura
650 4346 764 4405 dicam:
787 4343 890 4426 opinor
899 4346 977 4405 enlm
991 4365 1043 4408 voe
1065 4349 1162 4408 omnia
1175 4367 1246 4425 qum»

132 4441 267 4504 diximus
282 4441 353 4502 satis
368 4437 555 4500 intellexisse.

424 4769 433 4806 l
