2932 4952
404 232 951 362 'muroruarsrooarrnrn
1178 273 1238 338 ror

69 427 85 452 ²
130 446 234 513 betur,
255 445 289 494 et
307 438 576 511 senatusconsulto,
597 441 677 518 quod
700 438 857 499 Glaucone
878 435 1023 500 referente
1043 430 1155 490 factum
1181 435 1239 498 est,
1299 443 1303 450 ‘

129 527 236 586 decem
248 525 362 605 legatos
372 548 389 588 e
399 529 512 588 civibus
527 532 631 590 vestris
642 530 772 592 delectos
782 527 964 598 decrevistis,
974 525 1036 604 qui,
1050 523 1074 582 si
1089 522 1119 581 in
1133 540 1169 580 eo
1182 513 1238 580 soe·
1333 569 1336 588 ,
1374 539 1377 552 ¹

130 618 215 688 dere,
231 619 311 696 quod
333 639 400 680 cum
416 620 608 682 Athenodoro
628 623 747 697 fecerat,
765 631 897 682 maneret
918 617 1135 696 Cersobieptes,
1144 612 1239 693 jusju-

128 711 259 776 mudum
273 700 361 776 atreo
374 721 474 774 rursus
489 715 650 794 exigerent,
665 715 711 774 ein
725 713 833 786 minus,
853 707 1002 775 aduobus
1015 708 1132 787 regibus
1144 705 1238 782 'fidem

129 802 310 881 acciperent.
336 813 367 866 et
386 824 445 882 quo
474 817 561 885 pacto
581 806 632 866 ilie
655 808 735 868 beiio
756 805 904 886 petendus
925 812 1013 874 esset,
1034 801 1239 860 deliberarent.

129 894 280 960 Proiectis
301 915 386 975 porro
395 896 458 974 jam
472 897 589 977 legatis,
602 911 668 958 curn
679 900 741 979 jam
761 899 810 958 isti
831 896 1100 975 tergiversarentur,
1118 899 1149 950 et
1166 889 1239 949 nihii

106 1052 110 1058 ,
128 978 214 1052 uobis
225 997 367 1066 prestare
379 989 491 1048 vellent
500 991 581 1068 quod
595 992 786 1071 simplex-aut
794 990 909 1070 justum
922 997 1011 1062 esset,
1028 986 1070 1046 sic
1084 983 1190 1056 evenit,
1206 991 1240 1042 ut

128 1097 177 1139 res
187 1099 326 1158 eousque
338 1083 631 1159 procrastinaverunt,
645 1084 758 1142 durnin
773 1083 914 1151 Euboeam
930 1067 1038 1139 auxilia
1047 1076 1239 1148 mitteremur,

130 1181 164 1232 et
178 1171 290 1232 Chares
300 1173 467 1250 imperator,
478 1174 628 1236 adducens
643 1196 744 1236 secum
758 1174 928 1253 peregrinos
945 1171 1063 1240 militer,
1077 1167 1238 1238 adveniret,

131 1273 224 1342 atque
238 1283 257 1323 a
277 1265 361 1326 vobis
375 1265 504 1325 dictator
518 1267 648 1338 creatus,
661 1269 691 1328 in
706 1267 924 1327 Chersonesum
938 1263 1097 1341 navigaret.
1120 1260 1169 1318 Sic
1186 1259 1238 1318 de-

131 1377 196 1416 nuo
216 1357 315 1416 t'oedus
337 1379 420 1440 curn·
433 1360 569 1422 Chbrete·
584 1361 667 1436 facit,
691 1363 809 1439 quicum
836 1379 867 1420 se
881 1356 1098 1417 'Athenodorus
1122 1364 1153 1414 et
1179 1353 1239 1412 duo

130 1468 220 1527 reges
239 1449 463 1528 conjunxerant,
482 1452 562 1530 quod
580 1465 629 1513 est
646 1454 776 1513 omnium
797 1450 948 1530 optimum,
971 1459 1000 1508 et
1021 1447 1242 1525 aequissimum:

131 1540 177 1599 sio
195 1540 267 1618 ipsis
282 1541 367 1601 iactis
386 1561 452 1602 sese
471 1545 612 1623 coarguit,
635 1565 666 1605 se
681 1555 784 1604 contra
798 1552 928 1603 nostram
944 1542 1045 1600 urbem
1070 1539 1247 1605 occasiones,

133 1643 267 1712 captare,
278 1654 375 1712 neque
389 1621 514 1714 simplex
524 1647 573 1695 aut
584 1638 865 1716 aequumquicquam
876 1635 1020 1714 cogitare.
1043 1632 1139 1700 Quem
1152 1631 1240 1710 igitur

128 1727 315 1804 temporibus
332 1727 503 1802 adductum,
523 1729 665 1809 paulatim
678 1731 761 1790 vobis
776 1730 901 1789 amicum
922 1727 984 1787 fieri
999 1725 1130 1800 cernitis,
1145 1733 1177 1782 et
1189 1743 1241 1802 pro
1297 1758 1299 1764 s
1346 1745 1348 1750 ·

134 1838 173 1878 eo
188 1837 223 1877 ac
236 1838 288 1878 vos
302 1839 391 1898 posse
404 1830 499 1900 putat,
512 1821 746 1883 benevolentiam
761 1819 796 1882 in'
805 1841 857 1881 vos
872 1839 983 1900 gerere,
997 1819 1123 1894 hujusne
1135 1825 1241 1895 poten-

133 1911 208 1970 tiam
220 1910 387 1990 augendam
400 1932 466 1977 esse
479 1914 660 1990 existimatis,
673 1927 760 1998 atque
771 1915 846 1974 adeo
857 1933 909 1994 per
918 1933 971 1973 vos
984 1909 1241 1991 amplificandam?
1351 1931 1361 1946 ·

134 2003 207 2064 Non
221 2015 300 2063 recte
319 2005 503 2065 existimatis.
537 2007 579 2065 Ut
599 1999 687 2088 igitur
709 2008 811 2067 sciatis
828 2006 892 2065 haec
907 2025 925 2064 a
939 2015 1073 2064 me'vere
1086 2001 1155 2074 dici,
1173 2021 1241 2081 pro·
1291 2034 1295 2042 ,

132 2097 245 2180 feretur
256 2097 392 2176 epistola,
406 2109 473 2177 post
487 2097 610 2178 primum
627 2100 725 2160 foedus
740 2100 798 2158 huc
812 2099 910 2166 missa,
927 2094 1036 2156 deinde
1050 2106 1081 2155 et
1091 2093 1240 2154 Berisadae

133 2189 273 2268 epistola.
295 2189 373 2248 Nem
388 2209 424 2251 eo
441 2199 530 2269 pacto
541 2211 601 2252 rem
614 2192 724 2274 optime
735 2190 916 2270 intelligetis.

524 2383 545 2454 '¹
583 2381 793 2456 EPISTOLA.

135 2532 244 2593 Recita
256 2533 344 2595 etiam
360 2533 507 2630 Rerisadoe
522 2534 688 2614 epistolam.

584 2721 792 2783 EPISTOLA.

146 2915 150 2922 .
178 2871 230 2930 44.
250 2867 385 2928 Societas
398 2866 488 2946 igitur
500 2865 626 2929 duorum
639 2885 753 2944 regum,
775 2867 885 2927 abolito
897 2869 963 2945 jam
982 2867 1169 2928 fraudulento
1187 2869 1242 2928 sm·

137 2960 210 3026 dere
223 2979 291 3020 cum
306 2958 509 3038 Cephisodoto
521 2959 612 3030 facto,
626 2957 785 3038 constituta
798 2970 843 3022 est
855 2959 1031 3039 Miltocythe
1040 2961 1103 3038 jum
1117 2960 1244 3034 subiate,

137 3063 171 3116 et
199 3051 378 3114 eberduno
404 3051 501 3131 reipsa
527 3040 645 3123 mirato,
666 3071 698 3110 se
722 3062 829 3111 noetroe
850 3051 974 3111 civitatis
996 3071 1062 3113 esse
1084 3052 1242 3112 inimicum.

137 3141 301 3215 autentu,
315 3161 404 3223 quem
418 3144 530 3204 sciebat
548 3144 676 3204 omnium
690 3143 774 3203 vobis
788 3163 852 3204 esse
866 3143 1146 3224 conjunctissimum,
1162 3144 1244 3204 hunc

137 3238 169 3300 in
184 3246 364 3316 potestatem
386 3237 471 3298 suam
488 3234 651 3308 redactum,
668 3237 874 3298 infensissimis
887 3237 992 3298 vestris
1011 3237 1146 3296 hostibus
1167 3237 1243 3298 Gar·

138 3328 236 3396 druis
250 3319 366 3392 undere
379 3347 439 3389 non
462 3327 615 3400 dubimvit,
630 3347 728 3388 nonne
747 3329 818 3389 satis
837 3329 959 3390 evidens
978 3328 1109 3389 exhibuit
1128 3327 1248 3390 horulis

138 3421 230 3488 mimi
244 3419 471 3502 argumentnmi
490 3420 578 3490 Quod
597 3419 694 3501 igitur,
714 3421 890 3482 imminentis
904 3421 1096 3482 sibracibus
1110 3422 1245 3484 strithe-

139 3513 256 3582 nodorn
269 3514 340 3575 belli
354 3524 445 3589 metu,
459 3515 556 3575 foedus
569 3515 650 3588 fecit,
664 3524 694 3574 et
707 3525 812 3595 postea
832 3515 1046 3595 Gereobleptes‚
1060 3509 1175 3577 recita·

613 3691 775 3754 FOEDUS‘.

138 3839 279 3916 repono
306 3835 356 3914 qui
382 3834 447 3897 haec
467 3829 646 3916 scripsit'et'
660 3835 782 3915 pepigit,
802 3845 833 3895 et
854 3837 1071 3917 jusjurandum,-
1092 3836 1172 3915 quod
1190 3845 1245 3896 vcs'

139 3927 279 4002 audistis,
294 3925 555 4008 dedit,'postquam
576 3925 712 3988 dimissas
729 3927 911 3990 Athenodori
924 3929 1023 4008 copias
1040 3927 1122 3998 vidit,
1137 3933 1244 4006 etune

138 4021 239 4086 solum
252 4018 360 4079 triremi
372 4019 529 4080 Chabriam
544 4021 718 4093 venientem,
732 4039 827 4099 neque
843 4019 973 4101 Iphiadoe
986 4021 1078 4080 filium
1090 4011 1173 4082 vobis
1185 4032 1245 4084 tra·

138 4112 230 4184 didit,
239 4131 335 4192 neque
344 4112 503 4192 quicquam
518 4131 617 4172 eorum
632 4133 698 4192 quae
707 4115 830 4188 jurarat,
844 4111 924 4186 fecit,
939 4113 993 4174 sed
1007 4099 1164 4194 etreliqua
1177 4135 1244 4198 per-
1276 4113 1278 4118 ’

139 4207 255 4288 scripta
267 4205 298 4262 in
312 4203 423 4266 foedere
438 4203 546 4288 negat,
559 4214 591 4265 et
602 4205 662 4268 tale
674 4204 774 4266 foedus
788 4204 899 4280 scribit,
912 4205 1176 4292 cujus'exemplum
1185 4225 1243 4271 au·
1356 4221 1364 4226 ·
1431 4205 1434 4216 '

136 4299 243 4366 dietis.
275 4297 389 4360 Recita.
693 4297 698 4308 '
