2920 4950
419 295 661 364 οιιιιουιι
688 299 978 370 cueusousso.
1167 273 1228 365 ἰι

124 455 258 534 graviter,
271 461 445 528 nontamen
455 459 580 540 graviter
588 471 633 522 est
645 461 818 522 ferendum:
834 462 887 522 sed
897 463 1057 540 leopatius,
1066 461 1241 523 v'osirrhoc'
1286 538 1292 550 ι

127 567 268 610 consessu
281 549 324 610 ita
332 551 396 630 jam
409 573 475 612 esse
489 555 643 626 animatos,
658 565 692 615 ut
700 556 725 616 si
738 555 802 635 quis
815 576 869 636 pro
882 557 1023 618 concione
1037 556 1141 617 dixerit
1155 557 1233 616 Dio-¹

125 643 221 722 pithen
237 663 317 717 esse,
331 655 383 704 aut
398 646 563 720 Charetem,
577 663 630 709 aut
642 648 896 754 Aristophontem,
903 661 954 710 aut
967 649 1097 728 quemvis
1111 648 1161 728 qui
1175 667 1230 711 uo·

125 736 222 796 minari
238 737 331 816 possit
348 738 465 813 civium,
485 759 533 800 cur
525 742 625 800 mala
639 742 737 802 omnia
750 751 872 822 accepta
884 717 1037 802 iefere'nda
1051 741 1119 812 sint,
1131 740 1230 801 statim
1282 800 1292 815 ,
1328 806 1330 810 ,

103 849 106 853 ·
127 832 335 906 assentiamini,
350 842 381 892 et
393 832 457 912 ejus
477 833 599 894 orationi
617 834 819 917 applaudatis:
829 845 872 894 ,ιι
886 835 912 895 ιι
932 836 996 914 quis
1011 853 1184 914 progressus
1198 834 1242 893 ιιι·

125 925 265 1000 medium,
279 945 350 987 vera
363 926 451 998 dicat,
465 932 484 962 ‘⁴
494 947 588 1006 nugas
599 929 697 1007 agitis,
705 927 930 1001 Athenienses,
949 927 1091 988 malorum
1100 927 1240 986 omnium·

124 1025 152 1075 et
165 1017 384 1077 rerumzharnm
394 1017 546 1097 Philippus
560 1030 604 1079 est
619 1031 725 1100 capnt-3
748 1021 799 1100 qui
813 1020 838 1080 si
851 1019 1022 1100 quievisset,
1035 1019 1107 1080 nihil
1120 1019 1241 1098 negotii·

123 1120 199 1170 esset
212 1111 406 1189 reipublicae:
427 1123 492 1171 non*
499 1113 618 1191 quidem
631 1130 700 1172 vera
712 1131 778 1172 eum
793 1113 892 1174 dicere
903 1116 1013 1192 negare
1027 1111 1162 1193 possetis,
1176 1113 1232 1172 sed

125 1203 253 1281 graviter
261 1203 348 1262 laturi
358 1213 456 1263 tamen
467 1203 615 1276 videmini,
627 1211 658 1265 et
670 1205 791 1284 periisse
803 1205 887 1265 vobis
901 1203 1021 1284 aliquod
1033 1203 1232 1264 existimaturi.

129 1295 161 1355 ln
175 1315 271 1356 causa
284 1295 494 1356 horest—sed
504 1301 557 1356 oro
570 1315 621 1376 per
636 1299 718 1369 deos,
730 1307 765 1357 ut
770 1317 839 1376 quae
849 1297 888 1356 ad
898 1303 1024 1358 vestram
1032 1296 1155 1358 salutem
1164 1315 1237 1375 per·.
1260 1365 1262 1379 Ι

125 1387 229 1467 tinent,
242 1387 335 1448 libere
349 1387 446 1448 dicere
460 1388 529 1448 mihi
545 1389 683 1450 liceat-'a
697 1390 760 1468 ja'm
778 1388 847 1450 olim
861 1388 980 1467 quidam
994 1388 1161 1468 reipublicae
1176 1409 1231 1466 gu-

125 1481 298 1542 bernatores
318 1482 361 1540 ita
373 1501 426 1542 vos
436 1487 632 1563 'paraverunt
643 1493 678 1542 ut
699 1483 729 1542 in
748 1483 939 1544 concionibus
961 1474 1110 1542 metuendi
1125 1483 1188 1544 sitis
1202 1493 1236 1544 et·

124 1593 214 1647 acres,
228 1575 262 1634 in
283 1573 396 1634 bellicis
410 1595 479 1635 vero
503 1575 689 1656 apparatibus
712 1576 824 1636 remissi
844 1586 875 1636 et
892 1575 1078 1656 aspernandi.
1120 1575 1231 1653 Siquis

124 1666 211 1745 igitur
226 1677 378 1728 auctorem
389 1666 531 1728 malorum
544 1689 611 1728 eum
620 1689 688 1728 esse
696 1669 788 1742 dicat,
801 1689 886 1750 quem
901 1669 981 1732 scitis
994 1669 1069 1730 inter
1079 1687 1131 1728 vos
1141 1679 1235 1748 posse*

126 1759 350 1840 comprehendi,
369 1760 547 1821 assentimini
567 1773 598 1821 et
612 1763 707 1840 puniri
727 1764 810 1822 istum
822 1761 928 1840 vultisr
950 1763 975 1821 si
995 1761 1059 1840 quis
1079 1780 1150 1820 vero
1164 1781 1232 1822 eum

125 1853 273 1931 designet,
287 1853 337 1931 qni
348 1851 407 1912 nisi
418 1854 513 1914 victus
536 1855 622 1914 armis
641 1855 719 1914 affici
739 1855 882 1936 supplicio
900 1875 959 1916 non
972 1863 1080 1934 potest,
1101 1854 1231 1926 nereus,

125 1949 239 2029 opinor,
251 1947 325 2028 quid
339 1947 377 2007 sit
391 1949 549 2028 agendum,
565 1949 679 2009 sedvos
692 1949 813 2028 coargui
823 1938 1044 2010 molestefertis.
1066 1947 1168 2027 ;Atqui
1179 1949 1231 2008 de·

124 2043 221 2116 cebet,
225 2040 441 2115 Athenienses,
457 2042 603 2103 diversum
617 2042 690 2112 fieri,
703 2054 735 2103 ut
743 2062 856 2116 amaea,
868 2043 918 2123 qui
928 2042 966 2102 ad
974 2062 1065 2121 remp.
1077 2043 1233 2116 accedunt,

125 2154 176 2194 vos
190 2135 448 2208 assuefacerents
440 2156 470 2194 ιι
483 2136 685 2208 concionibus,
698 2135 738 2196 ad
755 2134 939 2196 clementiam
954 2145 985 2194 et
1001 2132 1231 2203 humanitatemt

126 2248 194 2300 pam
208 2229 242 2287 in
260 2227 306 2287 his
324 2228 388 2287 de
376 2247 443 2308 Jure
460 2229 566 2288 civium
580 2239 611 2288 et
632 2228 775 2288 sociorum
789 2228 906 2306 agitur:
928 2229 958 2286 in
973 2227 1149 2306 apparandis
1162 2247 1233 2290 vero

125 2321 222 2394 bellis,
237 2317 414 2381 metuendos
423 2341 475 2382 vos
490 2331 520 2380 et
531 2340 617 2382 acres
631 2321 799 2389 efficerentr
820 2321 860 2380 ibi
874 2320 951 2380 enlm
971 2339 1037 2380 cum
1057 2305 1187 2380 hostibus
1202 2327 1234 2380 et

126 2413 302 2474 adversariis
315 2433 361 2494 res
375 2424 430 2474 est.
470 2414 571 2488 Nunc,
581 2414 652 2476 dum
662 2415 746 2474 vobis
761 2422 948 2476 assectantur
961 2423 991 2472 et
1008 2412 1154 2490 obsequiis
1168 2431 1232 2483 om

93 2491 95 2500 ¹
127 2506 213 2566 nibus
227 2489 355 2566 vestram
370 2505 492 2584 gratim
508 2513 701 2584 aucupantur,
720 2505 846 2568 id'vobis
861 2506 1059 2578 contulerunt,
1070 2515 1105 2564 ut
1117 2505 1146 2562 ln
1161 2519 1233 2564 oon,

127 2599 263 2660 sionibus
276 2598 387 2660 fastum
403 2617 463 2677 proe
473 2599 557 2658 robis
574 2597 674 2659 feratis
696 2609 726 2658 et
745 2599 781 2659 ab
801 2598 998 2662 adulatoribus
1013 2597 1084 2658 nihil
1098 2593 1261 2672 audiatis,-

126 2693 181 2752 nisr
173 2691 280 2772 'quod
295 2692 413 2755 auribus
427 2688 604 2766 blandiatur,
618 2711 670 2758 res
678 2710 745 2752 vero
754 2710 790 2752 eo
803 2691 949 2765 redierint,
966 2701 996 2750 ut
1010 2690 1068 2750 de'
1061 2710 1125 2770 rpsa
1138 2689 1232 2750 salute

127 2784 342 2865 periclitemini

167 2880 198 2937 9.
221 2878 314 2958 Agite
322 2897 401 2949 vero,
412 2897 465 2984 per
478 2880 550 2940 deos
560 2881 749 2955 immortales,
764 2901 788 2941 ιι
779 2880 899 2962 'Graeci
914 2897 932 2940 a
945 2879 1027 2940 vobis
1037 2898 1136 2940 esrum
1146 2897 1233 2940 occa

128 2970 245 3030 sionurn
247 2990 340 3049 ‚quas
350 2991 404 3051 per
413 2971 559 3050 ignaviam
570 2973 658 3032 modo
666 2972 814 3046 amisistis,
823 2972 950 3032 rationes
962 2981 1159 3051 reposcerent,
1166 2991 1234 3032 voa

128 3084 185 3143 que
198 3065 243 3123 itu
262 3065 489 3142 interrogarent:
507 3063 715 3149 Athenienses,
729 3065 841 3126 mittitis
860 3064 898 3124 ad
913 3081 965 3124 nos
986 3063 1093 3143 passim
1107 3064 1235 3142 legatos,

129 3157 309 3228 dictitantes,
318 3156 486 3239 Philippum
492 3157 577 3232 nohis
588 3166 619 3216 et
627 3157 740 3218 Graecis
754 3157 889 3217 omnibus
899 3156 1038 3227 insidiari,
1048 3155 1244 3217 ethominem

129 3267 194 3310 asse
207 3249 446 3310 cavendum—et
455 3251 557 3310 omnia*
564 3248 708 3330 ejusmodi
722 3268 843 3310 necesse
857 3259 903 3310 est
915 3248 998 3310 fateri
1010 3268 1080 3309 uera
1092 3266 1157 3310 esse
1166 3273 1178 3318 t
1191 3249 1237 3308 fa-

130 3342 221 3402 cimus
232 3343 311 3402 enim
320 3342 435 3404 haec-.
453 3343 494 3402 At
507 3362 525 3402 o
537 3343 701 3402 mortalium
716 3342 846 3402 omnium
859 3341 1047 3420 ignavissimi,
1056 3331 1156 3415 dicem,
1165 3359 1234 3403 cum

129 3435 216 3497 homo
230 3436 289 3496 iste
299 3437 401 3496 decem
415 3455 533 3496 menses
547 3438 686 3496 continebo
700 3438 827 3508 abesset,
841 3437 882 3496 ita
895 3444 926 3495 et
934 3437 1035 3496 morbo
1050 3447 1079 3496 et
1088 3436 1194 3515 hyeme
1204 3444 1236 3496 et:

130 3529 212 3589 bellis
223 3528 414 3600 interclusus,
428 3538 462 3588 ut
473 3528 593 3588 domum
604 3529 717 3607 regredi
731 3529 813 3588 nullo
823 3528 914 3588 modo
925 3537 1033 3606 posset,
1045 3547 1099 3587 vos
1108 3547 1162 3586 nec
1173 3527 1234 3586 Eu-

129 3615 223 3682 boearn
236 3620 267 3678 in
278 3619 443 3681 libertatem
455 3621 616 3682 asseruistis
626 3641 681 3682 nec
691 3631 851 3681 vestrorum
861 3621 1017 3700 quicquam
1028 3619 1234 3698 recuperastis,

45 3722 48 3732 ⁴
132 3715 193 3794 ipse
206 3733 289 3786 vere,
304 3713 373 3773 dum
389 3733 443 3774 vos
460 3715 540 3774 dorni
559 3714 678 3783 sedetis,
694 3715 764 3773 dum
785 3714 876 3774 otium
891 3713 986 3792 agitis,
1000 3713 1070 3772 dum
1087 3711 1149 3771 sani
1164 3711 1235 3770 estis

131 3809 164 3888 (si
179 3809 232 3887 qui
247 3818 355 3880 tamen,
369 3807 415 3866 his
431 3807 527 3878 factis,
539 3827 604 3867 saur
595 3806 733 3867 dicendi
747 3808 828 3881 sunt)
842 3805 939 3866 duos
930 3825 962 3864 m
974 3805 1085 3864 Euboea
1096 3811 1237 3892 tyrannos

128 3899 292 3972 constituit,
300 3918 423 3978 quorunr
434 3899 556 3959 alterum
566 3901 708 3978 eregione
703 3894 824 3959 Atticm
835 3909 973 3976 tanquam
980 3885 1238 3976 propugnaculum

130 3994 278 4074 opposuit,
293 3992 416 4052 alterum
430 3994 470 4054 ad
485 3993 638 4056 Sciathum
646 3994 804 4052 codocoost
818 4012 871 4052 vos
881 3999 978 4050 autem
988 4009 1025 4049 ue
1033 3989 1095 4048 haec
1106 3989 1238 4067 quidem,

129 4086 276 4165 siquidem
286 4084 358 4142 nrhrl
367 4083 446 4144 ahud
457 4085 580 4157 velletis
595 4085 794 4165 rmpedrvrstrs,
804 4082 1056 4144 sedconnrventes
1064 4081 1237 4180 deJureutr

129 4195 186 4255 que
199 4185 299 4237 vestro
311 4167 354 4235 illi
364 4177 563 4245 concessistis,
567 4186 607 4236 ιιι
616 4178 678 4256 jam
689 4175 928 4242 neminidubi'um
938 4193 1003 4234 esse
1011 4173 1115 4254 possit
1122 4155 1235 4235 ιιιιιιιιι
1286 4191 1302 4204 ·’

130 4267 285 4350 Philippus
299 4269 400 4329 decies
414 4279 583 4342 moreretur,
596 4289 649 4330 vos
661 4269 751 4329 nihilo
764 4268 859 4347 inagis
869 4278 1046 4328 commotum
1061 4266 1105 4326 iri.
1139 4266 1237 4334 Quor

76 4401 79 4412 ι
132 4381 194 4424 aum
205 4363 294 4441 igitur
303 4361 423 4442 legatos
437 4361 559 4434 mittitis,
573 4371 603 4423 et
612 4360 763 4446 incusatis,
773 4369 803 4419 et
812 4358 962 4440 negotium
973 4359 1056 4428 nobis
1065 4357 1238 4424 lacessitisl
