2948 4954
217 205 272 270 168
637 205 693 268 DE
714 203 899 270 CORONA.

215 362 295 426 enim
308 359 373 424 illos
386 358 438 420 tuli
451 369 581 440 tempore
595 358 805 424 accerseretis?
825 359 874 423 Ad
894 357 1020 440 pacem?
1041 367 1073 418 at
1083 357 1231 418 hebebant
1242 373 1303 416 orne

183 475 186 485 ·
215 475 278 520 ues-
298 453 347 516 Ad
359 453 492 524 bellum?
512 464 543 514 at
552 453 608 533 ipsi
620 453 659 516 de
671 471 743 532 poce
753 453 971 536 consultabeu's,
993 450 1185 531 Perspicuum
1193 458 1241 510 est
1253 449 1305 528 igi·

215 559 263 610 tur
271 566 318 609 me
327 545 407 625 pacis
416 545 493 606 illius
504 545 605 624 prioris
616 565 711 624 neque
720 544 825 607 ducein
836 565 930 624 neque
938 554 1086 612 auctorem
1100 543 1303 620 scissumque

213 650 386 708 ceterorum
395 639 558 716 quicquam,
567 658 632 716 quse
645 638 675 699 in
685 657 731 699 me
740 639 891 714 confinxit,
904 657 1005 701 verum
1015 655 1080 696 esse
1094 635 1266 696 ostenditur.

221 784 225 790 .
255 732 285 800 9.
307 730 465 809 Postquam
479 747 548 808 ergo
558 749 661 808 pacem
671 730 740 792 fecit
752 730 922 809 respublica,
931 729 981 790 hic
993 729 1097 788 iterum
1111 727 1304 798 considerate,

212 822 284 903 quid
293 831 420 901 uterque
432 831 569 885 'uostmm
593 840 678 900 agere
691 821 866 884 instituerit:
887 821 995 882 etenim
1008 819 1104 880 erbis
1117 819 1227 888 scietis,
1241 819 1305 897 quis

214 915 302 975 inerit
313 914 362 992 qni
376 913 509 994 Philippo
522 914 553 976 iu
567 913 701 976 omnibus
721 913 937 991 suffregerctur,
951 913 1059 990 etquis
1073 921 1176 973 contm
1189 911 1239 990 qui
1252 929 1304 990 pro

214 1005 297 1068 vobis
310 1025 428 1086 operam
442 1014 562 1065 navaret
574 1016 604 1064 et
616 1005 739 1083 publice
753 1004 896 1066 studuerit
908 1003 1036 1066 utilitati.
1065 1003 1131 1082 Ego
1146 1005 1245 1081 itaque
1259 1022 1302 1062 se·

215 1106 299 1160 ustor
312 1098 462 1158 decretum
475 1096 532 1156 feci
549 1106 582 1160 ut
592 1097 681 1176 legati
691 1096 948 1178 quamprimumin
961 1114 996 1155 ea
1004 1096 1073 1156 loca
1085 1094 1303 1174 navigarent,in

177 1199 180 1213 '
213 1190 320 1269 quibus
335 1209 400 1250 esse
422 1187 588 1267 Philippum
612 1189 754 1261 audirent,
769 1197 804 1250 ut
817 1188 1022 1268 jusjurandum
1035 1190 1073 1248 eb
1086 1207 1123 1247 eo
1135 1188 1302 1267 exigerent:

213 1281 262 1341 isti
269 1300 347 1352 vero,
355 1299 410 1339 nec
421 1288 574 1357 postquem
582 1281 638 1339 hoc
650 1279 833 1354 decreverim,
842 1280 873 1339 id
880 1281 975 1340 iacere
984 1279 1147 1340 voluerunt.
1167 1281 1310 1359 Euporm·

207 1391 259 1434 res
272 1391 358 1450 quarn
371 1372 429 1430 tim
442 1372 579 1443 habebat,
593 1371 808 1436 Athenienses?
829 1391 885 1452 ego
899 1371 979 1435 vobis
994 1372 1158 1437 ostendam.
1179 1371 1304 1451 Philippi

213 1465 351 1537 intererat
363 1471 397 1523 ut
409 1463 483 1522 iuter
497 1473 628 1524 nostrum
642 1474 672 1522 et
684 1464 773 1543 ipsius
787 1463 990 1543 jusjurandum
1004 1484 1091 1542 quam
1105 1463 1304 1543 longissimum

212 1567 328 1636 tempus
348 1543 548 1626 intercederet,
563 1565 661 1618 vestre
678 1574 766 1634 quam
784 1556 996 1620 brevissimum.
1031 1556 1112 1626 Quid
1131 1556 1195 1618 ito?
1227 1556 1303 1624 Quia

213 1669 275 1722 vos,
289 1657 349 1710 hou
363 1649 400 1722 eb
415 1649 450 1706 'co
461 1655 573 1708 tentum
589 1647 635 1708 die
649 1667 706 1726 quo
715 1647 875 1728 juravistis,
889 1649 942 1713 sed
954 1668 973 1710 e
986 1667 1043 1728 quo
1056 1667 1160 1729 pacem
1172 1668 1226 1726 ¹vos
1240 1668 1304 1728 spc-

213 1743 326 1804 revistis
345 1741 506 1812 habituros,
527 1759 627 1803 omncs
640 1740 709 1801 belli
722 1751 876 1821 apparatus
892 1743 1060 1806 remisistis:
1081 1742 1132 1801 ille
1151 1751 1250 1800 nutem
1269 1761 1305 1800 ex

214 1833 435 1910 omnitempore
455 1830 512 1892 hoc
525 1829 650 1892 maxime
671 1832 855 1918 moliebatur,
868 1843 961 1907 retus,
981 1833 1013 1894 id
1025 1834 1105 1912 quod
1117 1853 1219 1892 rerum
1232 1845 1303 1904 eret,

214 1942 396 2002 quaecunque
406 1931 473 1984 unte
486 1922 588 1982 datum
594 1922 798 2002 jusjurandum
808 1924 918 1987 civitati
930 1935 1036 1986 nostre
1050 1925 1257 2004 praeripuisset,
1272 1945 1306 1986 ea

215 2035 248 2078 se
262 2015 359 2077 omnia
380 2015 463 2077 firma
475 2015 530 2074 sibi
544 2015 711 2076 habiturum
720 2037 729 2085 ;
752 2017 898 2079 neminem
910 2019 986 2080 enirn
1005 2018 1127 2080 istorum
1144 2037 1236 2078 causa
1252 2037 1304 2097 pa-

214 2129 279 2172 cem
291 2110 511 2188 dirempturum·
538 2111 612 2176 Quae
625 2130 692 2176 cum
706 2130 762 2190 ego
775 2110 971 2189 praeviderem,
982 2109 1190 2184 Athenienses,
1202 2121 1233 2171 et
1244 2129 1305 2176 urc-

214 2221 282 2262 cuur
302 2213 475 2283 reputarem,
497 2203 554 2265 boc
572 2203 722 2266 decretum
740 2203 806 2276 feci,
819 2214 853 2263 ut
871 2204 901 2266 in
915 2223 951 2262 ee
970 2203 1045 2276 lnce,
1066 2204 1096 2264 in
1111 2191 1215 2283 quibus
1229 2213 1306 2264 esset

213 2296 376 2377 Philippus,
390 2297 477 2374 legati
498 2295 670 2374 navigarent
689 2305 720 2356 et
734 2295 939 2374 jusjurandum
952 2315 1039 2373 quem
1056 2297 1224 2359 maturrime
1246 2297 1305 2356 exi·

213 2400 333 2468 gerent:
355 2399 388 2451 ut
401 2389 562 2452 Threcibus
575 2389 662 2450 sociis
673 2377 777 2448 vestris
791 2408 827 2451 ea
839 2388 948 2468 oppida
965 2387 1143 2460 tenentibus,
1163 2407 1231 2467 qnoe
1250 2389 1305 2448 iste

213 2483 302 2544 modo
310 2482 395 2544 irrisu
405 2482 612 2553 insectabatur,
627 2481 755 2542 Serrium
770 2490 799 2540 et
810 2478 951 2559 Myrtium
962 2487 993 2540 et
1005 2479 1166 2558 Ergiscem,
1175 2479 1306 2548 diuersu-

129 2565 130 2572 '
213 2583 261 2636 tur
274 2574 349 2640 adeo
364 2582 555 2645 sacramenta,
569 2593 664 2651 neque
678 2573 727 2635 ille
746 2572 916 2651 opportunis
930 2571 1002 2633 locis
1020 2571 1171 2651 occupatis
1184 2571 1307 2638 Threcia

213 2666 365 2746 potiretur,
378 2685 452 2730 neve
465 2684 572 2744 magne
588 2665 657 2726 inde
672 2663 807 2743 pecunie,
821 2664 976 2743 multisque
993 2663 1131 2724 militibus
1149 2664 1306 2724 instructus

214 2757 342 2836 reliquas
356 2757 496 2834 deinceps
519 2775 566 2816 res
580 2755 694 2816 facilius
711 2755 928 2832 aggrederetur·
960 2755 1027 2817 Hoc
1047 2756 1135 2834 igitur
1157 2755 1306 2817 decretum

138 2912 143 2926 ,
214 2869 274 2910 nou
286 2857 502 2918 commemorat,
516 2866 610 2926 neque
624 2846 743 2909 rebitet:
772 2846 825 2905 sed
839 2847 863 2906 si
873 2865 929 2925 ego
943 2856 1060 2910 seuetor
1071 2867 1139 2908 cunr
1153 2867 1249 2908 essem
1262 2849 1305 2908 in·

213 2942 411 3008 troduoendos
422 2961 488 3004 esse
502 2941 615 3020 legatos
628 2940 739 3011 censui,
751 2938 781 3000 id
794 2959 862 3001 vero
872 2940 1040 3007 insectatur.
1066 2941 1108 3000 At
1120 2941 1191 3019 quid
1203 2961 1252 3002 me
1264 2943 1307 3003 la·

213 3057 280 3100 cere
293 3034 465 3117 oportebat?
487 3035 533 3097 An
546 3054 582 3094 ne
602 3034 658 3094 illis
672 3033 768 3094 editus
784 3043 861 3094 esset
873 3034 911 3094 od
920 3035 1072 3094 concionem
1088 3033 1244 3096 decernere
1259 3037 1306 3116 qai

213 3130 325 3195 idcirco
337 3136 490 3200 renerent,
510 3135 544 3189 ut
556 3127 707 3190 vobiscum
720 3125 930 3203 loquerentur?
950 3126 997 3187 An
1012 3145 1050 3186 ne
1063 3125 1146 3186 locus
1158 3127 1193 3187 iis
1213 3130 1251 3188 ab
1263 3147 1307 3188 ar·

213 3225 342 3287 chitecto
363 3223 517 3304 spectandi
532 3221 626 3301 gretie
645 3220 765 3281 daretur
782 3219 904 3281 vetere?
938 3221 979 3279 At
1000 3221 1114 3282 duobus
1128 3221 1222 3282 obolis
1242 3243 1307 3303 me·

213 3325 352 3384 orassent,
364 3317 421 3376 hoc
435 3315 460 3376 si
473 3315 622 3376 decretum
636 3312 818 3375 nonfuissct.
840 3311 1038 3392 Exiguamilri
1051 3314 1219 3393 reipublice
1226 3335 1306 3376 com·

214 3408 303 3468 mode
323 3406 467 3468 serenda
483 3416 576 3480 cram,
589 3423 701 3468 summe
713 3423 808 3466 rerum
820 3404 901 3483 quod
918 3404 966 3466 isti
986 3405 1118 3466 fecerunt
1133 3405 1307 3467 pendenda?

215 3499 341 3564 Minime
353 3517 431 3558 vero.
465 3497 546 3577 Cape
559 3498 646 3578 igitur
661 3497 811 3559 decretum
824 3496 928 3558 bouet
945 3498 1047 3570 recila,
1066 3499 1145 3578 quod
1166 3498 1222 3560 istc
1242 3517 1307 3560 eun

215 3592 305 3674 probe
318 3599 418 3654 nosset
429 3589 598 3670 praeterivit.
635 3589 749 3650 Recita.

640 3771 884 3838 DECRETUM.

226 3917 229 3922 ·
247 3891 367 3942 ments
379 3889 530 3953 Memphite,
541 3889 744 3940 numentanam·
761 3891 800 3938 die
810 3889 942 3954 trigesimo,
951 3889 1014 3939 retu
1025 3889 1152 3938 Pandionia
1165 3888 1311 3955 presidente,

216 3969 385 4021 Duodiense
403 3964 567 4024 Dinomenes
588 3964 762 4017 temneret·
778 3967 875 4016 retulit:
895 3965 1014 4024 Quonim
1032 3966 1168 4030 Philippus,
1186 3967 1265 4016 nunu
1277 3967 1311 4017 le

216 4057 273 4104 pane
284 4043 377 4104 legetis,
388 4050 437 4094 nata
444 4042 560 4108 percussit
570 4042 658 4092 t'oedere
668 4057 720 4108 oum
731 4043 819 4108 populo
826 4042 970 4105 Atheniensi,
980 4045 1071 4107 placer·
1078 4043 1169 4096 ”ussai
1177 4045 1311 4108 populoque

217 4118 361 4186 Atheniensi,
368 4137 414 4182 quo
424 4136 471 4184 pix
484 4119 601 4184 suffragiis
617 4118 700 4183 populi
711 4120 736 4167 in
749 4119 826 4182 prims
836 4120 946 4170 concione
962 4121 1060 4184 prebete
1068 4121 1211 4182 contemne,
1220 4122 1311 4187 legatur

217 4203 248 4243 e'r
256 4193 361 4244 omuibus
372 4196 556 4247 Atheniensibus
565 4195 638 4258 deligi
648 4194 758 4258 quinque:
774 4211 860 4259 eosque
877 4197 957 4262 populi
973 4194 1090 4264 sublegiir
1102 4200 1242 4261 approbatos
1251 4196 1312 4247 nulls

218 4286 282 4320 more
290 4271 429 4336 interposita
438 4287 466 4320 oo
477 4273 603 4342 proticisci,
613 4289 705 4336 quoquo
714 4273 766 4322 looo
779 4273 914 4338 Philippum
925 4289 977 4324 esse
988 4273 1110 4334 audierint,
1120 4279 1144 4324 st
1151 4274 1311 4337 jusjurandum

217 4351 248 4398 ὀ
260 4365 291 4399 ss
300 4349 379 4414 prino
386 4363 481 4412 meque
494 4357 598 4413 tenpore
613 4353 732 4415 wolplrnt
746 4352 895 4415 siduineue
906 4353 963 4403 dent
973 4365 1044 4414 seper
1053 4353 1179 4404 ledum
1189 4367 1241 4413 quse
1250 4351 1311 4400 inter
