2920 4950
452 310 720 393 oLuurnracL
739 304 849 398 inu).
946 358 949 364 ,
1181 323 1221 381 La

8 523 9 528 ,
112 471 214 533 tuem,
223 471 257 523 ιι
271 481 362 525 unam
376 483 440 528 esse
454 467 597 531 rationem
610 470 735 543 eandem
752 481 783 532 et
793 465 958 552 accipienda
968 479 1000 532 ιι
1010 469 1138 534 faciendi
1151 466 1219 566 quas

110 564 259 634 oporteat.
273 575 328 618 vos
337 568 435 620 autem
445 560 615 637 itatemere,
626 583 751 626 cumaea
760 565 856 627 nullas
870 564 990 646 geratis,
999 566 1218 645 pecuniamne-

8 725 9 728 *
110 647 203 728 cipitia
216 649 259 710 ad
272 649 351 712 ιιιιι
364 653 554 723 celebranda.
575 657 749 739 Reliquum
741 658 830 740 igitur
838 657 870 719 ιιι
879 669 925 720 ιιι
926 659 1066 734 ,scilicet
1075 667 1107 720 ut
1114 679 1217 722 omnes

110 743 243 804 mucram
255 745 421 856 conferant,
443 767 469 811 ιι
460 749 583 812 multis
595 769 672 862 opus
686 752 742 813 erit
742 753 962 828 ,multum,'s1n
974 752 1088 833 paucis,
1100 771 1217 834 parum.

111 834 192 916 Opas
211 849 313 900 autem
326 843 433 905 omnino
447 853 495 908 est
510 847 654 928 pecuniis,
673 865 729 910 nec
743 847 807 908 ιιιι
820 849 867 908 his
880 847 1039 928 quicquam
1049 858 1149 928 potest
1160 848 1215 908 rite

108 927 315 995 administrari.
366 935 502 1000 Indicant
514 940 603 1002 ιιιιιι
622 939 694 1002 alias
713 941 763 1002 alii
779 940 986 1047 comparandae
1000 940 1132 1020 pecunia
1144 939 1214 1000 rati-

107 1039 192 1097 ones,
207 1043 226 1084 s
241 1024 349 1104 quibus
370 1047 437 1090 eam
450 1051 503 1092 uos
516 1031 643 1113 eligetis,
657 1052 724 1114 quae
736 1034 863 1093 maxime
875 1033 1040 1094 conducere
1055 1031 1212 1094 videbitur:

107 1122 138 1174 et
147 1133 247 1176 rernm
260 1136 372 1192 curam,
386 1121 458 1182 duur
472 1125 589 1186 occasio
603 1124 697 1199 adest,
712 1124 860 1204 suscipite.
1165 1137 1166 1144 ’

145 1207 175 1265 9.
196 1208 279 1268 lllud
293 1210 382 1269 etiam
396 1223 443 1274 est
453 1216 685 1294 operaepretium
694 1216 825 1294 cogitare
836 1225 867 1276 et
876 1225 1021 1296 reputare,
1036 1236 1096 1296 quo
1107 1216 1137 1278 in
1146 1217 1214 1280 loco

107 1317 184 1360 nunc
207 1301 269 1362 sint
286 1320 333 1360 ιιι
352 1302 490 1408 Philippi.
532 1304 733 1385 Neque'enim
751 1307 828 1377 istae,
843 1317 878 1366 ut
889 1305 1004 1368 videtur
1017 1319 1048 1368 ιι
1061 1308 1142 1371 dicat
1154 1311 1213 1370 lor·

106 1400 185 1454 tasse
207 1393 317 1472 aliquis
342 1396 394 1475 qui
409 1397 594 1478 negligenter
612 1418 674 1472 rem
689 1399 851 1480 expendat,
870 1409 987 1479 compte
1004 1401 1212 1482 pulcherrime-

105 1503 160 1564 que
173 1505 242 1546 scse
255 1499 337 1550 nunc
349 1489 474 1549 habent.
496 1509 592 1571 neque
605 1490 752 1554 intulisset
769 1491 821 1551 ille
834 1492 892 1553 hcc
904 1493 1022 1552 bellum
1027 1513 1170 1586 unquam,
1185 1495 1212 1556 si

104 1577 269 1656 gerendum
282 1580 345 1641 fore
359 1581 534 1657 censuisset,
547 1601 616 1643 nam
630 1593 694 1644 tum
707 1584 801 1664 primo
816 1583 913 1646 statim
924 1582 1033 1664 impetu
1044 1604 1077 1645 ιι
1092 1605 1211 1648 omnem

103 1687 162 1730 rem
176 1671 383 1733 confecturum
401 1676 547 1753 sperabat,
568 1695 656 1756 quam
670 1695 754 1757 spem
768 1677 872 1738 falsam
885 1677 999 1738 habuit.
1040 1674 1129 1739 Ηοι
1121 1677 1213 1758 igitur
1316 1753 1317 1756 Ἴ

103 1762 229 1842 primurn
251 1765 335 1824 illum
351 1769 541 1840 turhat„cum
554 1779 659 1850 preter
672 1771 919 1850 exspectationem
940 1771 1078 1846 evenerit,
1099 1781 1131 1834 et
1148 1787 1211 1833 nra·

103 1859 351 1935 gnamillimovet
364 1861 587 1941 aegritudinem:
609 1863 716 1925 deinde
726 1864 868 1928 resetiam
880 1864 1101 1924 Thessalorum.
1131 1863 1209 1926 Nam

102 1949 147 2009 hae
175 1952 299 2032 quidem
317 1953 423 2015 natura
440 1955 574 2017 nimirum
593 1966 624 2017 et
642 1977 756 2038 semper
771 1957 905 2018 omnibus
927 1966 1011 2016 erant
1036 1957 1209 2018 mortalibus

102 2041 210 2120 iniidae,
224 2046 330 2126 quales
345 2057 442 2108 autem
456 2049 586 2124 fuerunt,
599 2048 674 2110 tales
688 2067 740 2110 aas
758 2069 837 2109 nunc
851 2047 944 2109 atille
957 2067 1025 2108 cum
1039 2043 1139 2128 primis
1153 2069 1206 2110 ex·

102 2137 222 2214 peritur.
276 2139 479 2202 Decreverunt
499 2142 577 2202 enim
599 2141 723 2202 Thessali
740 2141 870 2222 Pagasas
888 2143 926 2202 ab
945 2157 1155 2221 eo'reposcere
1176 2151 1208 2203 ιι

102 2226 289 2308 Magnesiam
312 2250 417 2292 mumrr
429 2242 595 2305 vetuerunt
612 2244 771 2314 praterea
786 2233 931 2312 quosdam
954 2229 1052 2294 audivi
1074 2251 1132 2313 ego
1154 2233 1206 2314 qui

102 2321 235 2384 dicerent
252 2343 313 2383 non
330 2325 537 2390 commissuros
556 2326 691 2406 amplius,
709 2335 742 2386 ut
761 2325 810 2386 ille
824 2326 962 2419 portoriis
972 2325 1102 2406 ipsorum
1116 2335 1147 2387 et
1157 2347 1206 2388 ve·

101 2415 258 2496 ctigalibus
276 2418 457 2498 perfruatur:
479 2438 635 2480 commune
649 2418 756 2479 etenim
769 2402 974 2479 Thessalorum
986 2418 1056 2478 inde
1070 2429 1205 2498 oportere

100 2509 270 2584 sustentari,
288 2529 349 2570 non
369 2529 407 2572 ea
425 2509 593 2594 Philippum
612 2512 795 2593 intercipere.
838 2511 926 2582 Quod
951 2531 976 2571 ιι
968 2510 1051 2570 hac
1073 2511 1205 2616 privatus

100 2599 188 2672 fuerit
208 2603 345 2684 pecunia,
362 2605 393 2666 in
411 2613 523 2666 arctum
544 2606 703 2668 admodum
724 2605 752 2666 ιι
771 2603 918 2685 stipendia
939 2604 1086 2684 peregrini
1107 2604 1206 2667 militis

101 2695 282 2776 redigentur.
322 2697 392 2758 Jam
407 2698 546 2760 Paeonom
559 2708 590 2759 et
607 2699 747 2780 Illyrium,
759 2708 879 2760 caeteros
892 2695 1017 2776 denique
1029 2716 1141 2772 omnes,
1153 2717 1206 2758 ιιι-

100 2786 288 2849 intimandum
300 2801 347 2852 est
361 2792 406 2852 sui
416 2791 491 2872 juris
505 2801 536 2852 ιι
549 2792 655 2854 liberos
668 2787 758 2870 quam
774 2809 873 2855 servos
886 2809 953 2850 esse
966 2788 1073 2849 malle:
1094 2787 1202 2850 insueti

100 2881 175 2939 enim
189 2891 262 2942 sunt
275 2883 535 2963 cuiquamparere,
551 2893 581 2944 et
598 2883 687 2943 homo
707 2881 763 2943 iste
784 2882 966 2962 importunus
981 2889 1037 2955 est,
1050 2889 1086 2962 ut
1108 2884 1215 2962 aiunt.

99 2969 201 3051 Neque
214 2975 347 3054 profecto
358 2974 390 3035 id
398 2975 568 3036 incredibile
580 2975 713 3036 fortassis
727 2983 788 3034 est:
809 2974 953 3034 immerita
966 2974 1042 3032 enim
1055 2974 1202 3053 prosperi·
1284 3017 1287 3022 s

98 3073 141 3124 tas
164 3066 264 3127 stultis
280 3067 465 3127 occasionem
483 3069 598 3147 praebet
620 3089 639 3128 a
658 3069 778 3128 consilio
797 3066 978 3141 discedendi,
1005 3085 1094 3145 quare
1121 3085 1202 3146 saepe
1255 3133 1259 3140 ,

99 3156 210 3218 videtur
234 3168 320 3238 parta
339 3161 415 3220 tueri
432 3160 512 3220 bona
528 3180 594 3220 esse
615 3159 774 3232 difficilius,
796 3180 886 3239 quam
909 3179 1023 3239 parare.
1073 3158 1201 3240 Oportet

98 3246 183 3327 igitur
204 3269 271 3327 vos,
289 3251 493 3330 Athenienses,
519 3251 720 3333 importunum
746 3252 788 3311 illi
808 3251 925 3331 ternpus
948 3250 1032 3312 vobis
1058 3262 1199 3331 opportu-

99 3359 166 3402 num
179 3343 392 3419 existimantes,
408 3354 526 3406 strenue
542 3345 630 3406 rebus
645 3345 808 3417 subvenire,
821 3343 923 3420 missis
932 3363 994 3424 quo
1005 3344 1100 3404 'fuerit
1118 3344 1196 3423 'opus

96 3431 199 3512 legatis
222 3447 254 3497 et
264 3447 378 3498 vosmet
390 3438 471 3518 ipsos
484 3438 607 3498 militare
622 3438 735 3498 etalios
749 3455 852 3498 omnes
870 3437 1027 3511 concitare,
1047 3439 1105 3499 hoc
1121 3459 1196 3516 prc-

95 3529 187 3588 aertim
201 3540 381 3610 reputantes,
395 3531 419 3591 ιι
432 3531 520 3592 talem
532 3540 635 3591 contra
646 3549 701 3591 nos
715 3528 990 3610 Philippusteneret
1008 3532 1193 3592 occasionem
1240 3603 1244 3611 Ι

95 3631 124 3682 ιι
136 3623 249 3697 bellum
262 3644 353 3704 prope
367 3634 484 3685 nostros
498 3625 571 3686 fines
585 3623 717 3696 oriretur,
733 3642 820 3702 quam
833 3622 939 3704 cupide
951 3624 1063 3703 putatis
1078 3644 1146 3708 eum
1162 3625 1193 3684 in

95 3736 146 3778 uos
158 3715 347 3778 invasurum?
367 3717 407 3776 Et
419 3737 516 3778 nonne
529 3713 640 3797 pudeat
650 3736 713 3788 vos,
727 3716 752 3776 si
766 3735 822 3781 nec
835 3735 948 3796 eaquae
961 3716 1018 3796 ipsi
1033 3715 1194 3777 sustinere·

94 3810 141 3885 tis,
155 3813 181 3872 ιι
190 3820 293 3890 ροιιιι
302 3809 352 3870 ille
365 3811 479 3890 irffms,
493 3811 564 3870 data
572 3810 731 3872 occasione
744 3809 840 3870 iacere
852 3809 1006 3870 audeatis?

130 3907 178 3966 10.
201 3905 349 3964 Praeterea
361 3924 399 3964 ne
416 3903 474 3966 hoc
485 3903 604 3983 quidem
617 3922 671 3963 ros
689 3903 794 3982 fugiat,
805 3902 1007 3972 Athenienses,
1021 3920 1101 3961 nunc
1116 3900 1193 3982 cpti-

91 4017 176 4060 onem
199 3996 263 4058 dari
275 3997 371 4070 vobis,
384 4007 483 4056 utrum
502 4015 555 4056 vos
574 3995 634 4055 illic
656 4004 791 4075 oporteat
803 3996 912 4055 bellum
933 4013 1044 4073 gerere,
1058 4013 1096 4053 au
1112 3995 1193 4074 apud

92 4111 142 4152 vos
156 4088 261 4150 illumi
274 4089 306 4149 Si
320 4090 397 4150 enim
408 4089 615 4180 Olynthiorum
629 4107 699 4169 opes
712 4088 1055 4159 manserintincolumes,
1068 4107 1121 4147 vos
1134 4088 1195 4148 illic

92 4191 269 4264 pugnantes,
296 4201 365 4242 cum
387 4181 466 4242 illius
489 4201 613 4262 ragnum
636 4182 798 4252 vastabitis,
821 4190 995 4240 tumsecure
996 4179 1074 4242 hac
1095 4191 1191 4240 vestra

92 4285 168 4338 terra
179 4275 331 4336 fruemini:
353 4276 398 4334 sin
412 4275 463 4335 illa
473 4274 627 4355 Philippus
641 4273 798 4379 occuparit,
813 4274 878 4358 quis
898 4293 965 4333 eum
978 4293 1063 4353 porro
1075 4273 1157 4332 huc
1149 4292 1191 4332 ιιι

90 4367 273 4448 prohibebit?
293 4365 442 4428 lhebani.
463 4387 501 4428 ne
514 4366 552 4427 sit
564 4366 682 4426 dictu
655 4366 775 4426 nimium
794 4384 894 4446 grave,
907 4386 967 4426 una
979 4367 1067 4426 ιιιιιιι
1088 4366 1190 4424 irrum-

92 4474 160 4543 pent
173 4461 320 4544 expedite.
362 4461 409 4520 Αιι
424 4459 617 4526 Phocenses?
638 4459 688 4539 qui
708 4479 744 4520 ne
762 4479 816 4519 sua
834 4459 951 4538 quidem
969 4466 1094 4538 possunt
1107 4455 1215 4527 tueri,¹
