2932 4952
198 253 257 310 ³58
477 295 479 302 .
498 249 679 310 CONTRA·
692 245 1011 310 ANDRQTIONEM.

190 407 235 468 lde
257 407 291 468 iis
305 407 356 486 qui
374 424 431 464 nou
452 417 566 484 petunt,
588 425 644 466 nec
664 405 797 484 accipere
818 405 981 485 postulant,
1005 415 1182 482 prorsusne
1203 398 1299 478 rogeri

198 499 318 579 quidem
339 498 540 562 conveniebat.
565 498 722 569 Praeterea,
737 517 804 557 cunr
824 497 1001 574 quibusdam
1024 494 1061 553 de
1082 493 1169 552 rebus
1192 489 1299 550 Midias

198 601 351 678 accusaret
366 603 509 664 serratum,
523 604 552 651 et
563 591 636 650 alios
651 589 806 669 quosdam,
820 589 1009 648 subsilientes
1024 595 1174 648 senatores
1189 583 1300 664 precati

200 694 279 756 suut,
292 703 330 742 ne
351 683 405 742 sibi
420 683 571 761 praemium
585 684 753 762 eriperetur.
791 683 830 740 Et
849 681 915 740 haec
929 680 1012 740 vobis
1030 678 1182 758 judicibus
1204 697 1239 736 ex
1254 697 1300 740 me

199 779 301 841 audire
317 777 385 836 nihil
402 789 448 836 est
462 797 546 856 opus,
561 799 628 840 curn
643 779 698 857 ipsi
711 797 810 838 coram
828 775 966 850 videritis,
979 776 1051 855 quid
1066 775 1145 854 apud
1159 775 1300 854 populum

189 881 297 940 ,actum
312 871 408 930 fuerit.
432 871 531 937 Quare
545 871 570 930 si
585 870 848 948 senatumpetiisse
861 870 985 947 negarit,
1000 869 1043 928 sic
1057 869 1221 928 occurrite:
1239 868 1301 947 jem

198 965 271 1025 illud
288 965 377 1029 etiam
398 963 564 1034 ostendam,
579 984 638 1023 nou
653 963 820 1043 permittere
838 963 945 1042 legem,
956 972 994 1022 ut
1006 962 1134 1041 populus
1148 960 1300 1042 praemium

171 1115 173 1120 ,
200 1060 252 1119 det
265 1049 391 1131 senatui,
404 1058 570 1116 triremibus
583 1077 642 1116 non
657 1057 753 1118 factis.
786 1057 855 1116 Hae
877 1045 914 1114 de
927 1073 1029 1126 causa,
1043 1053 1250 1126 Athenienses,
1264 1053 1302 1112 ad

195 1149 622 1222 'hunomodumlatalexest,
646 1169 692 1208 ne
717 1148 880 1228 senatui
904 1148 1033 1208 liceat
1056 1147 1301 1207 triremibus

188 1265 279 1304 ¹non
306 1243 439 1302 lactis
462 1243 675 1321 postulare
698 1262 847 1313 munus,
875 1253 909 1302 ut
931 1241 1100 1320 ne‘populo
1120 1237 1298 1320 persuaderi,

188 1337 350 1398 auruncus
365 1336 427 1393 fieri
440 1335 541 1412 possit
574 1334 679 1414 Neque
693 1335 770 1394 enim
785 1334 935 1413 legislator
949 1335 979 1393 in
994 1341 1141 1412 potestate
1154 1341 1302 1393 oratorum

184 1452 261 1490 »rem
283 1450 349 1490 esse
375 1440 509 1510 oportere
530 1429 654 1501 censuit,
677 1429 730 1488 sed
750 1429 830 1508 quod
854 1429 940 1489 tribui
961 1439 991 1488 et
1006 1428 1121 1508 justum
1142 1435 1173 1486 et
1191 1425 1302 1506 populo

202 1525 274 1584 utile
296 1533 384 1596 esset,
406 1522 472 1599 lege
494 1521 646 1582 delinitum
674 1542 741 1582 esse
762 1531 903 1602 oportere.
932 1522 1076 1580 Trirernes
1102 1539 1163 1579 non
1184 1516 1304 1578 iecisti?

201 1618 249 1676 Ne
264 1617 353 1696 igitur
367 1615 485 1695 postule
499 1616 657 1694 praemium.
691 1617 768 1676 Cum
789 1624 887 1676 autern
907 1624 1006 1696 petere
1021 1633 1080 1673 non
1094 1614 1181 1690 sinat,
1202 1629 1301 1672 nonne

201 1711 264 1771 dari
276 1710 466 1770 uehementer
479 1708 583 1769 vetati
1138 1725 1142 1732 ’

242 1805 274 1862 5.
293 1803 362 1861 Jem
384 1799 463 1860 illud
481 1803 569 1862 etiarn
586 1803 793 1863 excutiendum
816 1812 869 1876 est,
884 1801 1090 1875 Athenienses,
1106 1821 1158 1862 cur
1172 1809 1303 1874 senatus,

184 1935 191 1974 ς
202 1895 315 1958 etiamsi
329 1895 434 1954 ceteris
450 1895 485 1978 iu
499 1897 584 1956 rebus
605 1897 740 1956 omnibus
758 1895 900 1976 praeclare
912 1916 943 1956 se
952 1896 1092 1974 gesserit,
1106 1912 1202 1973 neque
1216 1894 1256 1952 de
1266 1911 1303 1951 eo

189 1991 284 2070 ¹queri
297 1989 450 2068 quisquam
471 1990 573 2067 possit,
592 1990 723 2050 triremes
746 2002 843 2050 autem
866 2010 926 2050 nou
946 1990 1059 2062 feeerit,
1072 1988 1224 2069 praemium
1245 2005 1304 2046 non

200 2084 290 2145 liceat
303 2080 470 2162 postularet
492 2083 649 2143 invenietis
663 2084 741 2142 enim
759 2083 816 2142 hoc
839 2083 869 2140 in
883 2082 985 2162 populi
999 2081 1066 2142 e'sse
1078 2080 1305 2160 praesidiumin-

201 2178 346 2236 stitutum.
387 2174 522 2234 Arbitror
544 2177 620 2234 enirn
643 2177 853 2254 refragaturum
874 2195 939 2235 esse
960 2176 1117 2245 neminem,
1132 2174 1203 2251 quin
1222 2173 1304 2252 quic·
1329 2233 1333 2242 ,

200 2269 272 2348 quid
284 2269 332 2328 vel
344 2269 465 2339 bouum,
477 2268 524 2328 vel
545 2268 783 2340 diversum-ue
802 2265 872 2346 quid
895 2267 1061 2326 ominosum
1081 2266 1230 2336 dieam—,
1242 2265 1302 2324 rei·

145 2387 154 2398 ’
202 2361 327 2443 publicae
345 2362 578 2438 contigerimus
598 2381 685 2420 nuno
701 2361 788 2420 etiarn
813 2361 870 2420 sit:
892 2360 1052 2418 triremium
1073 2358 1121 2418 vel
1148 2358 1244 2436 copia,
1258 2359 1304 2417 vel

201 2453 302 2535 inopia
315 2455 484 2531 contigisse.
527 2453 622 2531 Cujus
634 2455 749 2532 generis
764 2452 856 2511 multa
868 2453 967 2512 referri
975 2461 1101 2532 possent
1119 2461 1149 2510 et
1162 2455 1265 2510 vetere
1278 2461 1307 2512 et

201 2547 338 2607 recentia.
381 2545 469 2613 Quod
483 2563 552 2604 vero
566 2554 612 2602 est
625 2546 759 2604 omnibus
782 2544 968 2604 audientibus
983 2545 1176 2615 notissimum,
1192 2544 1306 2622 eosqui

187 2641 351 2722 ,propylaea
369 2639 420 2696 illa
443 2649 472 2696 et
494 2637 705 2716 parthenonem
721 2647 936 2706 exstruxerunt,
951 2646 982 2695 et
1002 2637 1073 2696 lana
1090 2645 1189 2694 cetera
1209 2638 1307 2696 omnia

187 2756 220 2796 ‚e
239 2733 338 2813 spoliis
362 2732 552 2790 barbarorum
576 2744 765 2805 exornarunt,
780 2749 846 2811 quae
866 2750 968 2791 omues
993 2730 1096 2789 merito
1116 2731 1198 2789 laudi
1222 2734 1306 2792 nobis

203 2827 357 2888 ducimus:
378 2825 443 2897 hos,
458 2824 589 2904 inquam,
611 2825 764 2884 audivistis
785 2823 927 2904 profecto,
951 2825 1069 2884 deserta
1083 2824 1155 2884 urbe
1170 2834 1200 2883 et
1222 2826 1305 2886 Sala-

202 2919 281 2978 mine
297 2917 522 2990 conclusosco
544 2916 621 2996 quod
640 2917 770 2976 triremes
791 2916 944 2989 haberent,
964 2925 997 2976 et
1009 2935 1112 2975 omnes
1132 2935 1202 2976 suas
1224 2938 1306 2998 opes,

202 3022 286 3093 perta
299 3009 395 3072 navali
408 3011 540 3083 victoria,
555 3022 642 3089 atque
656 3010 865 3090 rempublicam
888 3027 1091 3083 conservasse,
1106 3019 1137 3070 et
1147 3011 1179 3069 in
1194 3023 1307 3073 ceteros

136 3126 140 3132 ·
204 3105 327 3164 Grecos
348 3103 442 3162 multa
465 3113 496 3162 et
518 3123 626 3182 magna
649 3103 792 3164 beneficia
812 3102 982 3176 contulisse,
997 3121 1121 3181 quorum
1135 3105 1307 3166 memoriam

190 3199 428 3260 nullavetustas
443 3198 580 3257 abolebit.
622 3199 683 3258 Sed
704 3199 755 3258 illa
768 3199 885 3278 quidem
907 3189 1029 3278 antique
1042 3209 1207 3258 etvetera:
1229 3193 1308 3280 quod

204 3301 304 3351 autem
326 3290 440 3350 vidistis
462 3311 575 3365 omnes,
598 3292 628 3351 id
653 3292 769 3352 dicam:
793 3293 884 3365 scitis,
899 3311 951 3352 vos
975 3291 1306 3371 nuper'Eubceensibus

202 3388 280 3448 iutra
296 3384 423 3443 triduum
442 3385 653 3468 opemtulisse,
666 3395 698 3445 et
707 3386 855 3445 Thebanis
869 3385 1054 3446 ictod'oedere
1065 3383 1307 3452 abeundifecisse

192 3487 390 3559 potestatem.
433 3476 577 3556 Nunquid
596 3488 693 3538 autern
712 3479 742 3537 id
757 3489 840 3538 tante
856 3479 1006 3540 celeritate
1019 3473 1308 3550 'confecissetis‚‘nlsi

188 3617 190 3627 .
205 3579 441 3644 navesrecentes
455 3570 642 3643 habuissetis,
656 3572 861 3652 quibusropem
875 3570 1037 3630 tulissetis?
1069 3569 1126 3629 .Ne
1139 3571 1307 3650 potuissetis

189 3666 333 3745 ¹quidem.
376 3663 476 3722 Multa
486 3664 641 3724 commoda
654 3665 874 3725 commemorari
885 3673 1018 3744 possent,
1028 3680 1101 3741 :quae
1111 3659 1308 3743 reipublic'aee

188 3769 285 3820 ,recta
303 3758 463 3818 triremium
481 3757 673 3818 instructione
687 3760 881 3838 contigerunt.
923 3757 941 3816 J
945 3777 991 3818 arn
1006 3779 1022 3817 e
1036 3755 1175 3836 neglecta
1188 3769 1308 3836 quantae

205 3851 410 3914 calamitates?
431 3853 476 3912 Ac
491 3862 589 3912 cetera
603 3853 753 3914 omittam:
775 3855 805 3912 in
819 3853 961 3914 Decelito
975 3862 1073 3912 autern
1083 3853 1244 3913 bello—ex
1258 3875 1309 3914 an-

105 4003 108 4009 .
204 3945 337 4024 tiquitate
361 3947 438 4007 enirn
461 3967 551 4006 unum
571 3947 750 4026 exemplum,
771 3949 851 4025 quod
874 3949 958 4007 vobis
982 3947 1118 4006 omnibus
1136 3948 1311 4027 quammihi

200 4039 304 4100 notius
321 4050 375 4111 est,
392 4039 644 4146 proferam-cum
658 4040 824 4119 respublica
838 4041 944 4100 multas
958 4050 989 4100 et
1002 4055 1125 4120 magnas
1140 4041 1243 4100 clades
1263 4053 1311 4100 a'o-

199 4129 341 4210 cepisset,
352 4134 477 4210 majores
489 4132 582 4192 nostri
591 4131 769 4194 deditionem
780 4154 839 4193 non
850 4144 918 4193 ante
928 4133 1071 4207 lecerunt,
1084 4152 1172 4212 quam
1186 4133 1312 4194 classem

201 4222 382 4288 emisissent.
424 4224 462 4283 Et
475 4244 614 4304 quorsum
629 4225 734 4286 attinet
747 4246 900 4288 recensere
913 4225 1029 4286 veterei
1062 4225 1254 4287 Postremo
1234 4227 1311 4287 enim

187 4313 357 4382 ‚Laconico
370 4314 457 4388 bello,
472 4337 540 4376 oum
555 4337 645 4382 naves
665 4339 754 4400 posse
768 4319 882 4380 mittere
902 4321 962 4380 non
970 4321 1158 4392 videremini,
1179 4321 1263 4380 scitis
1276 4329 1310 4378 ut

190 4407 336 4467 subnata
359 4405 447 4470 suerit
466 4408 587 4470 civitas:
608 4413 688 4474 scitis
709 4425 741 4472 ut
764 4435 864 4474 ervum
887 4414 991 4490 venale
1013 4413 1110 4475 fuerit
1152 4413 1197 4472 ut
1210 4422 1309 4472 eutem
