2912 4946
130 231 142 256 ⁸
220 208 282 312 ιιι
362 327 365 334 ,
610 251 654 312 ιιι
676 249 883 312 ιιιιοιιιιιι
906 251 978 335 ι,

556 589 585 598 γ’
637 492 906 566 TESTIMONIA.

223 671 402 732 Moeriadern
422 683 526 736 tutem
536 694 595 734 non
611 674 703 736 fuisse
717 674 846 754 inopem,
860 687 957 754 neque
970 684 1085 759 epatre
1103 674 1182 734 hunc
1205 684 1320 736 coutro-

223 775 304 826 ctum
319 764 356 824 dc
375 767 630 846 mancipiis'stu'lte
650 787 717 828 esse
735 767 1009 840 factum,'evidenti
1028 768 1112 846 sig'no
1122 764 1320 846 cognoscetis.

224 859 302 918 Nam
317 859 464 937 Aphobus
478 860 603 929 officina,
617 869 651 920 nt
664 880 700 920 ex
716 859 841 920 testibus
853 858 1015 930 audivistis,
1028 860 1067 920 sd
1086 879 1151 920 sese
1170 860 1320 928 translate,

221 959 312 1031 quum
329 952 417 1012 officii
431 962 522 1025 esset,
537 953 561 1014 si
577 953 641 1032 quis
657 953 731 1014 nlius
744 953 773 1012 in
783 965 847 1014 eam
862 953 1019 1032 quicquum
1034 954 1167 1013 conferre
1181 951 1280 1024 vellet,
1291 961 1322 1010 ιιι

221 1044 284 1124 ipse
299 1045 406 1104 tutorio
420 1045 539 1106 nomine
550 1045 727 1125 prohiberet,
738 1064 791 1124 pro
804 1045 849 1104 his
863 1045 1015 1125 mancipiis
1032 1044 1188 1112 Moeriedss
1199 1044 1321 1127 quinge-

222 1156 276 1196 nas
291 1136 447 1199 drachmas
460 1137 523 1217 ipse
539 1138 698 1208 foeuerevit,
711 1157 786 1216 quus
801 1139 839 1198 ab
861 1136 955 1208 cose,
973 1147 1008 1197 ut
1020 1150 1133 1198 rectum
1146 1155 1320 1216 aequumque

220 1231 318 1304 fucrit,
340 1231 449 1292 fatetur
471 1233 628 1312 recepisse.
671 1233 751 1290 Num
774 1230 846 1310 quid
865 1233 955 1309 igitur
978 1230 1106 1310 iniquius
1131 1230 1193 1306 fieri
1215 1239 1322 1310 potest,

222 1343 310 1401 quem
324 1342 379 1384 nos
393 1344 448 1384 nee
461 1323 536 1384 lucri
551 1344 588 1383 ex
609 1324 651 1384 eis
670 1323 810 1384 habuisse
824 1323 991 1403 quicquam,
1005 1332 1035 1382 ct
1052 1323 1120 1401 ipse
1132 1322 1257 1402 pignore
1271 1343 1321 1384 no·

222 1415 279 1489 bis,
303 1411 480 1496 qui‘priores
494 1415 719 1489 soenersvimus,
730 1415 852 1496 periisse
860 1413 879 1476 ἰ’
893 1415 942 1474 isti
955 1434 1034 1485 vero,
1052 1415 1103 1493 qui
1121 1415 1278 1494 pecuniam
1292 1415 1320 1474 in

223 1519 322 1569 nostre
334 1510 459 1588 pignora
472 1509 597 1570 contulit
610 1508 698 1588 idque
712 1517 796 1568 tanto
809 1511 1023 1587 temporepost
1035 1506 1116 1576 lecit,
1130 1515 1192 1566 tem
1200 1511 1321 1566 'usurenr

223 1621 313 1680 quem
326 1611 435 1662 sortem
449 1623 466 1662 e
479 1601 586 1662 nostris
601 1620 666 1661 csse
681 1602 856 1672 restitutam,
870 1620 926 1660 nec
933 1599 1027 1659 ullam
1040 1597 1101 1658 ibi
1094 1599 1222 1678 mopiam
1232 1599 1322 1660 obsti·

223 1692 329 1754 titisse.
372 1693 414 1754 Ut
433 1701 530 1752 autern
549 1711 619 1754 rere
631 1711 679 1752 me
700 1692 797 1752 dicere
811 1697 962 1770 appareat,
982 1710 1056 1768 cepe
1070 1691 1272 1752 testimonium
1288 1710 1323 1752 ec

223 1786 325 1850 recita

620 2011 927 2090 rssrruoururr.
962 1975 965 1980 ’

223 2159 290 2220 Jem
310 2155 505 2231 considerate,
529 2155 670 2236 quantum
691 2157 805 2237 argenti
822 2157 1008 2218 electorum
1023 2159 1116 2218 febris
1136 2159 1323 2222 Ιιιιιιιιειιιιιι.

224 2249 430 2330 Quadrdginte
438 2249 531 2310 mines
545 2251 640 2330 ipsein
647 2249 770 2323 sortem,
784 2251 932 2329 qriaestnrn
940 2270 993 2330 per
1001 2269 1106 2330 operas
1121 2250 1267 2312 decennio
1281 2252 1324 2314 [φ
1340 2279 1345 2288 -
1437 2235 1438 2268 ³

206 2385 210 2399 ,
223 2354 303 2404 ctum
313 2344 372 2404 duo
380 2345 505 2404 talenta:
521 2363 590 2403 nam
601 2342 756 2402 duodecim
770 2341 914 2405 minarum
928 2343 1104 2404 reditumex
1118 2344 1162 2418 eis
1170 2345 1324 2422 quotannis

224 2434 404 2496 hahuerunt.
446 2435 526 2494 Num
540 2433 662 2515 parvur'n
677 2434 817 2514 quiddsrir
826 2437 915 2514 ιιιφιιὲ
926 2455 962 2496 ex
976 2456 1008 2496 re
1020 2437 1163 2508 obscura,
1177 2436 1258 2496 unde
1267 2438 1327 2497 fur·

224 2537 284 2586 tum
300 2529 397 2587 lacere
412 2528 451 2588 sit
460 2527 650 2607 expeditum?
665 2547 700 2587 sc
714 2546 774 2586 non
783 2528 879 2607 potius
891 2528 1039 2607 itspelam
1049 2529 1205 2589 trielcrme
1215 2532 1326 2592 talento
1436 2519 1437 2562 l

224 2620 447 2699 surripuerunt?
469 2619 544 2688 Quae
561 2620 631 2698 quia
647 2620 837 2680 communrter
846 2629 916 2680 sunt
929 2620 1053 2700 direpto,
1066 2621 1203 2682 trientem
1213 2621 1279 2682 sb
1271 2633 1326 2684 rstn

223 2712 293 2772 mihi
307 2712 419 2771 restitui
432 2731 485 2792 per
498 2721 553 2772 est
1318 2737 1321 2744 ⁴

265 2807 295 2864 8.
315 2806 384 2865 Jam
407 2806 443 2865 de
458 2807 544 2866 ebore
558 2807 819 2896 ferroquerelicto,
838 2807 973 2880 ludices,
994 2807 1074 2868 idem
1087 2794 1150 2869 ferd
1168 2810 1326 2872 machinsti
1435 2799 1436 2860 ἶ

224 2903 312 2960 sunt:
334 2917 402 2957 nem
415 2898 482 2956 hree
496 2915 613 2976 quoque
626 2917 686 2958 non
700 2899 863 2979 proferunt.
906 2902 965 2969 Qui
980 2910 1079 2960 autem
1092 2900 1283 2980 fieri'pocest,
1297 2914 1328 2966 ut

223 2993 248 3052 is
262 2994 312 3071 qui
331 2993 381 3051 tot'
391 3003 421 3052 et
434 2993 578 3053 lectorum
592 3003 622 3051 et
634 2993 798 3072 gladiorum
817 2993 917 3078 fabros
936 2981 1079 3075 possedit,
1090 3015 1151 3056 non
1166 2998 1259 3058 etiam
1273 2999 1325 3060 fdr-

224 3105 288 3145 rum
300 3087 332 3145 et
344 3087 417 3150 ehur'
427 3085 596 3164 reliquerit?
613 3081 745 3145 ‘Omnino
757 3097 851 3148 certe·
864 3087 911 3148 est
928 3106 1051 3148 necesse
1065 3099 1096 3147 et
1109 3087 1177 3148 brec
1196 3089 1324 3165 affuisse.

224 3181 301 3242 Nem
322 3182 384 3242 sine
407 3177 530 3242 materis
550 3181 621 3260 quid
636 3182 731 3260 operis
755 3182 856 3242 facere
868 3182 1054 3262 potuissent?
1083 3184 1158 3242 Eum
1173 3183 1266 3262 igitur
1278 3186 1325 3266 qui

223 3274 349 3353 emplius
363 3270 580 3352 quinquaginta
590 3273 736 3352 mancipis
748 3274 881 3380 possedit
893 3285 926 3334 'ct
935 3275 1051 3334 duobus
1062 3275 1192 3355 opificiis
1200 3278 1324 3356 proeluit,

166 3419 170 3427 .
223 3385 348 3450 quorum
362 3365 454 3426 alters
467 3363 584 3426 officine
595 3366 673 3426 ultra
684 3363 769 3426 hines
783 3365 878 3425 mines
894 3365 1018 3446 singulis
1027 3369 1210 3428 mensibus'
1200 3389 1233 3428 ιιι
1247 3371 1326 3441 ebur,

221 3457 390 3540 gladiorum
403 3458 516 3519 fabrica
529 3479 588 3520 non
604 3457 706 3519 minus
715 3475 808 3538 'quem
830 3459 1005 3520 tantundem
1024 3480 1087 3521 uns
1103 3481 1173 3520 cum
1191 3461 1293 3524 ferro
1285 3482 1324 3524 ιιι-

151 3595 153 3606 ,
223 3553 359 3632 sumpsit,
374 3549 479 3612 horur'rr
499 3552 571 3612 nihil
590 3552 749 3630 reliquisse
761 3552 886 3614 dicunt:
907 3571 942 3612 eo
963 3550 1107 3614 venerunt
1127 3555 1325 3634 impudentius

225 3643 285 3706 Sed
302 3665 354 3706 eos
368 3664 428 3704 non
447 3641 598 3706 credibilis
614 3646 723 3718 dicere,
739 3645 785 3705 rel
796 3661 843 3705 ‘ex
858 3645 941 3704 ‘his
933 3646 1004 3725 rpsis
1025 3645 1111 3707 lecile
1131 3648 1326 3727 perspicitur:

223 3737 336 3798 tantem
350 3747 446 3810 sutem
462 3735 659 3818 cunr'copiem
675 3735 839 3818 reliquisse,
852 3749 886 3796 ut
909 3757 968 3819 non
987 3739 1075 3798 modo
1096 3739 1160 3818 ejus
1174 3741 1327 3820 opificibus

224 3829 343 3899 ebunds
355 3829 396 3890 sd
409 3849 484 3909 opus
494 3828 667 3916 'faciendum
680 3840 859 3911 suppeteret,
872 3831 1023 3890 sedetiam
1037 3831 1076 3892 ed
1090 3832 1247 3910 quibusvis
1259 3851 1327 3896 ren·

225 3923 365 3997 dendum,
379 3921 449 3994 hinc
473 3934 607 4004 apparet,
624 3924 703 4003 quod
718 3934 748 3983 et
765 3921 833 4003 ipse'
847 3922 949 3985 uirens
964 3925 1105 3998 vendidit,
1119 3936 1160 3997 ct,
1172 3925 1328 4008 pistrs'jem

125 4097 128 4104 Ι
223 4015 376 4090 defuncto,
389 4017 566 4098 Demophon
582 4027 612 4077 et
631 4017 688 4078 iste
702 4038 738 4077 ex
757 4017 871 4078 aedibus
883 4018 918 4078 iis
930 4019 981 4096 qui
994 4019 1109 4079 'vellent
1123 4021 1327 4091 vendiderunt.

224 4111 323 4176 Quom
334 4109 425 4171 multa
434 4112 524 4191 igitur
537 4111 628 4171 luisse
640 4111 741 4171 relicte
754 4107 985 4173 consentaneum
996 4121 1053 4182 est,
1059 4131 1152 4190 quum
1165 4132 1202 4172 ee
1210 4125 1329 4176 constet

116 4245 121 4257 .
191 4271 193 4278 Ι
216 4221 285 4262 'non
298 4203 391 4263 modo
407 4204 497 4266 tantis
511 4203 633 4264 officinis
648 4201 810 4280 suffecisse,
827 4204 880 4262 sed
893 4213 924 4263 ct
937 4204 1114 4266 etutoribus
1126 4206 1250 4268 seorsim
1264 4225 1329 4266 esse

225 4294 397 4356 divendita?
418 4295 500 4356 Num
515 4297 655 4375 paucula,
677 4318 715 4358 en
730 4316 798 4362 uero
812 4296 902 4375 longe
916 4296 1002 4376 plura
1015 4317 1105 4376 quam
1116 4317 1185 4376 quse
1194 4299 1230 4358 in
1239 4317 1330 4360 sccu-

227 4387 341 4448 setione
352 4389 512 4470 perscripta
523 4388 612 4450 sunt?
634 4389 716 4470 Cape
727 4389 792 4452 hoec
806 4389 983 4468 testimonia,
994 4401 1024 4451 ct
1036 4389 1083 4456 his
1093 4389 1195 4452 recita.
