<?xml version="1.0" encoding="UTF-8"?>
<!DOCTYPE html PUBLIC "-//W3C//DTD XHTML 1.0 Transitional//EN"
    "http://www.w3.org/TR/xhtml1/DTD/xhtml1-transitional.dtd">
<html xmlns="http://www.w3.org/1999/xhtml" xml:lang="en" lang="en">
 <head>
  <title>
</title>
<meta http-equiv="Content-Type" content="text/html;charset=utf-8" />
  <meta name='ocr-system' content='tesseract 3.04.00' />
  <meta name='ocr-capabilities' content='ocr_page ocr_carea ocr_par ocr_line ocrx_word'/>
</head>
<body>
  <div class='ocr_page' id='page_1' title='image "./demosthenisetsc08ulpigoog/demosthenisetsc08ulpigoog_0053.png"; bbox 0 0 2920 4950; ppageno 0'>
   <div class='ocr_carea' id='block_1_1' title="bbox 259 235 1018 348">
    <p class='ocr_par' dir='ltr' id='par_1_1' title="bbox 259 235 1018 348">
     <span class='ocr_line' id='line_1_1' title="bbox 259 235 1018 348; baseline 0.001 -22"><span class='ocrx_word' id='word_1_1' title='bbox 259 267 300 326; x_wconf 65' lang='grc' dir='ltr'>ιι</span> <span class='ocrx_word' id='word_1_2' title='bbox 594 235 867 332; x_wconf 69' lang='grc' dir='ltr'><strong>οιιιιιιιιιοι</strong></span> <span class='ocrx_word' id='word_1_3' title='bbox 895 266 942 328; x_wconf 95' lang='grc' dir='ltr'>ιιι</span> <span class='ocrx_word' id='word_1_4' title='bbox 966 267 1018 348; x_wconf 76' lang='grc' dir='ltr'><strong>(ι).</strong></span> 
     </span>
    </p>
   </div>
   <div class='ocr_carea' id='block_1_2' title="bbox 175 416 1401 4405">
    <p class='ocr_par' dir='ltr' id='par_1_2' title="bbox 213 416 1371 1437">
     <span class='ocr_line' id='line_1_2' title="bbox 213 416 1365 505; baseline -0.003 -23"><span class='ocrx_word' id='word_1_5' title='bbox 213 423 222 442; x_wconf 60' lang='lat'>&#39;‘</span> <span class='ocrx_word' id='word_1_6' title='bbox 262 421 461 501; x_wconf 79' lang='lat' dir='ltr'>Magnesiam,</span> <span class='ocrx_word' id='word_1_7' title='bbox 474 423 584 496; x_wconf 88' lang='lat' dir='ltr'>omnia,</span> <span class='ocrx_word' id='word_1_8' title='bbox 598 443 654 486; x_wconf 91' lang='lat' dir='ltr'>suo</span> <span class='ocrx_word' id='word_1_9' title='bbox 667 423 807 486; x_wconf 87' lang='lat' dir='ltr'>arbitratu</span> <span class='ocrx_word' id='word_1_10' title='bbox 820 422 1045 505; x_wconf 73' lang='lat' dir='ltr'>composuisset,</span> <span class='ocrx_word' id='word_1_11' title='bbox 1062 422 1094 487; x_wconf 86' lang='lat' dir='ltr'>iu</span> <span class='ocrx_word' id='word_1_12' title='bbox 1106 419 1264 484; x_wconf 80' lang='lat' dir='ltr'>Threciam</span> <span class='ocrx_word' id='word_1_13' title='bbox 1277 416 1365 480; x_wconf 79' lang='lat' dir='ltr'>ab‘dt:</span> 
     </span>
     <span class='ocr_line' id='line_1_3' title="bbox 260 512 1366 597; baseline -0.001 -23"><span class='ocrx_word' id='word_1_14' title='bbox 260 512 303 576; x_wconf 92' lang='lat' dir='ltr'>ibi</span> <span class='ocrx_word' id='word_1_15' title='bbox 316 535 418 595; x_wconf 84' lang='lat' dir='ltr'>regum</span> <span class='ocrx_word' id='word_1_16' title='bbox 432 514 495 578; x_wconf 84' lang='lat' dir='ltr'>aliis</span> <span class='ocrx_word' id='word_1_17' title='bbox 507 515 619 597; x_wconf 85' lang='lat' dir='ltr'>ejectis,</span> <span class='ocrx_word' id='word_1_18' title='bbox 633 515 697 578; x_wconf 84' lang='lat' dir='ltr'>eliis</span> <span class='ocrx_word' id='word_1_19' title='bbox 709 515 888 589; x_wconf 83' lang='lat' dir='ltr'>constitutis,</span> <span class='ocrx_word' id='word_1_20' title='bbox 898 516 929 577; x_wconf 90' lang='lat' dir='ltr'>in</span> <span class='ocrx_word' id='word_1_21' title='bbox 941 517 1076 580; x_wconf 87' lang='lat' dir='ltr'>morbum</span> <span class='ocrx_word' id='word_1_22' title='bbox 1086 513 1206 576; x_wconf 84' lang='lat' dir='ltr'>incidit:</span> <span class='ocrx_word' id='word_1_23' title='bbox 1220 531 1304 577; x_wconf 84' lang='lat' dir='ltr'>exeo</span> <span class='ocrx_word' id='word_1_24' title='bbox 1319 531 1366 573; x_wconf 87' lang='lat' dir='ltr'>re-</span> 
     </span>
     <span class='ocr_line' id='line_1_4' title="bbox 262 603 1365 688; baseline -0.003 -21"><span class='ocrx_word' id='word_1_25' title='bbox 262 617 379 673; x_wconf 86' lang='lat' dir='ltr'>creatus</span> <span class='ocrx_word' id='word_1_26' title='bbox 397 628 459 669; x_wconf 62' lang='lat' dir='ltr'>non,</span> <span class='ocrx_word' id='word_1_27' title='bbox 475 609 514 670; x_wconf 84' lang='lat' dir='ltr'>ed</span> <span class='ocrx_word' id='word_1_28' title='bbox 528 607 694 670; x_wconf 76' lang='lat' dir='ltr'>socordiam</span> <span class='ocrx_word' id='word_1_29' title='bbox 708 627 740 670; x_wconf 87' lang='lat' dir='ltr'>ss</span> <span class='ocrx_word' id='word_1_30' title='bbox 754 608 884 682; x_wconf 86' lang='lat' dir='ltr'>deflexit,</span> <span class='ocrx_word' id='word_1_31' title='bbox 898 609 953 672; x_wconf 87' lang='lat' dir='ltr'>sed</span> <span class='ocrx_word' id='word_1_32' title='bbox 967 609 1065 670; x_wconf 85' lang='lat' dir='ltr'>statim</span> <span class='ocrx_word' id='word_1_33' title='bbox 1079 603 1239 688; x_wconf 81' lang='lat' dir='ltr'>Olynthios</span> <span class='ocrx_word' id='word_1_34' title='bbox 1247 613 1300 684; x_wconf 74' lang='lat' dir='ltr'>ert</span> <span class='ocrx_word' id='word_1_35' title='bbox 1312 623 1365 684; x_wconf 81' lang='lat' dir='ltr'>og·</span> 
     </span>
     <span class='ocr_line' id='line_1_5' title="bbox 261 697 1366 783; baseline -0.002 -21"><span class='ocrx_word' id='word_1_36' title='bbox 261 719 393 782; x_wconf 81' lang='lat' dir='ltr'>gressus.</span> <span class='ocrx_word' id='word_1_37' title='bbox 415 701 489 781; x_wconf 86' lang='lat' dir='ltr'>Ejus</span> <span class='ocrx_word' id='word_1_38' title='bbox 502 700 769 783; x_wconf 83' lang='lat' dir='ltr'>auteminlllyrios</span> <span class='ocrx_word' id='word_1_39' title='bbox 783 710 815 764; x_wconf 96' lang='lat' dir='ltr'>et</span> <span class='ocrx_word' id='word_1_40' title='bbox 825 700 864 762; x_wconf 87' lang='lat' dir='ltr'>ad</span> <span class='ocrx_word' id='word_1_41' title='bbox 875 700 999 762; x_wconf 78' lang='lat' dir='ltr'>Pmouas</span> <span class='ocrx_word' id='word_1_42' title='bbox 1008 709 1039 762; x_wconf 93' lang='lat' dir='ltr'>et</span> <span class='ocrx_word' id='word_1_43' title='bbox 1050 700 1194 762; x_wconf 77' lang='lat' dir='ltr'>adsersus</span> <span class='ocrx_word' id='word_1_44' title='bbox 1204 697 1366 778; x_wconf 59' lang='lat' dir='ltr'>plrymbam</span> 
     </span>
     <span class='ocr_line' id='line_1_6' title="bbox 261 788 1368 875; baseline -0.008 -19"><span class='ocrx_word' id='word_1_45' title='bbox 261 803 294 856; x_wconf 87' lang='lat' dir='ltr'>et</span> <span class='ocrx_word' id='word_1_46' title='bbox 306 813 367 874; x_wconf 93' lang='lat' dir='ltr'>quo</span> <span class='ocrx_word' id='word_1_47' title='bbox 379 793 462 856; x_wconf 86' lang='lat' dir='ltr'>noui</span> <span class='ocrx_word' id='word_1_48' title='bbox 482 803 625 875; x_wconf 77' lang='lat' dir='ltr'>pretereo</span> <span class='ocrx_word' id='word_1_49' title='bbox 637 793 847 874; x_wconf 83' lang='lat' dir='ltr'>expeditiones.</span> <span class='ocrx_word' id='word_1_50' title='bbox 868 792 949 864; x_wconf 82' lang='lat' dir='ltr'>Quid</span> <span class='ocrx_word' id='word_1_51' title='bbox 960 812 1044 873; x_wconf 75' lang='lat' dir='ltr'>ergo,</span> <span class='ocrx_word' id='word_1_52' title='bbox 1054 791 1168 872; x_wconf 80' lang='lat' dir='ltr'>inquiet</span> <span class='ocrx_word' id='word_1_53' title='bbox 1181 788 1297 868; x_wconf 85' lang='lat' dir='ltr'>aliquis,</span> <span class='ocrx_word' id='word_1_54' title='bbox 1310 788 1368 848; x_wconf 84' lang='lat' dir='ltr'>ista</span> 
     </span>
     <span class='ocr_line' id='line_1_7' title="bbox 261 882 1369 968; baseline -0.006 -20"><span class='ocrx_word' id='word_1_55' title='bbox 261 888 347 954; x_wconf 86' lang='lat' dir='ltr'>uobis</span> <span class='ocrx_word' id='word_1_56' title='bbox 374 908 587 953; x_wconf 85' lang='lat' dir='ltr'>commemoras</span> <span class='ocrx_word' id='word_1_57' title='bbox 615 886 718 950; x_wconf 84' lang='lat' dir='ltr'>nunoi</span> <span class='ocrx_word' id='word_1_58' title='bbox 752 887 917 968; x_wconf 85' lang='lat' dir='ltr'>Utrumque</span> <span class='ocrx_word' id='word_1_59' title='bbox 934 895 969 947; x_wconf 93' lang='lat' dir='ltr'>ut</span> <span class='ocrx_word' id='word_1_60' title='bbox 986 884 1185 968; x_wconf 81' lang='lat' dir='ltr'>cognoscatis,</span> <span class='ocrx_word' id='word_1_61' title='bbox 1207 882 1369 944; x_wconf 83' lang='lat' dir='ltr'>Athenien·</span> 
     </span>
     <span class='ocr_line' id='line_1_8' title="bbox 264 974 1369 1062; baseline -0.007 -20"><span class='ocrx_word' id='word_1_62' title='bbox 264 1001 324 1053; x_wconf 88' lang='lat' dir='ltr'>ses,</span> <span class='ocrx_word' id='word_1_63' title='bbox 348 991 380 1044; x_wconf 89' lang='lat' dir='ltr'>et</span> <span class='ocrx_word' id='word_1_64' title='bbox 398 982 540 1054; x_wconf 78' lang='lat' dir='ltr'>tendetis,</span> <span class='ocrx_word' id='word_1_65' title='bbox 565 993 628 1043; x_wconf 91' lang='lat' dir='ltr'>tum</span> <span class='ocrx_word' id='word_1_66' title='bbox 650 981 791 1062; x_wconf 82' lang='lat' dir='ltr'>projicere</span> <span class='ocrx_word' id='word_1_67' title='bbox 809 980 979 1062; x_wconf 83' lang='lat' dir='ltr'>singulatim</span> <span class='ocrx_word' id='word_1_68' title='bbox 1003 999 1119 1062; x_wconf 87' lang='lat' dir='ltr'>semper</span> <span class='ocrx_word' id='word_1_69' title='bbox 1139 974 1250 1059; x_wconf 84' lang='lat' dir='ltr'>aliquid</span> <span class='ocrx_word' id='word_1_70' title='bbox 1270 994 1369 1038; x_wconf 87' lang='lat' dir='ltr'>rerum</span> 
     </span>
     <span class='ocr_line' id='line_1_9' title="bbox 264 1067 1368 1160; baseline -0.005 -26"><span class='ocrx_word' id='word_1_71' title='bbox 264 1092 353 1155; x_wconf 89' lang='lat' dir='ltr'>quam</span> <span class='ocrx_word' id='word_1_72' title='bbox 374 1095 435 1137; x_wconf 92' lang='lat' dir='ltr'>non</span> <span class='ocrx_word' id='word_1_73' title='bbox 458 1075 604 1156; x_wconf 80' lang='lat' dir='ltr'>expediet,</span> <span class='ocrx_word' id='word_1_74' title='bbox 625 1083 688 1138; x_wconf 84' lang='lat' dir='ltr'>tum</span> <span class='ocrx_word' id='word_1_75' title='bbox 712 1073 842 1142; x_wconf 85' lang='lat' dir='ltr'>studium</span> <span class='ocrx_word' id='word_1_76' title='bbox 864 1073 938 1135; x_wconf 90' lang='lat' dir='ltr'>illud</span> <span class='ocrx_word' id='word_1_77' title='bbox 962 1073 1082 1160; x_wconf 84' lang='lat' dir='ltr'>negotia</span> <span class='ocrx_word' id='word_1_78' title='bbox 1106 1067 1285 1142; x_wconf 84' lang='lat' dir='ltr'>iecesseudi,</span> <span class='ocrx_word' id='word_1_79' title='bbox 1301 1087 1368 1148; x_wconf 79' lang='lat' dir='ltr'>&#39;quo</span> 
     </span>
     <span class='ocr_line' id='line_1_10' title="bbox 264 1165 1369 1250; baseline -0.005 -22"><span class='ocrx_word' id='word_1_80' title='bbox 264 1167 356 1230; x_wconf 91' lang='lat' dir='ltr'>utitur</span> <span class='ocrx_word' id='word_1_81' title='bbox 371 1178 402 1230; x_wconf 87' lang='lat' dir='ltr'>et</span> <span class='ocrx_word' id='word_1_82' title='bbox 424 1169 454 1231; x_wconf 88' lang='lat' dir='ltr'>iu</span> <span class='ocrx_word' id='word_1_83' title='bbox 472 1169 633 1250; x_wconf 78' lang='lat' dir='ltr'>quesitam</span> <span class='ocrx_word' id='word_1_84' title='bbox 646 1169 709 1250; x_wconf 80' lang='lat' dir='ltr'>agit</span> <span class='ocrx_word' id='word_1_85' title='bbox 721 1168 885 1250; x_wconf 87' lang='lat' dir='ltr'>Philippus,</span> <span class='ocrx_word' id='word_1_86' title='bbox 898 1187 961 1249; x_wconf 81' lang='lat' dir='ltr'>prae</span> <span class='ocrx_word' id='word_1_87' title='bbox 975 1187 1037 1247; x_wconf 91' lang='lat' dir='ltr'>quo</span> <span class='ocrx_word' id='word_1_88' title='bbox 1057 1165 1120 1228; x_wconf 85' lang='lat' dir='ltr'>fieri</span> <span class='ocrx_word' id='word_1_89' title='bbox 1137 1183 1198 1225; x_wconf 91' lang='lat' dir='ltr'>non</span> <span class='ocrx_word' id='word_1_90' title='bbox 1210 1171 1323 1244; x_wconf 88' lang='lat' dir='ltr'>potest,</span> <span class='ocrx_word' id='word_1_91' title='bbox 1336 1171 1369 1222; x_wconf 92' lang='lat' dir='ltr'>ut</span> 
     </span>
     <span class='ocr_line' id='line_1_11' title="bbox 262 1255 1371 1342; baseline -0.008 -18"><span class='ocrx_word' id='word_1_92' title='bbox 262 1262 350 1324; x_wconf 89' lang='lat' dir='ltr'>rebus</span> <span class='ocrx_word' id='word_1_93' title='bbox 371 1261 463 1342; x_wconf 80' lang='lat' dir='ltr'>gestis</span> <span class='ocrx_word' id='word_1_94' title='bbox 485 1271 642 1324; x_wconf 85' lang='lat' dir='ltr'>contentus</span> <span class='ocrx_word' id='word_1_95' title='bbox 666 1262 697 1322; x_wconf 90' lang='lat' dir='ltr'>in</span> <span class='ocrx_word' id='word_1_96' title='bbox 719 1261 779 1324; x_wconf 87' lang='lat' dir='ltr'>otio</span> <span class='ocrx_word' id='word_1_97' title='bbox 803 1281 836 1324; x_wconf 87' lang='lat' dir='ltr'>sa</span> <span class='ocrx_word' id='word_1_98' title='bbox 853 1261 1014 1324; x_wconf 86' lang='lat' dir='ltr'>contineat.</span> <span class='ocrx_word' id='word_1_99' title='bbox 1043 1257 1133 1327; x_wconf 81' lang='lat' dir='ltr'>Quod</span> <span class='ocrx_word' id='word_1_100' title='bbox 1162 1257 1188 1320; x_wconf 90' lang='lat' dir='ltr'>si</span> <span class='ocrx_word' id='word_1_101' title='bbox 1209 1256 1259 1316; x_wconf 91' lang='lat' dir='ltr'>ille</span> <span class='ocrx_word' id='word_1_102' title='bbox 1281 1255 1314 1316; x_wconf 90' lang='lat' dir='ltr'>in</span> <span class='ocrx_word' id='word_1_103' title='bbox 1334 1274 1371 1316; x_wconf 92' lang='lat' dir='ltr'>ea</span> 
     </span>
     <span class='ocr_line' id='line_1_12' title="bbox 264 1345 1369 1437; baseline -0.005 -21"><span class='ocrx_word' id='word_1_104' title='bbox 264 1355 411 1416; x_wconf 86' lang='lat' dir='ltr'>sententie</span> <span class='ocrx_word' id='word_1_105' title='bbox 420 1355 484 1429; x_wconf 89' lang='lat' dir='ltr'>erit,</span> <span class='ocrx_word' id='word_1_106' title='bbox 496 1356 690 1435; x_wconf 82' lang='lat' dir='ltr'>praesentibus</span> <span class='ocrx_word' id='word_1_107' title='bbox 698 1345 916 1437; x_wconf 81' lang='lat' dir='ltr'>sempermajus</span> <span class='ocrx_word' id='word_1_108' title='bbox 925 1351 1045 1432; x_wconf 83' lang='lat' dir='ltr'>aliquod</span> <span class='ocrx_word' id='word_1_109' title='bbox 1060 1349 1278 1417; x_wconf 86' lang='lat' dir='ltr'>conficiendum</span> <span class='ocrx_word' id='word_1_110' title='bbox 1293 1367 1369 1422; x_wconf 85' lang='lat' dir='ltr'>esse,</span> 
     </span>
    </p>

    <p class='ocr_par' dir='ltr' id='par_1_3' title="bbox 246 1441 1401 1712">
     <span class='ocr_line' id='line_1_13' title="bbox 246 1441 1401 1526; baseline -0.005 -18"><span class='ocrx_word' id='word_1_111' title='bbox 246 1451 319 1508; x_wconf 83' lang='lat' dir='ltr'>&#39;vos</span> <span class='ocrx_word' id='word_1_112' title='bbox 343 1456 451 1520; x_wconf 86' lang='lat' dir='ltr'>eutem,</span> <span class='ocrx_word' id='word_1_113' title='bbox 470 1447 579 1508; x_wconf 90' lang='lat' dir='ltr'>nullius</span> <span class='ocrx_word' id='word_1_114' title='bbox 595 1447 637 1508; x_wconf 88' lang='lat' dir='ltr'>rei</span> <span class='ocrx_word' id='word_1_115' title='bbox 657 1466 758 1507; x_wconf 87' lang='lat' dir='ltr'>curum</span> <span class='ocrx_word' id='word_1_116' title='bbox 780 1467 847 1509; x_wconf 86' lang='lat' dir='ltr'>esse</span> <span class='ocrx_word' id='word_1_117' title='bbox 867 1444 1000 1526; x_wconf 74' lang='lat' dir='ltr'>gnaviter</span> <span class='ocrx_word' id='word_1_118' title='bbox 1023 1442 1252 1525; x_wconf 80' lang='lat' dir='ltr'>suscipiendam,</span> <span class='ocrx_word' id='word_1_119' title='bbox 1274 1441 1370 1504; x_wconf 76' lang='lat' dir='ltr'>consi</span> <span class='ocrx_word' id='word_1_120' title='bbox 1396 1479 1401 1485; x_wconf 65' lang='grc'><strong>«</strong></span> 
     </span>
     <span class='ocr_line' id='line_1_14' title="bbox 264 1535 1370 1619; baseline -0.004 -19"><span class='ocrx_word' id='word_1_121' title='bbox 264 1539 367 1600; x_wconf 79' lang='lat' dir='ltr'>derata</span> <span class='ocrx_word' id='word_1_122' title='bbox 385 1541 452 1619; x_wconf 86' lang='lat' dir='ltr'>quis</span> <span class='ocrx_word' id='word_1_123' title='bbox 475 1539 595 1600; x_wconf 85' lang='lat' dir='ltr'>tandem</span> <span class='ocrx_word' id='word_1_124' title='bbox 608 1539 713 1600; x_wconf 88' lang='lat' dir='ltr'>harum</span> <span class='ocrx_word' id='word_1_125' title='bbox 735 1558 832 1602; x_wconf 89' lang='lat' dir='ltr'>rerum</span> <span class='ocrx_word' id='word_1_126' title='bbox 846 1539 943 1600; x_wconf 82' lang='lat' dir='ltr'>exitus</span> <span class='ocrx_word' id='word_1_127' title='bbox 959 1536 1123 1617; x_wconf 89' lang='lat' dir='ltr'>sperandus</span> <span class='ocrx_word' id='word_1_128' title='bbox 1144 1535 1192 1600; x_wconf 86' lang='lat' dir='ltr'>sit.</span> <span class='ocrx_word' id='word_1_129' title='bbox 1225 1535 1370 1601; x_wconf 73' lang='lat' dir='ltr'>Quisve</span> 
     </span>
     <span class='ocr_line' id='line_1_15' title="bbox 264 1627 1369 1712; baseline -0.004 -20"><span class='ocrx_word' id='word_1_130' title='bbox 264 1639 369 1705; x_wconf 84' lang='lat' dir='ltr'>strum,</span> <span class='ocrx_word' id='word_1_131' title='bbox 381 1651 435 1712; x_wconf 91' lang='lat' dir='ltr'>per</span> <span class='ocrx_word' id='word_1_132' title='bbox 447 1631 532 1702; x_wconf 89' lang='lat' dir='ltr'>deos,</span> <span class='ocrx_word' id='word_1_133' title='bbox 547 1631 622 1692; x_wconf 85' lang='lat' dir='ltr'>odeo</span> <span class='ocrx_word' id='word_1_134' title='bbox 635 1630 760 1712; x_wconf 84' lang='lat' dir='ltr'>simplex</span> <span class='ocrx_word' id='word_1_135' title='bbox 774 1640 830 1703; x_wconf 89' lang='lat' dir='ltr'>est,</span> <span class='ocrx_word' id='word_1_136' title='bbox 843 1630 893 1709; x_wconf 93' lang='lat' dir='ltr'>qui</span> <span class='ocrx_word' id='word_1_137' title='bbox 913 1631 1026 1692; x_wconf 83' lang='lat' dir='ltr'>neseiat</span> <span class='ocrx_word' id='word_1_138' title='bbox 1037 1629 1148 1690; x_wconf 86' lang='lat' dir='ltr'>bellum</span> <span class='ocrx_word' id='word_1_139' title='bbox 1161 1627 1242 1690; x_wconf 85' lang='lat' dir='ltr'>illino</span> <span class='ocrx_word' id='word_1_140' title='bbox 1260 1629 1302 1690; x_wconf 87' lang='lat' dir='ltr'>ad</span> <span class='ocrx_word' id='word_1_141' title='bbox 1316 1647 1369 1690; x_wconf 91' lang='lat' dir='ltr'>uos</span> 
     </span>
    </p>

    <p class='ocr_par' dir='ltr' id='par_1_4' title="bbox 175 1713 1395 2362">
     <span class='ocr_line' id='line_1_16' title="bbox 175 1713 1370 1803; baseline -0.004 -18"><span class='ocrx_word' id='word_1_142' title='bbox 175 1713 178 1720; x_wconf 46' lang='lat'><strong>⁴</strong></span> <span class='ocrx_word' id='word_1_143' title='bbox 263 1733 483 1803; x_wconf 77' lang='lat' dir='ltr'>perventurum,</span> <span class='ocrx_word' id='word_1_144' title='bbox 495 1723 521 1784; x_wconf 93' lang='lat' dir='ltr'>si</span> <span class='ocrx_word' id='word_1_145' title='bbox 534 1722 767 1802; x_wconf 84' lang='lat' dir='ltr'>neglexerimusi</span> <span class='ocrx_word' id='word_1_146' title='bbox 793 1721 904 1783; x_wconf 91' lang='lat' dir='ltr'>Verum</span> <span class='ocrx_word' id='word_1_147' title='bbox 916 1722 948 1784; x_wconf 89' lang='lat' dir='ltr'>id</span> <span class='ocrx_word' id='word_1_148' title='bbox 967 1721 992 1782; x_wconf 86' lang='lat' dir='ltr'>si</span> <span class='ocrx_word' id='word_1_149' title='bbox 1008 1721 1072 1796; x_wconf 86' lang='lat' dir='ltr'>fiat,</span> <span class='ocrx_word' id='word_1_150' title='bbox 1084 1740 1196 1795; x_wconf 80' lang='lat' dir='ltr'>vereor,</span> <span class='ocrx_word' id='word_1_151' title='bbox 1207 1720 1370 1781; x_wconf 84' lang='lat' dir='ltr'>Athenien·</span> 
     </span>
     <span class='ocr_line' id='line_1_17' title="bbox 264 1815 1370 1899; baseline -0.005 -19"><span class='ocrx_word' id='word_1_152' title='bbox 264 1839 323 1892; x_wconf 88' lang='lat' dir='ltr'>ses,</span> <span class='ocrx_word' id='word_1_153' title='bbox 337 1839 375 1880; x_wconf 89' lang='lat' dir='ltr'>ue</span> <span class='ocrx_word' id='word_1_154' title='bbox 390 1817 637 1897; x_wconf 88' lang='lat' dir='ltr'>quemadmodum</span> <span class='ocrx_word' id='word_1_155' title='bbox 651 1817 682 1892; x_wconf 90' lang='lat' dir='ltr'>ii,</span> <span class='ocrx_word' id='word_1_156' title='bbox 695 1819 746 1899; x_wconf 91' lang='lat' dir='ltr'>qui</span> <span class='ocrx_word' id='word_1_157' title='bbox 759 1826 869 1879; x_wconf 86' lang='lat' dir='ltr'>temere</span> <span class='ocrx_word' id='word_1_158' title='bbox 882 1819 1039 1898; x_wconf 89' lang='lat' dir='ltr'>pecuniam</span> <span class='ocrx_word' id='word_1_159' title='bbox 1050 1833 1161 1897; x_wconf 82' lang='lat' dir='ltr'>magno</span> <span class='ocrx_word' id='word_1_160' title='bbox 1180 1815 1294 1880; x_wconf 74' lang='lat' dir='ltr'>foenore</span> <span class='ocrx_word' id='word_1_161' title='bbox 1307 1835 1370 1876; x_wconf 89' lang='lat' dir='ltr'>mu·</span> 
     </span>
     <span class='ocr_line' id='line_1_18' title="bbox 265 1908 1395 1991; baseline -0.002 -20"><span class='ocrx_word' id='word_1_162' title='bbox 265 1918 318 1976; x_wconf 85' lang='lat' dir='ltr'>tuo</span> <span class='ocrx_word' id='word_1_163' title='bbox 335 1921 466 1988; x_wconf 89' lang='lat' dir='ltr'>sumunt,</span> <span class='ocrx_word' id='word_1_164' title='bbox 480 1921 570 1990; x_wconf 82' lang='lat' dir='ltr'>atque</span> <span class='ocrx_word' id='word_1_165' title='bbox 587 1910 639 1972; x_wconf 87' lang='lat' dir='ltr'>illa</span> <span class='ocrx_word' id='word_1_166' title='bbox 651 1911 799 1991; x_wconf 83' lang='lat' dir='ltr'>paulisper</span> <span class='ocrx_word' id='word_1_167' title='bbox 810 1910 994 1991; x_wconf 85' lang='lat' dir='ltr'>locupletati,</span> <span class='ocrx_word' id='word_1_168' title='bbox 1007 1919 1077 1990; x_wconf 91' lang='lat' dir='ltr'>post</span> <span class='ocrx_word' id='word_1_169' title='bbox 1088 1910 1177 1971; x_wconf 85' lang='lat' dir='ltr'>etiam</span> <span class='ocrx_word' id='word_1_170' title='bbox 1188 1908 1370 1988; x_wconf 86' lang='lat' dir='ltr'>patrimoniis</span> <span class='ocrx_word' id='word_1_171' title='bbox 1391 1937 1395 1942; x_wconf 94' lang='lat'>·</span> 
     </span>
     <span class='ocr_line' id='line_1_19' title="bbox 264 2001 1370 2082; baseline -0.002 -18"><span class='ocrx_word' id='word_1_172' title='bbox 264 2011 448 2076; x_wconf 79' lang='lat' dir='ltr'>evertuntur,</span> <span class='ocrx_word' id='word_1_173' title='bbox 471 2003 514 2064; x_wconf 92' lang='lat' dir='ltr'>sic</span> <span class='ocrx_word' id='word_1_174' title='bbox 528 2013 558 2063; x_wconf 90' lang='lat' dir='ltr'>et</span> <span class='ocrx_word' id='word_1_175' title='bbox 572 2002 657 2064; x_wconf 90' lang='lat' dir='ltr'>nobis</span> <span class='ocrx_word' id='word_1_176' title='bbox 676 2002 831 2082; x_wconf 85' lang='lat' dir='ltr'>segnitiem</span> <span class='ocrx_word' id='word_1_177' title='bbox 850 2013 981 2064; x_wconf 86' lang='lat' dir='ltr'>nostram</span> <span class='ocrx_word' id='word_1_178' title='bbox 999 2021 1109 2082; x_wconf 83' lang='lat' dir='ltr'>magno</span> <span class='ocrx_word' id='word_1_179' title='bbox 1129 2001 1300 2062; x_wconf 85' lang='lat' dir='ltr'>constitisse</span> <span class='ocrx_word' id='word_1_180' title='bbox 1320 2021 1370 2082; x_wconf 87' lang='lat' dir='ltr'>ep·</span> 
     </span>
     <span class='ocr_line' id='line_1_20' title="bbox 264 2094 1370 2176; baseline -0.001 -20"><span class='ocrx_word' id='word_1_181' title='bbox 264 2105 378 2176; x_wconf 82' lang='lat' dir='ltr'>pareat,</span> <span class='ocrx_word' id='word_1_182' title='bbox 398 2105 429 2156; x_wconf 92' lang='lat' dir='ltr'>et</span> <span class='ocrx_word' id='word_1_183' title='bbox 453 2095 525 2157; x_wconf 89' lang='lat' dir='ltr'>dum</span> <span class='ocrx_word' id='word_1_184' title='bbox 545 2095 585 2156; x_wconf 80' lang='lat' dir='ltr'>ad</span> <span class='ocrx_word' id='word_1_185' title='bbox 604 2096 785 2176; x_wconf 86' lang='lat' dir='ltr'>voluptatem</span> <span class='ocrx_word' id='word_1_186' title='bbox 805 2096 904 2158; x_wconf 87' lang='lat' dir='ltr'>omnia</span> <span class='ocrx_word' id='word_1_187' title='bbox 915 2096 1092 2170; x_wconf 78' lang='lat' dir='ltr'>referimus,</span> <span class='ocrx_word' id='word_1_188' title='bbox 1112 2095 1143 2156; x_wconf 87' lang='lat' dir='ltr'>in</span> <span class='ocrx_word' id='word_1_189' title='bbox 1161 2094 1370 2156; x_wconf 86' lang='lat' dir='ltr'>necessitatem</span> 
     </span>
     <span class='ocr_line' id='line_1_21' title="bbox 264 2187 1370 2270; baseline 0 -22"><span class='ocrx_word' id='word_1_190' title='bbox 264 2189 387 2250; x_wconf 88' lang='lat' dir='ltr'>tandem</span> <span class='ocrx_word' id='word_1_191' title='bbox 399 2188 551 2249; x_wconf 86' lang='lat' dir='ltr'>veniamus</span> <span class='ocrx_word' id='word_1_192' title='bbox 574 2188 669 2249; x_wconf 90' lang='lat' dir='ltr'>multa</span> <span class='ocrx_word' id='word_1_193' title='bbox 690 2207 786 2267; x_wconf 88' lang='lat' dir='ltr'>esque</span> <span class='ocrx_word' id='word_1_194' title='bbox 801 2189 910 2269; x_wconf 75' lang='lat' dir='ltr'>grueria,</span> <span class='ocrx_word' id='word_1_195' title='bbox 933 2209 1001 2270; x_wconf 78' lang='lat' dir='ltr'>qum</span> <span class='ocrx_word' id='word_1_196' title='bbox 1021 2187 1141 2250; x_wconf 90' lang='lat' dir='ltr'>minime</span> <span class='ocrx_word' id='word_1_197' title='bbox 1153 2187 1311 2262; x_wconf 83' lang='lat' dir='ltr'>vellemus,</span> <span class='ocrx_word' id='word_1_198' title='bbox 1327 2187 1370 2254; x_wconf 81' lang='lat' dir='ltr'>ta-</span> 
     </span>
     <span class='ocr_line' id='line_1_22' title="bbox 264 2278 912 2362; baseline -0.003 -18"><span class='ocrx_word' id='word_1_199' title='bbox 264 2278 372 2356; x_wconf 83' lang='lat' dir='ltr'>ciendi,</span> <span class='ocrx_word' id='word_1_200' title='bbox 382 2281 477 2361; x_wconf 88' lang='lat' dir='ltr'>deque</span> <span class='ocrx_word' id='word_1_201' title='bbox 492 2281 571 2360; x_wconf 82' lang='lat' dir='ltr'>agris</span> <span class='ocrx_word' id='word_1_202' title='bbox 586 2279 692 2342; x_wconf 87' lang='lat' dir='ltr'>nostris</span> <span class='ocrx_word' id='word_1_203' title='bbox 706 2281 912 2362; x_wconf 84' lang='lat' dir='ltr'>periclitemur.</span> 
     </span>
    </p>

    <p class='ocr_par' dir='ltr' id='par_1_5' title="bbox 261 2371 1373 3850">
     <span class='ocr_line' id='line_1_23' title="bbox 305 2371 1371 2462; baseline 0.001 -30"><span class='ocrx_word' id='word_1_204' title='bbox 305 2374 334 2432; x_wconf 89' lang='lat'>7.</span> <span class='ocrx_word' id='word_1_205' title='bbox 357 2374 406 2435; x_wconf 84' lang='lat' dir='ltr'>Ac</span> <span class='ocrx_word' id='word_1_206' title='bbox 421 2372 636 2454; x_wconf 86' lang='lat' dir='ltr'>reprehendere</span> <span class='ocrx_word' id='word_1_207' title='bbox 648 2373 767 2462; x_wconf 80' lang='lat' dir='ltr'>quidem</span> <span class='ocrx_word' id='word_1_208' title='bbox 788 2374 893 2436; x_wconf 83' lang='lat' dir='ltr'>dixerit</span> <span class='ocrx_word' id='word_1_209' title='bbox 909 2373 1012 2436; x_wconf 76' lang='lat' dir='ltr'>forsan</span> <span class='ocrx_word' id='word_1_210' title='bbox 1031 2371 1134 2453; x_wconf 83' lang='lat' dir='ltr'>aliquis</span> <span class='ocrx_word' id='word_1_211' title='bbox 1152 2391 1221 2436; x_wconf 86' lang='lat' dir='ltr'>esse</span> <span class='ocrx_word' id='word_1_212' title='bbox 1236 2372 1327 2436; x_wconf 83' lang='lat' dir='ltr'>facile</span> <span class='ocrx_word' id='word_1_213' title='bbox 1342 2382 1371 2434; x_wconf 84' lang='lat' dir='ltr'>et</span> 
     </span>
     <span class='ocr_line' id='line_1_24' title="bbox 263 2465 1373 2547; baseline -0.001 -21"><span class='ocrx_word' id='word_1_214' title='bbox 263 2465 402 2546; x_wconf 85' lang='lat' dir='ltr'>cujusvis,</span> <span class='ocrx_word' id='word_1_215' title='bbox 423 2465 494 2545; x_wconf 90' lang='lat' dir='ltr'>quid</span> <span class='ocrx_word' id='word_1_216' title='bbox 517 2474 616 2528; x_wconf 87' lang='lat' dir='ltr'>autem</span> <span class='ocrx_word' id='word_1_217' title='bbox 630 2465 678 2527; x_wconf 90' lang='lat' dir='ltr'>his</span> <span class='ocrx_word' id='word_1_218' title='bbox 699 2465 843 2538; x_wconf 83' lang='lat' dir='ltr'>derebus</span> <span class='ocrx_word' id='word_1_219' title='bbox 863 2467 1052 2528; x_wconf 90' lang='lat' dir='ltr'>statuendum</span> <span class='ocrx_word' id='word_1_220' title='bbox 1072 2467 1111 2528; x_wconf 90' lang='lat' dir='ltr'>sit</span> <span class='ocrx_word' id='word_1_221' title='bbox 1127 2467 1328 2547; x_wconf 87' lang='lat' dir='ltr'>pronuntiare,</span> <span class='ocrx_word' id='word_1_222' title='bbox 1341 2466 1373 2526; x_wconf 90' lang='lat' dir='ltr'>id</span> 
     </span>
     <span class='ocr_line' id='line_1_25' title="bbox 263 2557 1369 2640; baseline 0.002 -22"><span class='ocrx_word' id='word_1_223' title='bbox 263 2577 330 2620; x_wconf 87' lang='lat' dir='ltr'>esse</span> <span class='ocrx_word' id='word_1_224' title='bbox 342 2557 509 2621; x_wconf 86' lang='lat' dir='ltr'>consiliarii.</span> <span class='ocrx_word' id='word_1_225' title='bbox 551 2558 617 2638; x_wconf 84' lang='lat' dir='ltr'>Ego</span> <span class='ocrx_word' id='word_1_226' title='bbox 633 2577 700 2620; x_wconf 89' lang='lat' dir='ltr'>rero</span> <span class='ocrx_word' id='word_1_227' title='bbox 714 2579 774 2622; x_wconf 90' lang='lat' dir='ltr'>nou</span> <span class='ocrx_word' id='word_1_228' title='bbox 788 2578 854 2620; x_wconf 89' lang='lat' dir='ltr'>sum</span> <span class='ocrx_word' id='word_1_229' title='bbox 867 2560 996 2636; x_wconf 85' lang='lat' dir='ltr'>nescius,</span> <span class='ocrx_word' id='word_1_230' title='bbox 1011 2559 1221 2633; x_wconf 83' lang='lat' dir='ltr'>Athenienses,</span> <span class='ocrx_word' id='word_1_231' title='bbox 1235 2577 1369 2640; x_wconf 73' lang='lat' dir='ltr'>saepenu-</span> 
     </span>
     <span class='ocr_line' id='line_1_26' title="bbox 263 2649 1369 2733; baseline 0.003 -24"><span class='ocrx_word' id='word_1_232' title='bbox 263 2667 345 2710; x_wconf 93' lang='lat' dir='ltr'>mero</span> <span class='ocrx_word' id='word_1_233' title='bbox 357 2668 412 2711; x_wconf 83' lang='lat' dir='ltr'>ros</span> <span class='ocrx_word' id='word_1_234' title='bbox 425 2669 486 2724; x_wconf 83' lang='lat' dir='ltr'>non</span> <span class='ocrx_word' id='word_1_235' title='bbox 499 2649 536 2713; x_wconf 86' lang='lat' dir='ltr'>iis</span> <span class='ocrx_word' id='word_1_236' title='bbox 550 2650 603 2731; x_wconf 91' lang='lat' dir='ltr'>qui</span> <span class='ocrx_word' id='word_1_237' title='bbox 616 2650 728 2712; x_wconf 89' lang='lat' dir='ltr'>suntin</span> <span class='ocrx_word' id='word_1_238' title='bbox 741 2651 838 2732; x_wconf 92' lang='lat' dir='ltr'>culpa,</span> <span class='ocrx_word' id='word_1_239' title='bbox 852 2652 905 2714; x_wconf 90' lang='lat' dir='ltr'>sed</span> <span class='ocrx_word' id='word_1_240' title='bbox 919 2651 965 2712; x_wconf 86' lang='lat' dir='ltr'>his</span> <span class='ocrx_word' id='word_1_241' title='bbox 978 2651 1028 2733; x_wconf 90' lang='lat' dir='ltr'>qui</span> <span class='ocrx_word' id='word_1_242' title='bbox 1041 2651 1181 2733; x_wconf 87' lang='lat' dir='ltr'>postremi</span> <span class='ocrx_word' id='word_1_243' title='bbox 1194 2653 1369 2712; x_wconf 87' lang='lat' dir='ltr'>sententiam</span> 
     </span>
     <span class='ocr_line' id='line_1_27' title="bbox 263 2743 1369 2825; baseline 0.002 -21"><span class='ocrx_word' id='word_1_244' title='bbox 263 2743 400 2820; x_wconf 64' lang='lat' dir='ltr'>dixerim</span> <span class='ocrx_word' id='word_1_245' title='bbox 411 2744 508 2819; x_wconf 86' lang='lat' dir='ltr'>irasci,</span> <span class='ocrx_word' id='word_1_246' title='bbox 521 2745 573 2806; x_wconf 94' lang='lat' dir='ltr'>ubi</span> <span class='ocrx_word' id='word_1_247' title='bbox 587 2744 659 2825; x_wconf 92' lang='lat' dir='ltr'>quid</span> <span class='ocrx_word' id='word_1_248' title='bbox 679 2763 717 2806; x_wconf 93' lang='lat' dir='ltr'>ex</span> <span class='ocrx_word' id='word_1_249' title='bbox 730 2745 878 2808; x_wconf 82' lang='lat' dir='ltr'>sententia</span> <span class='ocrx_word' id='word_1_250' title='bbox 893 2765 954 2808; x_wconf 91' lang='lat' dir='ltr'>nou</span> <span class='ocrx_word' id='word_1_251' title='bbox 967 2746 1110 2808; x_wconf 79' lang='lat' dir='ltr'>evenerit:</span> <span class='ocrx_word' id='word_1_252' title='bbox 1131 2763 1191 2807; x_wconf 90' lang='lat' dir='ltr'>non</span> <span class='ocrx_word' id='word_1_253' title='bbox 1202 2743 1307 2806; x_wconf 81' lang='lat' dir='ltr'>tamen</span> <span class='ocrx_word' id='word_1_254' title='bbox 1325 2765 1369 2806; x_wconf 86' lang='lat' dir='ltr'>ar·</span> 
     </span>
     <span class='ocr_line' id='line_1_28' title="bbox 263 2836 1369 2920; baseline 0.002 -24"><span class='ocrx_word' id='word_1_255' title='bbox 263 2836 354 2898; x_wconf 87' lang='lat' dir='ltr'>bitror</span> <span class='ocrx_word' id='word_1_256' title='bbox 373 2836 444 2898; x_wconf 92' lang='lat' dir='ltr'>mihi</span> <span class='ocrx_word' id='word_1_257' title='bbox 463 2837 501 2898; x_wconf 92' lang='lat' dir='ltr'>de</span> <span class='ocrx_word' id='word_1_258' title='bbox 518 2837 636 2919; x_wconf 88' lang='lat' dir='ltr'>proprio</span> <span class='ocrx_word' id='word_1_259' title='bbox 654 2855 722 2899; x_wconf 87' lang='lat' dir='ltr'>mea</span> <span class='ocrx_word' id='word_1_260' title='bbox 741 2838 835 2900; x_wconf 84' lang='lat' dir='ltr'>salute</span> <span class='ocrx_word' id='word_1_261' title='bbox 855 2839 998 2920; x_wconf 80' lang='lat' dir='ltr'>cogitanti</span> <span class='ocrx_word' id='word_1_262' title='bbox 1017 2859 1084 2902; x_wconf 86' lang='lat' dir='ltr'>esse</span> <span class='ocrx_word' id='word_1_263' title='bbox 1114 2836 1369 2912; x_wconf 87' lang='lat' dir='ltr'>dissimulandum,</span> 
     </span>
     <span class='ocr_line' id='line_1_29' title="bbox 263 2927 1368 3012; baseline 0.004 -24"><span class='ocrx_word' id='word_1_264' title='bbox 263 2927 344 3007; x_wconf 93' lang='lat' dir='ltr'>quod</span> <span class='ocrx_word' id='word_1_265' title='bbox 358 2947 375 2989; x_wconf 88' lang='lat' dir='ltr'>e</span> <span class='ocrx_word' id='word_1_266' title='bbox 389 2947 421 2992; x_wconf 88' lang='lat' dir='ltr'>re</span> <span class='ocrx_word' id='word_1_267' title='bbox 434 2939 530 2992; x_wconf 86' lang='lat' dir='ltr'>vestra</span> <span class='ocrx_word' id='word_1_268' title='bbox 542 2929 675 2992; x_wconf 84' lang='lat' dir='ltr'>futurum</span> <span class='ocrx_word' id='word_1_269' title='bbox 698 2949 763 2992; x_wconf 87' lang='lat' dir='ltr'>esse</span> <span class='ocrx_word' id='word_1_270' title='bbox 783 2931 901 2992; x_wconf 87' lang='lat' dir='ltr'>ducam.</span> <span class='ocrx_word' id='word_1_271' title='bbox 944 2931 1061 2994; x_wconf 80' lang='lat' dir='ltr'>Censeo</span> <span class='ocrx_word' id='word_1_272' title='bbox 1080 2930 1169 3012; x_wconf 80' lang='lat' dir='ltr'>igitur</span> <span class='ocrx_word' id='word_1_273' title='bbox 1187 2930 1306 2992; x_wconf 89' lang='lat' dir='ltr'>duobus</span> <span class='ocrx_word' id='word_1_274' title='bbox 1319 2948 1368 2992; x_wconf 84' lang='lat' dir='ltr'>uos</span> 
     </span>
     <span class='ocr_line' id='line_1_30' title="bbox 262 3023 1368 3106; baseline 0.002 -22"><span class='ocrx_word' id='word_1_275' title='bbox 262 3029 396 3102; x_wconf 84' lang='lat' dir='ltr'>oportere</span> <span class='ocrx_word' id='word_1_276' title='bbox 409 3023 505 3084; x_wconf 91' lang='lat' dir='ltr'>modis</span> <span class='ocrx_word' id='word_1_277' title='bbox 517 3023 605 3086; x_wconf 91' lang='lat' dir='ltr'>rebus</span> <span class='ocrx_word' id='word_1_278' title='bbox 619 3042 800 3100; x_wconf 86' lang='lat' dir='ltr'>succurrere,</span> <span class='ocrx_word' id='word_1_279' title='bbox 813 3033 877 3086; x_wconf 90' lang='lat' dir='ltr'>tum</span> <span class='ocrx_word' id='word_1_280' title='bbox 896 3027 984 3087; x_wconf 91' lang='lat' dir='ltr'>urbes</span> <span class='ocrx_word' id='word_1_281' title='bbox 998 3044 1068 3086; x_wconf 82' lang='lat' dir='ltr'>suas</span> <span class='ocrx_word' id='word_1_282' title='bbox 1083 3023 1232 3106; x_wconf 84' lang='lat' dir='ltr'>Olynthiis</span> <span class='ocrx_word' id='word_1_283' title='bbox 1247 3043 1368 3092; x_wconf 85' lang='lat' dir='ltr'>serven-</span> 
     </span>
     <span class='ocr_line' id='line_1_31' title="bbox 263 3097 1368 3199; baseline 0.002 -23"><span class='ocrx_word' id='word_1_284' title='bbox 263 3115 304 3177; x_wconf 90' lang='lat' dir='ltr'>do</span> <span class='ocrx_word' id='word_1_285' title='bbox 322 3125 354 3178; x_wconf 90' lang='lat' dir='ltr'>et</span> <span class='ocrx_word' id='word_1_286' title='bbox 374 3115 481 3178; x_wconf 90' lang='lat' dir='ltr'>milites</span> <span class='ocrx_word' id='word_1_287' title='bbox 499 3097 550 3198; x_wconf 80' lang='lat' dir='ltr'>quii</span> <span class='ocrx_word' id='word_1_288' title='bbox 568 3118 600 3178; x_wconf 92' lang='lat' dir='ltr'>id</span> <span class='ocrx_word' id='word_1_289' title='bbox 620 3128 711 3198; x_wconf 84' lang='lat' dir='ltr'>agant</span> <span class='ocrx_word' id='word_1_290' title='bbox 737 3117 892 3194; x_wconf 83' lang='lat' dir='ltr'>mittendo,</span> <span class='ocrx_word' id='word_1_291' title='bbox 912 3127 976 3178; x_wconf 88' lang='lat' dir='ltr'>tum</span> <span class='ocrx_word' id='word_1_292' title='bbox 995 3137 1120 3199; x_wconf 78' lang='lat' dir='ltr'>regnum</span> <span class='ocrx_word' id='word_1_293' title='bbox 1139 3117 1202 3199; x_wconf 85' lang='lat' dir='ltr'>ejus</span> <span class='ocrx_word' id='word_1_294' title='bbox 1225 3116 1368 3178; x_wconf 77' lang='lat' dir='ltr'>vastando</span> 
     </span>
     <span class='ocr_line' id='line_1_32' title="bbox 262 3207 1367 3291; baseline 0.002 -23"><span class='ocrx_word' id='word_1_295' title='bbox 262 3217 295 3290; x_wconf 83' lang='lat' dir='ltr'>et</span> <span class='ocrx_word' id='word_1_296' title='bbox 320 3207 484 3272; x_wconf 88' lang='lat' dir='ltr'>triremibus</span> <span class='ocrx_word' id='word_1_297' title='bbox 505 3219 537 3282; x_wconf 85' lang='lat' dir='ltr'>et</span> <span class='ocrx_word' id='word_1_298' title='bbox 562 3208 701 3272; x_wconf 83' lang='lat' dir='ltr'>militibus</span> <span class='ocrx_word' id='word_1_299' title='bbox 721 3209 803 3272; x_wconf 88' lang='lat' dir='ltr'>aliis:</span> <span class='ocrx_word' id='word_1_300' title='bbox 825 3209 907 3291; x_wconf 92' lang='lat' dir='ltr'>quod</span> <span class='ocrx_word' id='word_1_301' title='bbox 927 3211 953 3272; x_wconf 91' lang='lat' dir='ltr'>si</span> <span class='ocrx_word' id='word_1_302' title='bbox 972 3209 1144 3276; x_wconf 85' lang='lat' dir='ltr'>alterutrum</span> <span class='ocrx_word' id='word_1_303' title='bbox 1171 3209 1367 3290; x_wconf 83' lang='lat' dir='ltr'>neglexeritis,</span> 
     </span>
     <span class='ocr_line' id='line_1_33' title="bbox 262 3301 1367 3383; baseline 0.003 -24"><span class='ocrx_word' id='word_1_304' title='bbox 262 3319 364 3360; x_wconf 84' lang='lat' dir='ltr'>uereor</span> <span class='ocrx_word' id='word_1_305' title='bbox 375 3320 414 3362; x_wconf 91' lang='lat' dir='ltr'>ue</span> <span class='ocrx_word' id='word_1_306' title='bbox 431 3301 511 3363; x_wconf 83' lang='lat' dir='ltr'>irrita</span> <span class='ocrx_word' id='word_1_307' title='bbox 526 3302 676 3364; x_wconf 83' lang='lat' dir='ltr'>sitiutura</span> <span class='ocrx_word' id='word_1_308' title='bbox 688 3302 835 3382; x_wconf 83' lang='lat' dir='ltr'>expeditio</span> <span class='ocrx_word' id='word_1_309' title='bbox 847 3313 956 3368; x_wconf 81' lang='lat' dir='ltr'>vestra.</span> <span class='ocrx_word' id='word_1_310' title='bbox 991 3303 1059 3366; x_wconf 81' lang='lat' dir='ltr'>Sive</span> <span class='ocrx_word' id='word_1_311' title='bbox 1072 3303 1150 3364; x_wconf 87' lang='lat' dir='ltr'>enim</span> <span class='ocrx_word' id='word_1_312' title='bbox 1164 3321 1269 3383; x_wconf 76' lang='lat' dir='ltr'>agrum</span> <span class='ocrx_word' id='word_1_313' title='bbox 1283 3321 1367 3366; x_wconf 89' lang='lat' dir='ltr'>suum</span> 
     </span>
     <span class='ocr_line' id='line_1_34' title="bbox 262 3391 1368 3481; baseline 0.005 -29"><span class='ocrx_word' id='word_1_314' title='bbox 262 3411 282 3452; x_wconf 90' lang='lat' dir='ltr'>a</span> <span class='ocrx_word' id='word_1_315' title='bbox 298 3391 381 3452; x_wconf 82' lang='lat' dir='ltr'>vobis</span> <span class='ocrx_word' id='word_1_316' title='bbox 400 3392 486 3473; x_wconf 89' lang='lat' dir='ltr'>diripi</span> <span class='ocrx_word' id='word_1_317' title='bbox 508 3396 666 3476; x_wconf 84' lang='lat' dir='ltr'>vexarique</span> <span class='ocrx_word' id='word_1_318' title='bbox 684 3415 790 3478; x_wconf 87' lang='lat' dir='ltr'>pessus</span> <span class='ocrx_word' id='word_1_319' title='bbox 808 3399 871 3480; x_wconf 88' lang='lat' dir='ltr'>ipse</span> <span class='ocrx_word' id='word_1_320' title='bbox 888 3398 1004 3462; x_wconf 89' lang='lat' dir='ltr'>interim</span> <span class='ocrx_word' id='word_1_321' title='bbox 1025 3398 1189 3479; x_wconf 82' lang='lat' dir='ltr'>Olynthum</span> <span class='ocrx_word' id='word_1_322' title='bbox 1210 3398 1368 3481; x_wconf 83' lang='lat' dir='ltr'>subegerit,</span> 
     </span>
     <span class='ocr_line' id='line_1_35' title="bbox 261 3483 1369 3573; baseline 0.011 -31"><span class='ocrx_word' id='word_1_323' title='bbox 261 3483 348 3553; x_wconf 79' lang='lat' dir='ltr'>facile</span> <span class='ocrx_word' id='word_1_324' title='bbox 371 3483 492 3545; x_wconf 91' lang='lat' dir='ltr'>domum</span> <span class='ocrx_word' id='word_1_325' title='bbox 515 3506 649 3548; x_wconf 89' lang='lat' dir='ltr'>reversus</span> <span class='ocrx_word' id='word_1_326' title='bbox 670 3509 725 3550; x_wconf 89' lang='lat' dir='ltr'>sua</span> <span class='ocrx_word' id='word_1_327' title='bbox 744 3489 899 3553; x_wconf 79' lang='lat' dir='ltr'>defendet:</span> <span class='ocrx_word' id='word_1_328' title='bbox 920 3492 981 3554; x_wconf 83' lang='lat' dir='ltr'>sire</span> <span class='ocrx_word' id='word_1_329' title='bbox 998 3492 1136 3573; x_wconf 81' lang='lat' dir='ltr'>praesidia</span> <span class='ocrx_word' id='word_1_330' title='bbox 1150 3515 1203 3558; x_wconf 85' lang='lat' dir='ltr'>vos</span> <span class='ocrx_word' id='word_1_331' title='bbox 1225 3497 1369 3558; x_wconf 80' lang='lat' dir='ltr'>duntaxat</span> 
     </span>
     <span class='ocr_line' id='line_1_36' title="bbox 263 3574 1367 3663; baseline 0.015 -28"><span class='ocrx_word' id='word_1_332' title='bbox 263 3574 430 3656; x_wconf 83' lang='lat' dir='ltr'>Olynthum</span> <span class='ocrx_word' id='word_1_333' title='bbox 442 3577 587 3653; x_wconf 82' lang='lat' dir='ltr'>miseritis,</span> <span class='ocrx_word' id='word_1_334' title='bbox 604 3580 708 3642; x_wconf 86' lang='lat' dir='ltr'>videus</span> <span class='ocrx_word' id='word_1_335' title='bbox 725 3602 787 3644; x_wconf 89' lang='lat' dir='ltr'>rem</span> <span class='ocrx_word' id='word_1_336' title='bbox 805 3584 884 3646; x_wconf 90' lang='lat' dir='ltr'>domi</span> <span class='ocrx_word' id='word_1_337' title='bbox 898 3585 1011 3648; x_wconf 92' lang='lat' dir='ltr'>intuto</span> <span class='ocrx_word' id='word_1_338' title='bbox 1028 3605 1108 3663; x_wconf 89' lang='lat' dir='ltr'>esse,</span> <span class='ocrx_word' id='word_1_339' title='bbox 1126 3589 1268 3650; x_wconf 84' lang='lat' dir='ltr'>assidebit</span> <span class='ocrx_word' id='word_1_340' title='bbox 1279 3600 1311 3652; x_wconf 88' lang='lat' dir='ltr'>et</span> <span class='ocrx_word' id='word_1_341' title='bbox 1325 3588 1367 3652; x_wconf 87' lang='lat' dir='ltr'>iu·</span> 
     </span>
     <span class='ocr_line' id='line_1_37' title="bbox 261 3669 1367 3765; baseline 0.014 -35"><span class='ocrx_word' id='word_1_342' title='bbox 261 3671 382 3734; x_wconf 87' lang='lat' dir='ltr'>cumbet</span> <span class='ocrx_word' id='word_1_343' title='bbox 393 3669 532 3748; x_wconf 83' lang='lat' dir='ltr'>negotiis,</span> <span class='ocrx_word' id='word_1_344' title='bbox 546 3675 695 3752; x_wconf 77' lang='lat' dir='ltr'>superabit</span> <span class='ocrx_word' id='word_1_345' title='bbox 710 3696 793 3738; x_wconf 85' lang='lat' dir='ltr'>mora</span> <span class='ocrx_word' id='word_1_346' title='bbox 811 3678 931 3740; x_wconf 85' lang='lat' dir='ltr'>tandem</span> <span class='ocrx_word' id='word_1_347' title='bbox 953 3681 1103 3744; x_wconf 86' lang='lat' dir='ltr'>obsessos.</span> <span class='ocrx_word' id='word_1_348' title='bbox 1144 3683 1262 3745; x_wconf 83' lang='lat' dir='ltr'>Auxilia</span> <span class='ocrx_word' id='word_1_349' title='bbox 1282 3683 1367 3765; x_wconf 83' lang='lat' dir='ltr'>igion</span> 
     </span>
     <span class='ocr_line' id='line_1_38' title="bbox 262 3761 1302 3850; baseline 0.013 -27"><span class='ocrx_word' id='word_1_350' title='bbox 262 3771 293 3824; x_wconf 91' lang='lat' dir='ltr'>et</span> <span class='ocrx_word' id='word_1_351' title='bbox 307 3779 418 3841; x_wconf 77' lang='lat' dir='ltr'>magna</span> <span class='ocrx_word' id='word_1_352' title='bbox 430 3771 461 3821; x_wconf 90' lang='lat' dir='ltr'>et</span> <span class='ocrx_word' id='word_1_353' title='bbox 472 3761 610 3842; x_wconf 88' lang='lat' dir='ltr'>bipertita</span> <span class='ocrx_word' id='word_1_354' title='bbox 623 3787 689 3830; x_wconf 84' lang='lat' dir='ltr'>esse</span> <span class='ocrx_word' id='word_1_355' title='bbox 701 3779 830 3850; x_wconf 75' lang='lat' dir='ltr'>oportet.</span> <span class='ocrx_word' id='word_1_356' title='bbox 872 3771 973 3832; x_wconf 88' lang='lat' dir='ltr'>Aede</span> <span class='ocrx_word' id='word_1_357' title='bbox 985 3770 1101 3845; x_wconf 86' lang='lat' dir='ltr'>auxiliis</span> <span class='ocrx_word' id='word_1_358' title='bbox 1114 3771 1179 3833; x_wconf 86' lang='lat' dir='ltr'>haec</span> <span class='ocrx_word' id='word_1_359' title='bbox 1191 3784 1302 3846; x_wconf 88' lang='lat' dir='ltr'>statuo,</span> 
     </span>
    </p>

    <p class='ocr_par' dir='ltr' id='par_1_6' title="bbox 258 3853 1366 4405">
     <span class='ocr_line' id='line_1_39' title="bbox 303 3853 1365 3939; baseline 0.014 -25"><span class='ocrx_word' id='word_1_360' title='bbox 303 3857 333 3914; x_wconf 81' lang='lat' dir='ltr'>ii.</span> <span class='ocrx_word' id='word_1_361' title='bbox 354 3853 445 3923; x_wconf 81' lang='lat' dir='ltr'>Quod</span> <span class='ocrx_word' id='word_1_362' title='bbox 455 3855 765 3935; x_wconf 84' lang='lat' dir='ltr'>autemadpecuniem</span> <span class='ocrx_word' id='word_1_363' title='bbox 773 3860 1002 3939; x_wconf 81' lang='lat' dir='ltr'>comparandam</span> <span class='ocrx_word' id='word_1_364' title='bbox 1014 3862 1130 3935; x_wconf 78' lang='lat' dir='ltr'>attinet,</span> <span class='ocrx_word' id='word_1_365' title='bbox 1140 3875 1196 3938; x_wconf 90' lang='lat' dir='ltr'>est,</span> <span class='ocrx_word' id='word_1_366' title='bbox 1207 3866 1365 3928; x_wconf 85' lang='lat' dir='ltr'>Athenien-</span> 
     </span>
     <span class='ocr_line' id='line_1_40' title="bbox 261 3946 1366 4036; baseline 0.01 -27"><span class='ocrx_word' id='word_1_367' title='bbox 261 3965 317 4019; x_wconf 79' lang='lat' dir='ltr'>ses,</span> <span class='ocrx_word' id='word_1_368' title='bbox 336 3947 463 4028; x_wconf 73' lang='lat' dir='ltr'>pecunia</span> <span class='ocrx_word' id='word_1_369' title='bbox 476 3946 570 4019; x_wconf 81' lang='lat' dir='ltr'>robis,</span> <span class='ocrx_word' id='word_1_370' title='bbox 585 3958 632 4009; x_wconf 89' lang='lat' dir='ltr'>est</span> <span class='ocrx_word' id='word_1_371' title='bbox 644 3961 755 4030; x_wconf 75' lang='lat' dir='ltr'>quanta</span> <span class='ocrx_word' id='word_1_372' title='bbox 767 3953 889 4029; x_wconf 84' lang='lat' dir='ltr'>eliorum</span> <span class='ocrx_word' id='word_1_373' title='bbox 904 3951 1069 4036; x_wconf 81' lang='lat' dir='ltr'>mortalium</span> <span class='ocrx_word' id='word_1_374' title='bbox 1087 3956 1208 4031; x_wconf 87' lang='lat' dir='ltr'>nemini,</span> <span class='ocrx_word' id='word_1_375' title='bbox 1223 3958 1366 4022; x_wconf 75' lang='lat' dir='ltr'>militarius</span> 
     </span>
     <span class='ocr_line' id='line_1_41' title="bbox 262 4040 1365 4124; baseline 0.014 -25"><span class='ocrx_word' id='word_1_376' title='bbox 262 4057 404 4099; x_wconf 86' lang='lat' dir='ltr'>eamvero</span> <span class='ocrx_word' id='word_1_377' title='bbox 414 4059 477 4114; x_wconf 85' lang='lat' dir='ltr'>ros,</span> <span class='ocrx_word' id='word_1_378' title='bbox 487 4040 678 4115; x_wconf 85' lang='lat' dir='ltr'>sioutvultis,</span> <span class='ocrx_word' id='word_1_379' title='bbox 687 4042 800 4122; x_wconf 87' lang='lat' dir='ltr'>capitis.</span> <span class='ocrx_word' id='word_1_380' title='bbox 821 4045 919 4110; x_wconf 81' lang='lat' dir='ltr'>Quam</span> <span class='ocrx_word' id='word_1_381' title='bbox 933 4043 959 4102; x_wconf 87' lang='lat' dir='ltr'>si</span> <span class='ocrx_word' id='word_1_382' title='bbox 971 4043 1163 4110; x_wconf 86' lang='lat' dir='ltr'>militantibus</span> <span class='ocrx_word' id='word_1_383' title='bbox 1177 4049 1365 4124; x_wconf 85' lang='lat' dir='ltr'>restitueritis,</span> 
     </span>
     <span class='ocr_line' id='line_1_42' title="bbox 261 4130 1365 4225; baseline 0.011 -33"><span class='ocrx_word' id='word_1_384' title='bbox 261 4130 345 4192; x_wconf 78' lang='lat' dir='ltr'>nialla</span> <span class='ocrx_word' id='word_1_385' title='bbox 363 4130 420 4192; x_wconf 85' lang='lat' dir='ltr'>alia</span> <span class='ocrx_word' id='word_1_386' title='bbox 432 4132 566 4211; x_wconf 81' lang='lat' dir='ltr'>pecuniae</span> <span class='ocrx_word' id='word_1_387' title='bbox 579 4135 786 4215; x_wconf 82' lang='lat' dir='ltr'>comparaudae</span> <span class='ocrx_word' id='word_1_388' title='bbox 799 4135 910 4198; x_wconf 87' lang='lat' dir='ltr'>ratione</span> <span class='ocrx_word' id='word_1_389' title='bbox 924 4155 1000 4216; x_wconf 90' lang='lat' dir='ltr'>opus</span> <span class='ocrx_word' id='word_1_390' title='bbox 1016 4137 1084 4198; x_wconf 88' lang='lat' dir='ltr'>erit:</span> <span class='ocrx_word' id='word_1_391' title='bbox 1110 4139 1155 4204; x_wconf 88' lang='lat' dir='ltr'>siu</span> <span class='ocrx_word' id='word_1_392' title='bbox 1168 4143 1277 4220; x_wconf 89' lang='lat' dir='ltr'>miuus,</span> <span class='ocrx_word' id='word_1_393' title='bbox 1294 4161 1365 4225; x_wconf 85' lang='lat' dir='ltr'>opus</span> 
     </span>
     <span class='ocr_line' id='line_1_43' title="bbox 258 4221 1366 4315; baseline 0.01 -31"><span class='ocrx_word' id='word_1_394' title='bbox 258 4223 328 4296; x_wconf 80' lang='lat' dir='ltr'>orit,</span> <span class='ocrx_word' id='word_1_395' title='bbox 337 4221 385 4284; x_wconf 86' lang='lat' dir='ltr'>vel</span> <span class='ocrx_word' id='word_1_396' title='bbox 397 4222 480 4284; x_wconf 88' lang='lat' dir='ltr'>nulla</span> <span class='ocrx_word' id='word_1_397' title='bbox 493 4225 589 4303; x_wconf 82' lang='lat' dir='ltr'>potius</span> <span class='ocrx_word' id='word_1_398' title='bbox 601 4226 672 4288; x_wconf 91' lang='lat' dir='ltr'>satis</span> <span class='ocrx_word' id='word_1_399' title='bbox 683 4227 739 4288; x_wconf 81' lang='lat' dir='ltr'>erit</span> <span class='ocrx_word' id='word_1_400' title='bbox 751 4227 835 4290; x_wconf 84' lang='lat' dir='ltr'>ratio.</span> <span class='ocrx_word' id='word_1_401' title='bbox 876 4227 956 4294; x_wconf 83' lang='lat' dir='ltr'>Quid</span> <span class='ocrx_word' id='word_1_402' title='bbox 969 4228 1154 4311; x_wconf 84' lang='lat' dir='ltr'>igitur,dioat</span> <span class='ocrx_word' id='word_1_403' title='bbox 1168 4234 1284 4315; x_wconf 89' lang='lat' dir='ltr'>aliquis,</span> <span class='ocrx_word' id='word_1_404' title='bbox 1297 4245 1366 4297; x_wconf 88' lang='lat' dir='ltr'>tune</span> 
     </span>
     <span class='ocr_line' id='line_1_44' title="bbox 262 4315 1365 4405; baseline 0.014 -29"><span class='ocrx_word' id='word_1_405' title='bbox 262 4316 414 4380; x_wconf 78' lang='lat' dir='ltr'>decretum</span> <span class='ocrx_word' id='word_1_406' title='bbox 434 4315 546 4391; x_wconf 86' lang='lat' dir='ltr'>scribis,</span> <span class='ocrx_word' id='word_1_407' title='bbox 559 4327 594 4379; x_wconf 92' lang='lat' dir='ltr'>ut</span> <span class='ocrx_word' id='word_1_408' title='bbox 615 4339 652 4380; x_wconf 89' lang='lat' dir='ltr'>ee</span> <span class='ocrx_word' id='word_1_409' title='bbox 666 4320 704 4381; x_wconf 87' lang='lat' dir='ltr'>sit</span> <span class='ocrx_word' id='word_1_410' title='bbox 720 4320 875 4383; x_wconf 69' lang='lat' dir='ltr'>militaris?</span> <span class='ocrx_word' id='word_1_411' title='bbox 899 4320 969 4386; x_wconf 89' lang='lat' dir='ltr'>Nou</span> <span class='ocrx_word' id='word_1_412' title='bbox 987 4342 1045 4405; x_wconf 81' lang='lat' dir='ltr'>ego</span> <span class='ocrx_word' id='word_1_413' title='bbox 1066 4343 1120 4404; x_wconf 91' lang='lat' dir='ltr'>per</span> <span class='ocrx_word' id='word_1_414' title='bbox 1132 4326 1247 4390; x_wconf 79' lang='lat' dir='ltr'>dorem.</span> <span class='ocrx_word' id='word_1_415' title='bbox 1291 4328 1365 4390; x_wconf 83' lang='lat' dir='ltr'>Puto</span> 
     </span>
    </p>
   </div>
   <div class='ocr_carea' id='block_1_3' title="bbox 261 4409 1364 4500">
    <p class='ocr_par' dir='ltr' id='par_1_7' title="bbox 261 4409 1364 4500">
     <span class='ocr_line' id='line_1_45' title="bbox 261 4409 1364 4500; baseline 0.003 -29"><span class='ocrx_word' id='word_1_416' title='bbox 261 4409 382 4491; x_wconf 83' lang='lat' dir='ltr'>quidem</span> <span class='ocrx_word' id='word_1_417' title='bbox 390 4409 551 4474; x_wconf 84' lang='lat' dir='ltr'>exercitum</span> <span class='ocrx_word' id='word_1_418' title='bbox 559 4413 805 4480; x_wconf 84' lang='lat' dir='ltr'>conscribendum</span> <span class='ocrx_word' id='word_1_419' title='bbox 815 4435 891 4493; x_wconf 79' lang='lat' dir='ltr'>ease,</span> <span class='ocrx_word' id='word_1_420' title='bbox 900 4417 1285 4500; x_wconf 81' lang='lat' dir='ltr'>etpaonniamessedebare</span> <span class='ocrx_word' id='word_1_421' title='bbox 1292 4420 1364 4486; x_wconf 83' lang='lat' dir='ltr'>mili.</span> 
     </span>
    </p>
   </div>
   <div class='ocr_carea' id='block_1_4' title="bbox 0 0 1464 4950">
    <p class='ocr_par' dir='ltr' id='par_1_8' title="bbox 0 0 1464 4950">
     <span class='ocr_line' id='line_1_46' title="bbox 0 0 1464 4950; baseline 0 0"><span class='ocrx_word' id='word_1_422' title='bbox 0 0 1464 4950; x_wconf 95' lang='lat' dir='ltr'> </span> 
     </span>
    </p>
   </div>
  </div>
 </body>
</html>
