2946 4954
385 226 451 312 nn
466 239 583 310 unns
604 247 739 311 ossrn
760 246 1009 314 ιιιιιιιοιιι.
1190 257 1246 318 ιιι
1353 237 1357 242 ’

149 406 248 468 metris
269 405 428 479 Timarchi,
442 405 519 466 senis
533 405 673 476 mulieris,
689 425 744 466 neo
758 425 924 486 puerorum,
943 427 999 469 neo
1014 409 1139 500 denique
1153 413 1252 500 cujus·

148 521 244 579 quam,
259 492 313 560 sed
327 499 400 558 illud
414 499 653 594 spectandum,
632 518 655 558 si
675 499 770 578 legem
787 509 817 558 et
830 500 1009 579 reipublicae
1021 522 1122 562 curam
1128 505 1254 584 abjeee

149 595 221 666 ritis,
235 594 287 672 qui
301 593 391 654 vestri
404 585 583 664 misereatur,
597 593 766 652 inventuros
781 613 846 652 esse
860 594 1014 655 neminem.
1038 595 1111 656 Ille
1104 598 1194 676 igitur
1206 601 1252 660 in·

149 686 219 746 felix
241 685 367 745 homo
359 685 522 764 ignominia
542 694 659 745 notatus
680 695 733 756 est,
755 686 835 764 quod
856 687 939 745 istius
964 689 1076 750 scelera
1093 690 1210 762 vidit:
1202 694 1252 753 isti

149 788 247 838 autem
260 779 463 858 impunitatem
475 777 664 838 concedetis?
686 777 768 836 Cur?
790 777 868 836 Nam
883 780 908 839 si
922 779 959 838 ab
973 780 1008 838 iis
1028 781 1121 858 quiin
1143 797 1180 843 se¹
1194 785 1250 864 ipsi

149 872 343 951 deliquerunt,
359 881 457 932 tantas
471 891 575 950 poenas
588 872 710 950 expetiit
720 870 885 943 AEsohines,
899 870 969 957 quid
983 871 1083 946 ineos,
1097 876 1147 954 qui
1159 878 1250 938 tantis

100 957 103 964 ’
148 964 179 1023 in
192 965 278 1024 rebus
291 964 460 1042 reipublicae
476 967 648 1048 nocuerunt,
668 982 792 1041 quorum
805 963 894 1026 istum
909 983 1000 1023 unum
1014 973 1086 1026 esse‘
1093 978 1218 1044 contat,
1233 991 1252 1032 a

149 1057 233 1116 vobis
250 1056 353 1136 juratis
366 1055 514 1136 judicibus
525 1056 587 1114 erit
600 1055 833 1116 statuendum?
856 1057 898 1114 At
911 1057 1032 1116 hercule
1045 1058 1251 1123 adolescentes

148 1153 267 1228 propter
281 1148 360 1207 illud·
364 1148 509 1227 judicium
523 1147 604 1207 vobis
623 1160 710 1207 eruut
727 1147 884 1207 meliores?
908 1159 1027 1228 propter
1044 1152 1132 1212 istum
1151 1135 1250 1215 eutem

148 1243 167 1300 ii
181 1242 232 1320 qui
245 1252 399 1301 versantur
411 1241 441 1298 in
452 1240 611 1320 republica,
624 1259 677 1319 per
690 1259 763 1319 quos
774 1241 804 1298 in
816 1243 965 1300 'summum
979 1244 1080 1304 civitas
1094 1246 1250 1308 discrimen
1267 1245 1273 1252 ”

150 1334 315 1394 adducitur.
337 1333 395 1393 Est
404 1342 543 1394 autemst
554 1333 661 1396 horum
673 1331 811 1391 habenda
824 1329 907 1392 r'atio.
969 1351 982 1380 -“

190 1431 239 1489 80.
262 1428 304 1486 Ut
316 1437 415 1486 autem
430 1425 598 1498 sciatis,.ab
621 1425 678 1484 isto
699 1425 785 1484 etiam
806 1424 886 1485 hunc
907 1427 1092 1488 Timarchum
1117 1452 1250 1494 eversum
1280 1425 1288 1432 ’

150 1539 226 1593 esse,
239 1539 300 1579 non
322 1521 364 1578 ita
385 1539 431 1579 me
454 1518 505 1578 dii*
517 1527 616 1604 ament
639 1517 677 1576 de
700 1517 798 1577 liberis
819 1519 935 1591 vestris,
949 1539 1009 1597 quo
1021 1519 1063 1579 illi
1072 1515 1176 1584 ¹essent·
1187 1538 1249 1586 m'o-

80 1637 89 1656 ι
150 1613 236 1683 desti,
252 1612 496 1684 sollicito,-sunt
510 1611 597 1684 enim,
612 1609 819 1683 Athenienses,
841 1611 903 1690 jam
916 1629 995 1673 nuno
1009 1615 1152 1676 modesti:
1175 1622 1251 1681 absit

149 1715 184 1765 ut
196 1725 231 1764 eo
241 1705 300 1764 loci
314 1704 482 1784 respublica
493 1703 652 1781 redigatur,
665 1713 699 1762 ut
711 1704 870 1781 Aphobeto
884 1715 914 1764 et
927 1706 1068 1784 AEsohine
1082 1713 1250 1775 censoribus

149 1798 290 1876 indigeat,
306 1795 432 1867 absit-,
446 1796 498 1856 sed
509 1795 652 1873 quodille
665 1805 783 1855 senator
796 1795 920 1875 scripsit,
933 1798 958 1856 si
971 1801 1036 1877 quis
1050 1803 1249 1880 convincatur,

150 1909 231 1950 arma
243 1889 358 1948 vexisse
372 1888 411 1947 ad
422 1889 600 1967 Philippum,
611 1897 661 1947 aut
684 1897 864 1947 armamenta
885 1889 1054 1966 triremium,
1070 1905 1161 1956 morte
1174 1900 1250 1958 mul.

150 1983 300 2046 ctandum.
322 2008 324 2010 ·
344 1982 437 2062 Cujus
456 1981 498 2041 rei
511 1981 568 2041 hoc
583 1981 699 2058 signum
713 1981 768 2040 est'.
812 1980 888 2040 Nam
903 1985 1045 2060 quamdiu
1058 1989 1250 2054 concionatus

149 2077 206 2136 fuit
221 2074 418 2134 Timarchus?
438 2074 499 2133 diu.
541 2073 586 2132 Eo
607 2073 693 2152 igitur
717 2073 797 2132 omni
820 2084 951 2152 tempore
974 2077 1004 2134 in
1025 2081 1173 2157 republica
1196 2085 1277 2146 fuit‘

152 2169 317 2240 AEschines,
341 2176 372 2226 et
385 2185 536 2272 nunquam
557 2185 636 2244 aegre
659 2165 735 2236 tulit,
759 2175 811 2225 aut
834 2156 924 2244 greve
936 2169 1002 2227 esse¹
1016 2170 1111 2244 duxit,
1127 2175 1152 2232 si
1164 2175 1251 2238 hom'o

150 2260 208 2320 illis
222 2260 353 2320 moribus
375 2258 549 2336 conciones
558 2257 694 2329 haberet,-
702 2257 847 2317 deuecta
863 2261 1084 2322 Macedoniam
1080 2268 1250 2356 profectus,
1342 2299 1344 2306 ·

150 2353 280 2432 seipsum
295 2351 430 2412 mercede
443 2331 560 2454 locavit.
602 2348 699 2427 Age,
691 2369 789 2430 ipsum
802 2350 946 2466 Timarehi
960 2351 1144 2417 decretum
1124 2379 1207 2441 cape,
1223 2373 1253 2423 et

150 2447 251 2507 recita.

582 2639 822 2706 DECRETUM.

151 2831 214 2896 Qui
227 2827 314 2906 igitur
326 2845 380 2934 pro
393 2826 476 2886 vobis
490 2825 628 2899 decrevit,
643 2846 680 2884 ne
693 2825 765 2885 belli
777 2835 907 2904 tempore
922 2825 961 2884 ad
983 2825 1150 2908 Philippum
1170 2853 1252 2898 arma

152 2923 307 2992 ferrentur,
321 2920 367 2980 sin
387 2919 451 2997 quis
474 2918 604 2988 fecisset,
620 2918 746 3008 capitale
759 2917 833 2990 fore,
851 2918 945 2995 periit,
965 2927 993 2977 et
1012 2923 1188 2983 contumelia
1205 2931 1251 2986 est
1280 2981 1285 2988 .

151 3007 479 3086 affectus,1steaurem,
494 3012 543 3089 qui
562 3021 591 3070 et
605 3020 768 3070 vestrorum
792 3011 937 3070 sociorum
961 3029 1042 3071 arma
1059 3013 1101 3072 illi
1122 3017 1249 3092 tradidit,
1276 3052 1278 3056 ·

148 3115 286 3175 accusat,
308 3116 340 3164 et
359 3105 396 3164 de
420 3115 521 3182 stupro
546 3103 672 3174 disserit,
685 3102 758 3181 proh
773 3102 872 3161 divum
886 3111 973 3180 atque
986 3102 1137 3164 hominum
1149 3109 1249 3189 fidem,

61 3234 66 3242 ·
148 3199 266 3259 duobus
282 3199 352 3257 suis
356 3198 492 3256 affinibus
503 3187 719 3266 assistentibus,
731 3194 835 3272 quibus
850 3195 1015 3274 conspectis
1030 3217 1082 3258 vor
1104 3201 1250 3264 exclama·

149 3294 231 3366 retis,
246 3292 333 3350 Nicia
354 3291 403 3350 illo
423 3289 559 3363 vaecordi,
573 3289 623 3366 qui
642 3307 675 3347 se
693 3288 722 3345 in
744 3287 873 3365 AEgypto
896 3278 1030 3346 mercede
1045 3289 1152 3352 locavit
1168 3295 1250 3358 Cha·

149 3386 232 3456 briss,
248 3394 280 3444 et
293 3380 412 3442 homine
433 3380 619 3440 exsecrando
629 3369 802 3458 Cerpbione,
824 3377 873 3457 qui
895 3378 924 3434 in
947 3377 1040 3438 festis
1051 3384 1163 3463 absque
1184 3409 1250 3468 per-

148 3498 226 3539 sona
238 3470 430 3536 comessator
473 3471 533 3531 Sed
546 3471 616 3549 quid
637 3470 702 3528 hoec
716 3468 804 3530 dico?
835 3470 928 3550 Atqui
945 3471 1102 3532 fratrem
1077 3495 1140 3555 ejus
1154 3479 1252 3552 videa't

149 3570 347 3650 Aphobetum
391 3565 451 3626 Sed
469 3565 527 3624 illa
533 3563 579 3622 die
593 3557 724 3642 profecto
744 3581 846 3623 omnes
861 3562 898 3622 de
911 3561 1093 3643 impudicitia
1104 3571 1251 3634 orationes

148 3663 288 3731 adverso,
301 3659 381 3739 quod
400 3659 492 3729 aiunt,
506 3651 585 3719 amm
576 3655 753 3716 fluxerunt

188 3755 242 3812 281.
264 3752 497 3829 Verum'quanta
510 3747 671 3827 ignominia
683 3749 892 3827 rempublicam
905 3759 1031 3810 vestram
1042 3750 1126 3810 istius
1143 3751 1252 3833 impro-

148 3846 226 3906 bitas
251 3843 282 3906 et¹
301 3841 481 3926 mendacitas
504 3839 642 3913 affecerit,
666 3841 801 3900 omnibus
821 3843 929 3922 relictis
943 3844 1058 3914 ceteris,
1068 3844 1147 3920 quod
1155 3851 1252 3910 'nostis
1331 3917 1335 3924 ,

148 3957 332 4010 omnesvos,
344 3935 376 4002 id
388 3936 507 3995 dicam.
536 3933 628 4007 Olim,
641 3933 848 4003 Athenienses,
864 3935 936 4014 quid
955 3954 973 3993 a
994 3934 1076 3994 vobis
1100 3935 1251 4005 decretum
1297 3957 1305 3966 *

76 4084 84 4096 .
146 4041 240 4102 esset,
254 4031 449 4088 observabant
464 4025 513 4086 alii
523 4026 624 4086 Graeci
634 4021 756 4086 omnes':
779 4023 857 4086 nunc
871 4023 1094 4086 obambulamus
1104 4033 1252 4112 numquid

147 4123 245 4183 visum
259 4121 316 4182 sit
337 4120 411 4192 eliis,
437 4119 644 4200 speculantes,
657 4127 745 4196 etque
768 4117 987 4200 auscultantes,
1005 4117 1077 4196 quid
1094 4120 1252 4185 Arcades?
1337 4133 1339 4137 ’

146 4214 223 4295 quid
237 4213 492 4295 Aruphictyones?
513 4211 785 4292 quoproliciscatur
805 4210 980 4290 Philippus?
999 4214 1126 4289 vivatne,
1148 4237 1185 4277 an
1199 4221 1252 4278 ob·

133 4307 237 4369 ierit?
258 4308 368 4370 Nonne
380 4307 422 4366 ita
433 4305 578 4367 facimus?
595 4303 665 4383 Ego
677 4321 747 4362 vero
762 4301 792 4360 id
803 4321 863 4360 non
877 4322 989 4377 vereor,
999 4325 1038 4365 an
1051 4307 1129 4368 vivat
1142 4305 1252 4389 Philip-

90 4653 94 4660 ,
124 4627 137 4660 Ι

142 4425 223 4488 pus:
240 4403 315 4465 illud
324 4421 433 4474 vereor,
445 4419 482 4474 ne
496 4396 662 4482 reipublicae
676 4393 776 4458 odium
789 4395 819 4456 in
833 4395 1013 4460 facinorosos
1023 4407 1055 4459 et
1063 4399 1192 4462 vindicta
1200 4403 1253 4462 olr-
