2920 4950
200 267 243 342 ss
404 367 405 372 Ν
572 271 730 344 enarro
751 268 810 344 nn
828 273 948 350 recu

200 421 438 515 precipitabant,
460 428 519 496 uisi
540 427 706 494 communis
723 429 810 492 luerit
831 431 915 512 origo
934 439 968 496 et
988 449 1082 494 cansa
1104 429 1186 496 belli.
1225 429 1312 496 nitu

201 523 491 598 adrumeticum
511 523 772 585 Thebanisdeuuo
796 534 915 605 propter
936 524 1068 605 Oropum
1088 535 1144 586 aut
1164 526 1311 607 privatum

203 607 433 678 emolumentum
457 617 578 697 aliquod
605 615 820 696 belligeramus,
841 617 935 678 ¹cladis
959 627 1132 698 accepturos
1161 621 1309 684 arbitror:

201 719 276 791 puto
284 711 363 770 anim
377 729 428 770 eos
442 719 576 772 nostrum
590 710 723 770 alterutri
736 711 876 771 auxilium
889 710 1007 790 quidem
1019 711 1144 784 laturos,
1161 713 1188 773 si
1200 713 1267 791 quis
1279 714 1311 776 iu

201 812 333 864 nostram
354 789 494 864 ditionem
519 803 650 876 invadat,
671 821 741 864 cum
759 816 865 866 neutro
887 813 986 866 antara
1004 805 1043 865 ad
1067 806 1193 866 alterum
1215 825 1311 886 oppu-

201 895 356 976 gnandum
367 915 449 959 arma
461 896 692 978 consociaturum
734 895 812 956 Nam
826 897 937 956 foedera
950 897 1070 976 quidem
1083 897 1126 959 ita
1138 909 1312 979 comparata

202 999 280 1061 sunt,
301 975 551 1069 quemadmodum
576 998 607 1049 ct
624 987 723 1050 salmo
737 997 886 1069 'reputaret
899 977 1016 1067 aliquis,
1034 991 1134 1069 reique
1147 1000 1253 1052 natura
1266 993 1311 1053 ais

199 1083 346 1144 sehabet:
361 1103 421 1144 non
434 1099 470 1144 eo
485 1101 577 1164 usque
586 1082 745 1162 qnisquam
754 1082 801 1142 vel
816 1082 900 1142 nobis
913 1083 962 1142 rei
974 1082 1123 1144 Thebanis
1131 1085 1208 1144 bane
1217 1085 1311 1165 cupit,

200 1185 235 1237 tit
248 1177 322 1236 salvi
344 1177 435 1236 simus
457 1185 488 1238 et
510 1175 575 1237 eliis
598 1175 786 1254 imperemus,
807 1175 862 1235 sed
882 1174 1112 1236 incolumitatem
1135 1195 1238 1250 ornnes
1259 1177 1306 1238 sui

200 1279 292 1360 cansa
300 1269 383 1330 nobis
391 1279 508 1352 optant,
516 1280 552 1331 ut
566 1285 636 1331 raro
649 1267 783 1330 alterutri
795 1267 881 1350 potiti
892 1267 1015 1330 victoria
1028 1267 1102 1349 ipsis
1121 1268 1310 1347 dominentur

202 1375 303 1425 n'tmo.
791 1384 794 1394 ·
1067 1395 1069 1400 ·

206 1493 211 1502 «
241 1457 272 1517 ὅ.
293 1455 374 1524 Quid
384 1453 827 1536 igitnrenistimoiqrmidabile,
838 1462 870 1515 et
883 1453 1047 1533 quidnobis
1056 1455 1200 1516 essedico
1209 1457 1308 1536 prori-

199 1548 353 1611 madunt
395 1547 566 1610 Nebellum
583 1547 641 1608 hoc
663 1546 745 1626 quod
760 1547 889 1626 agitatur
912 1565 1100 1608 communem
1120 1547 1309 1610 occasionem

199 1653 443 1722 communemque
456 1642 593 1701 omnibns
605 1639 781 1700 criminandi
793 1659 897 1712 ansam
905 1639 1082 1720 suppeditet.
1124 1640 1201 1700 Nam
1212 1642 1237 1702 si
1250 1642 1308 1702 An·

198 1736 258 1818 givi
276 1745 308 1796 et
328 1733 472 1799 Messenii
489 1743 521 1795 et
534 1731 755 1814 Megalopolite
773 1741 804 1794 et
829 1733 1008 1812 reliquorum
1019 1733 1141 1813 quidam
1158 1733 1309 1815 Pelopon·

196 1825 1309 1907 sensiumqnioumhisconsantiunt,obnoatramiilamadhacedemouios

197 1921 239 1982 dc
250 1921 362 1981 ioedare
375 1917 553 2000 legationem
567 1929 598 1980 ct
614 1920 684 1999 quia
700 1919 886 1999 quorundam
898 1918 939 1978 ab
948 1917 994 1977 his
1019 1927 1153 1980 actorum
1175 1921 1310 1984 fautores

196 2013 251 2079 risi
264 2022 376 2085 sumus,
388 2011 489 2072 hostili
500 2029 573 2092 erga
581 2029 637 2072 nos
650 2013 748 2072 anirno
760 2019 858 2082 erunt,
871 2011 896 2070 si
907 2009 1042 2071 Thebani
1058 2013 1156 2086 nobis,
1165 2025 1198 2072 nt
1212 2014 1309 2088 aiunt,

195 2106 496 2178 inlbnsiininticiores
507 2107 598 2166 etiam
612 2104 686 2168 flent
697 2105 778 2185 quod
788 2106 826 2166 ab
836 2105 879 2165 eis
890 2112 973 2165 aotus
983 2103 1139 2166 inexilium
1148 2117 1266 2172 tuemur
1275 2119 1307 2170 et

194 2211 310 2264 nostras
321 2200 461 2262 adversm
471 2216 522 2260 eos
535 2198 700 2259 inimicitias
711 2198 849 2264 omuibus
859 2197 955 2258 modis
968 2197 1160 2272 declaramus,
1175 2200 1308 2280 si'lhes-

197 2295 251 2355 sali
265 2293 344 2373 quod
365 2292 561 2353 Phocensium
580 2292 699 2352 exsules
716 2290 910 2374 protegimus,
934 2290 959 2350 si
974 2290 1128 2372 Philippus
1147 2293 1229 2371 quod
1251 2295 1309 2356 sibi

196 2387 443 2468 Amphictyonum
451 2400 621 2446 consessum
630 2385 819 2466 denegamus,
831 2395 978 2476 metuque
992 2399 1097 2445 omues·
1106 2387 1230 2465 privatis
1241 2391 1307 2467 qus

195 2499 252 2561 que
262 2479 382 2541 offensis
396 2479 499 2538 irritati
512 2479 769 2538 commoraturos
778 2476 905 2537 inferant
916 2477 1037 2547 bellurn,
1052 2478 1306 2560 Amphictyonum

195 2575 315 2635 decreta
328 2571 555 2654 pretendentes,
570 2590 606 2630 ac
617 2570 1048 2651 deindeperducantursinguli
1061 2579 1095 2630 at
1104 2572 1192 2631 etiam
1200 2585 1306 2636 contra

197 2687 281 2729 suam
295 2665 451 2725 utilitatem
466 2682 523 2722 nos
545 2674 727 2742 oppugnent,
748 2664 778 2721 id
791 2663 872 2740 quod
886 2663 974 2721 etiarn
989 2661 1136 2723 Phocensi
1150 2664 1228 2725 bello
1246 2687 1306 2726 usa

195 2760 284 2822 uenit.
327 2755 356 2816 N
357 2777 391 2817 ec
412 2757 489 2816 enirn
502 2756 561 2816 hoc
576 2755 690 2814 scilicet
703 2755 856 2834 ignoratis,
870 2774 949 2814 nunc
964 2753 1124 2816 Thebanos
1146 2768 1176 2817 et
1189 2758 1304 2840 Philip-

160 2897 167 2912 r
194 2873 265 2936 pum
278 2861 310 2913 et
329 2849 496 2920 Thessalos,
518 2847 653 2928 quamvis
674 2869 734 2908 non
756 2845 861 2908 cadem
880 2847 989 2926 singuli
1008 2849 1194 2927 potissimum
1215 2873 1304 2932 urget

194 2957 270 3018 rant,
283 2945 388 3005 eadem
400 2953 499 3002 tamen
508 2959 611 3002 ornnes
625 2941 794 3020 perfecisse.
836 2942 914 3002 Nam
928 2939 1061 3001 Thebani
1073 2942 1252 3023 Philippum,
1265 2966 1306 3006 ne

192 3049 360 3119 penetraret
393 3045 481 3116 atque
507 3034 657 3113 angustiis
683 3035 835 3114 potiretur,
856 3033 1010 3113 prohibere
1039 3055 1100 3095 non
1133 3049 1305 3116 potueruut,

192 3148 249 3192 nec
276 3131 497 3208 obsistensque
518 3127 612 3188 minus
634 3129 660 3187 is
684 3127 813 3207 ipsorum
835 3128 958 3202 laboris,
984 3139 1153 3208 posuems
1178 3135 1304 3209 quamvis

192 3224 325 3297 veniens,
356 3223 478 3303 glorium
509 3219 737 3281 habeat-*nunc
757 3220 833 3280 enirn
853 3219 997 3296 Thebani,
1015 3223 1097 3302 quod
1120 3224 1160 3285 sd
1180 3245 1305 3304 possea·-

191 3316 305 3378 sionem
329 3324 422 3395 atque
444 3313 666 3393 acquisitionem
693 3313 820 3394 regionis
841 3316 956 3391 attinet,
979 3335 1040 3376 rem
1060 3335 1138 3378 sane
1160 3321 1304 3398 preclare

193 3417 359 3490 gesserunt,
380 3407 425 3467 sin
446 3407 587 3467 honorem
610 3417 651 3466 et.
668 3407 791 3486 gloriam
811 3417 938 3488 spectes,
952 3407 1132 3488 turpissimez
1152 3411 1209 3472 nisi
1224 3415 1304 3476 enim

191 3503 346 3583 Philippus
376 3498 468 3580 Pylas
503 3508 689 3578 occupasset,
711 3498 783 3558 nihil
809 3499 936 3560 habituri
964 3499 1056 3562 fuisse
1075 3500 1301 3568 rideremus-2

190 3616 288 3675 neque
314 3613 384 3654 vero
403 3593 470 3652 haro
492 3591 535 3652 eis
555 3591 705 3672 proposita
730 3591 860 3666 inerunt,
881 3591 935 3654 sed
962 3594 1031 3672 quia
1058 3593 1248 3659 Orchomeno
1272 3609 1304 3659 et

191 3691 328 3752 Coronea
348 3683 436 3768 potiri
456 3685 627 3764 cupiebant,
645 3703 741 3764 neque
761 3696 860 3745 tamen
875 3696 1023 3765 poterant,
1036 3687 1104 3762 ideo
1117 3688 1183 3750 baec
1203 3693 1303 3753 omnis

191 3783 367 3843 tolerarunt.
409 3775 577 3856 Philippum
599 3776 720 3856 itaque„
734 3787 803 3838 sunt
825 3779 877 3858 qui
895 3778 994 3840 dicere
1016 3781 1156 3857 audeant,
1170 3783 1302 3846 noluisse

189 3874 339 3938 Thebanis
354 3869 575 3932 Orchomenum
585 3878 616 3929 et
630 3869 796 3930 Coroneam
808 3871 937 3943 tradere,
950 3872 1005 3933 sed
1018 3883 1153 3934 coactum
1166 3874 1303 3938 dedisse:

135 4035 141 4046 ,
189 3985 246 4048 ego
265 3985 335 4027 vem
354 3965 410 4024 hos
432 3963 532 4024 salem
557 3962 659 4038 jubeo,
680 3962 755 4022 illud
778 3975 876 4024 autent
895 3965 958 4025 scio
977 3984 1037 4025 non
1061 3966 1161 4046 magia
1181 3967 1209 4027 ei
1231 3969 1301 4030 brec

190 4079 271 4123 corae
287 4057 493 4136 irrisae'quanr
516 4065 548 4116 ut
570 4053 682 4115 aditum
704 4054 963 4136 'Pherrnopylarum
985 4051 1145 4138 occuparet
1168 4061 1297 4142 bellique

188 4152 313 4234 gloriam
329 4139 572 4228 consequeretur,
581 4157 614 4207 ut
628 4167 720 4226 senape
736 4150 830 4208 ledum
850 4150 1070 4211 turrinorum
1092 4172 1145 4232 per
1168 4155 1298 4235 seipsum

190 4243 372 4307 debellatum
385 4249 416 4300 et
428 4249 613 4320 amputatum
626 4259 704 4314 esse,
716 4251 807 4320 utque
815 4249 875 4316 ‘suo
888 4243 1030 4305 arbitratu
1043 4244 1153 4324 Pythia
1174 4248 1300 4308 admini-

187 4347 311 4404 straret;
327 4343 414 4412 atque
424 4333 490 4394 heac
498 4333 580 4393 fuere
588 4353 710 4414 quorum
724 4333 774 4394 ille
782 4335 928 4396 desiderio
939 4337 1125 4416 potissimum
1140 4343 1299 4403 aestuabat.

189 4427 518 4498 messstlinoutrum
527 4426 632 4493 horum
640 4427 790 4504 volebant,
797 4438 831 4490 ut
839 4427 886 4493 vel
896 4428 1102 4495 Thebanorum
1111 4433 1159 4497 rel
1170 4434 1298 4518 Philippi
