2932 4952
434 231 977 376 oonrnnnursrocnrrnu.
1191 282 1263 342 oss

163 433 275 504 ’ἑιιιιεθὲΙ
290 426 430 489 diction
436 429 584 534 adempta,
607 429 831 508 proseripserit?
853 415 940 500 Quid
944 451 1030 512 purte
1040 431 1124 495 uirud
1130 440 1179 494 est
1176 455 1261 498 coru·

163 493 300 581 inridere
295 537 399 598 ,quarn
414 520 443 580 si
465 523 530 600 quis
550 522 652 586 ordine
674 522 716 580 sic
737 524 928 583 omnibusne
929 545 1018 602 ,quse
1032 526 1145 604 iegibus
1166 529 1260 588 conti·

163 621 284 680 nentur,
295 612 440 674 contraria
453 612 640 690 scripserit?
1059 651 1062 658 ,

134 757 165 786 .·
211 706 258 762 14.
278 700 348 762 Non
365 702 462 762 solum
484 703 575 782 rgrtur
586 703 639 762 iras
653 702 746 781 leges,
761 703 969 776 Athenrenses
983 707 1110 779 violavit,
1124 709 1175 770 sed
1188 693 1288 773 atras*

163 815 284 874 -quoque
306 795 458 874 plurimas,
474 815 547 873 quas
570 795 813 856 uitandi-iusddii
834 816 925 856 causa
948 817 1007 856 non
1031 800 1259 879 adscripsimus:

160 889 219 948 ¹sed
230 888 260 946 in
271 899 385 952 summa
395 887 437 946 sic
448 887 716 968 dico,quaecunque
729 887 810 965 leges
821 889 859 948 nd
869 908 964 954 rerum
973 891 1138 968 capitelium
1148 895 1262 972 judicia
1302 893 1306 898 ’

163 981 321 1060 pertinent,-
335 999 404 1058 quse
425 979 470 1039 vei
493 980 587 1051 citari,
606 979 653 1038 vel
677 990 781 1038 testem
803 995 879 1056 esse,
901 981 947 1040 rel
970 1000 1035 1042 reos
1054 984 1260 1062 jusjurandum

162 1075 248 1144 sedare,
263 1072 309 1130 vei
328 1072 444 1150 quidvis
456 1071 536 1130 aliud
550 1082 688 1150 prestare
696 1070 814 1148 jubent,
827 1089 878 1132 ens
901 1089 1003 1138 omnes
1017 1075 1145 1147 violavit,
1158 1090 1261 1140 contra

161 1169 221 1228 ‚eas‘
230 1184 331 1224 omues
345 1164 405 1224 hoc
414 1165 563 1226 decretum
577 1164 655 1224 iecit.
673 1219 676 1228 ,
698 1163 726 1223 N
728 1182 775 1230 am
788 1164 837 1223 ubi
850 1181 910 1230 non
921 1165 1033 1237 citatio,
1042 1187 1101 1229 nou
1105 1169 1261 1246 judicium,

160 1279 226 1318 ‚non
245 1257 412 1319 testimonia
426 1257 619 1328 corrsciorum,
633 1275 692 1324 non
709 1255 864 1314 columniae
877 1257 1095 1336 jusjurandum,
1108 1263 1161 1323 sed
1176 1285 1195 1324 a
1205 1266 1261 1326 cri·

162 1351 245 1418 smine
258 1351 355 1414 seeum
371 1349 642 1430 poenassperucripte
662 1358 717 1417 est,
730 1366 824 1426 eaque
843 1350 999 1418 interdicta
1026 1353 1151 1430 iegibus,
1172 1357 1260 1435 qnid„

162 1463 232 1504 narn
247 1442 326 1502 aliud
337 1442 480 1522 quispiam
490 1441 595 1502 dicut?
629 1442 725 1520 Atqui
743 1439 817 1501 tec,
830 1442 930 1503 omnia
949 1443 979 1499 in
1004 1445 1132 1524 quinque
1154 1461 1261 1526 praetoc

159 1537 213 1595 riis
231 1535 317 1607 fiunt,
339 1533 480 1596 mandute
501 1533 628 1612 iegibus.
668 1537 713 1594 At
735 1535 827 1605 enirn,
845 1532 951 1592 dixerit
971 1535 1085 1613 adquin,
1103 1539 1164 1598 itta
1191 1563 1260 1604 vero

160 1628 274 1688 *nrdiius
299 1626 480 1704 prodirent,
504 1645 598 1704 neque
622 1634 700 1688 recte
728 1624 914 1702 excogitate:
944 1627 1074 1706 nunquid
1100 1650 1168 1692 vero
1191 1653 1259 1712 qum

157 1722 219 1780 ¹iste
243 1718 360 1796 scripsit
378 1720 462 1794 justa
481 1727 511 1776 et
532 1717 674 1794 praeciara
694 1717 783 1778 sunt?
804 1717 868 1774 imo
881 1720 1102 1798 eontrapntius.
1144 1725 1192 1784 An
1206 1727 1258 1788 de·

162 1824 245 1874 creto
259 1813 319 1870 istu
330 1809 409 1889 apud
430 1829 482 1871 vos
504 1821 633 1886 unquam
654 1811 816 1887 quiequam
831 1811 870 1868 sit
888 1809 998 1878 factum
1021 1811 1161 1892 injustius¹
1179 1819 1258 1882 haud

158 1907 244 1978 scios
265 1904 309 1962 isis
322 1921 391 1966 ,vero
400 1901 518 1981 judiciis
529 1900 604 1962 inter
612 1901 715 1960 omnia
728 1915 796 1980 quse
808 1901 839 1960 in
849 1902 932 1960 terris
946 1913 1029 1975 sunt,¹
1040 1905 1153 1966 nulium
1164 1929 1259 1988 neque

120 2043 125 2052 ,
159 1997 298 2079 gravius,
305 2003 405 2072 neque
410 1994 518 2072 justius
530 1993 699 2071 reperietur.
742 1993 872 2054 Breviter
887 2004 986 2060 eutem
1008 2015 1044 2056 ea
1063 1997 1171 2071 dicam,
1184 2022 1261 2080 quoa

162 2113 229 2153 rum
240 2087 480 2150 commemoratio:
493 2095 599 2146 nostroe
621 2085 729 2148 civitati
751 2085 845 2146 leudis
864 2084 1017 2163 eliquidet
1029 2087 1257 2168 honorisparint,

158 2197 195 2250 et
214 2184 334 2264 quibus·
345 2171 451 2238 auditis
474 2198 526 2240 ,vos
551 2177 762 2254 oblectaminis
775 2177 842 2236 inde
868 2177 956 2238 ducto
968 2180 1100 2250 errordi0,
1114 2183 1258 2246 undenos

159 2277 324 2338 rectissime
343 2291 403 2330 rem
417 2269 596 2348 intelligetis,
609 2283 759 2348 regressus
770 2267 809 2330 ad
827 2267 858 2330 id
871 2269 952 2346 quod
966 2270 1141 2336 Clraridemo
1155 2274 1258 2338 datum

156 2380 210 2431 est
224 2368 384 2449 praemium.
943 2387 948 2398 ι
1011 2405 1014 2412 -
1306 2367 1309 2370 ’

155 2463 255 2521 ·..l5
280 2457 354 2530 Nos,
369 2455 574 2528 Athenienses,
587 2455 834 2516 Charidemum
809 2475 901 2516 errem
912 2421 1049 2534 fecimus,
1060 2466 1148 2536 atque
1160 2479 1214 2542 per
1226 2462 1270 2522 id·

154 2551 346 2620 ¹beneficium,
364 2567 431 2608 eum
452 2550 482 2607 in
495 2549 664 2608 societatem
687 2549 861 2628 recepimus,
882 2567 1040 2619 sacrorum,
1049 2552 1259 2628 profanorum,

155 2646 372 2718 institutorum,
394 2639 645 2716 eorumdemque
666 2640 793 2700 omniurn
816 2641 947 2718 quibus'
941 2641 996 2719 rpsi
1015 2641 1146 2703 fruimur.
1181 2644 1267 2706 Sunt

154 2749 261 2814 autem
276 2725 355 2813 apud
366 2751 419 2790 nas
431 2731 496 2810 ejus
510 2731 625 2809 generis
637 2733 798 2811 complure,
814 2753 881 2810 quse
894 2752 1038 2810 nusquam
1054 2733 1147 2796 alibi:
1167 2757 1268 2798 unum

156 2847 232 2892 vero
255 2827 381 2886 maxime
400 2823 555 2904 proprium,
568 2835 600 2884 et
611 2825 685 2884 inter
698 2831 796 2886 cetera
811 2824 1033 2896 nobilissimum,
1052 2827 1198 2906 Areopagi
1206 2829 1256 2907 ju·

156 2922 282 2990 dicium,
295 2917 406 2994 dequo
421 2915 503 2976 vobis
521 2923 564 2975 tot
578 2914 727 2994 praeclarae
746 2913 935 2987 narrationes,
950 2925 1012 2974 tum
1026 2916 1180 2988 fabulose,¹
1192 2929 1255 2980 tum

156 3013 269 3075 nostris
286 3008 459 3078 testimoniis
473 3008 650 3068 confirmatae
665 3017 837 3086 suppetunt,
859 3017 932 3084 quot
952 3007 989 3066 de
1008 3008 1087 3068 nuiio
1107 3009 1164 3070 aiio
1183 3029 1255 3070 con·

155 3107 244 3167 cilio:
265 3102 402 3181 equibus
415 3119 505 3160 unam
518 3110 606 3177 utque
628 3099 758 3170 alterurn,
779 3098 869 3158 veiuti
890 3099 928 3158 ad
949 3099 1103 3177 specimen
1115 3101 1256 3166 exhiben-

153 3203 245 3270 dum,
265 3196 367 3256 audire
377 3194 467 3252 inerit
478 3213 575 3272 operae
594 3193 728 3271 pretium.
750 3191 878 3254 Primum
892 3191 981 3270 igitur
998 3192 1038 3252 de
1060 3195 1199 3272 antiquis,
1223 3208 1257 3258 ut

153 3313 197 3352 ea
210 3289 296 3349 nobis
309 3286 417 3346 tradita
430 3295 509 3354 snut,
523 3285 552 3342 io
566 3285 622 3346 hoc
636 3284 700 3344 scio
709 3283 822 3362 judicie
832 3285 871 3344 dii
881 3285 929 3363 jus
941 3284 978 3344 de
990 3286 1075 3344 crede
1086 3287 1156 3348 dare
1166 3301 1197 3348 et
1206 3302 1255 3352 ue-¹

152 3386 261 3463 cipere
272 3379 484 3448 voluerunt‚.et
493 3377 707 3456 disceptatores
721 3397 787 3436 esse
801 3379 875 3438 inter
889 3379 1130 3454 resarsurum,
1144 3383 1256 3444 dissen-
1367 3385 1368 3392 '

151 3479 281 3537 tientes:
295 3492 362 3532 nem
377 3471 533 3548 Neptunus
544 3489 562 3530 a
572 3469 669 3530 Marte
682 3489 784 3548 poenas
794 3471 892 3548 exegit
905 3471 1051 3532 interiecti
1065 3473 1255 3538 Halirrhothii

150 3569 222 3637 filii,
237 3577 270 3626 et
285 3563 378 3624 Furiis
393 3583 428 3622 ac
443 3560 539 3622 Oresti
548 3562 598 3641 jue
612 3559 748 3620 disierunt
762 3560 918 3622 duodecim
936 3563 988 3624 dii.
1021 3565 1064 3624 Ae
1079 3575 1177 3626 vetera
1190 3569 1257 3646 qui·
1290 3553 1298 3558 ”

149 3662 229 3721 dem
242 3659 306 3716 haec
321 3665 402 3715 mint:
424 3655 562 3734 deinceps
577 3665 684 3725 autem,
698 3655 792 3716 solum
806 3653 1016 3735 hoc'judioium
1031 3669 1255 3737 nonvtyrannus,

147 3773 220 3813 non
234 3766 393 3829 paucorum
409 3747 591 3826 dominatus,
602 3767 662 3818 non
676 3746 776 3825 popuii
790 3749 956 3817 auctoritas,
971 3749 1146 3827 capituiibus
1159 3755 1255 3827 causis
1269 3777 1272 3788 ι

148 3839 355 3923 dijudicandis
369 3839 493 3917 spoliare
513 3838 647 3907 instituit,
671 3838 724 3898 sed
745 3858 898 3902 omnesne
923 3841 959 3901 de
983 3840 1028 3898 his
1051 3847 1274 3928 controversiis*

146 3935 258 3996 minus
273 3951 360 4012 greve
369 3930 429 4010 jus,
447 3949 535 4007 quam
551 3931 588 3990 ab
603 3930 647 3989 his
662 3929 811 3992 inuentum
826 3943 915 4002 esset,
929 3931 1146 4008 excogitaturus
1159 3937 1256 3998 oredi-

146 4029 287 4096 derunt.
308 4023 384 4090 Qnoe
408 4041 476 4082 cum
498 4021 540 4083 ita
553 4021 621 4093 sint,
634 4022 692 4082 hoc
706 4022 793 4093 etiem
808 4023 934 4094 accedit,
947 4023 1028 4102 quod
1041 4023 1088 4084 iric
1103 4046 1189 4088 neruo
1202 4049 1256 4094 un-

144 4137 249 4200 quam
260 4115 309 4176 ,vel
321 4133 387 4174 reus
402 4113 569 4184 damnatos,
580 4115 626 4176 rei
636 4125 718 4174 notor
727 4128 897 4192 superante,
910 4115 1062 4176 ostendere
1073 4120 1177 4195 potuit,
1186 4141 1256 4184 sen,-
1272 4151 1276 4160 Δ

141 4211 280 4286 tentiam
295 4225 446 4286 perperam
461 4205 549 4267 fuisse
563 4207 662 4282 latam.
698 4207 764 4266 Hoc
782 4207 871 4284 igitur
890 4207 1207 4285 proesidiurn'ciuitatis,
1227 4225 1275 4278 et²
1354 4211 1355 4216 ἵ

138 4301 305 4382 legitimas
318 4299 382 4378 ejus
397 4298 521 4362 ultiones
532 4298 664 4376 neglexit
673 4297 755 4357 istius
771 4297 1070 4377 decreti'scriptor,et·
1079 4301 1255 4368 Ctesidemo
1264 4333 1276 4345 w

139 4392 269 4458 viventi
283 4389 429 4454 licentium
444 4389 526 4454 dedit
540 4389 665 4456 faciendi
674 4389 813 4469 quicquid
822 4389 885 4469 ejus
896 4390 1111 4479 libidotuleritr
1120 4392 1174 4484 ,ειη
1183 4394 1256 4472 quid
1352 4438 1355 4448 .
