2912 4946
231 305 291 370 ιιι
410 267 414 278 ’
543 323 545 330 s
638 303 999 368 ‚rnnrnosonff
1108 289 1111 298 '

390 585 393 594 ·
472 545 749 651 rnovoolr'ro.
772 555 1092 685 r'nsr'irretiunt.¹
1133 599 1135 606 ·

163 745 172 768 '
232 739 329 803 laun
346 736 434 817 igitur
442 737 511 817 jura
533 736 588 798 iste
602 741 762 809 aversatns3
778 745 808 795 et
827 743 872 794 tot
890 734 984 814 signis
996 734 1151 814 columnia
1165 737 1329 808 convictus,

234 831 295 892 suls
305 831 438 892 mouns
454 830 565 892 habere
577 829 683 892 iidem
678 826 981 908 importantium
995 847 1063 888 vero
1084 828 1281 890 calumniatur
1302 839 1330 888 ct

233 935 302 984 tera
317 923 426 984 dixisse
440 932 593 1002 negat.
1014 945 1017 953 ²

275 1020 303 1078 7.
325 1016 490 1096 Disputabo
503 1023 612 1087 autem,
630 1015 742 1076 eustasi
756 1034 823 1075 ven
810 973 994 1074 sirnilitudo
1018 975 1177 1119 spectetur,
1192 977 1330 1093 quidnam
1444 1011 1445 1014 ’

233 1109 313 1174 det·
289 1119 347 1170 ert
354 1110 452 1170 sentiri
476 1108 641 1168 conveniat.
684 1108 764 1167 Inter
784 1113 836 1168 r‘os'
856 1127 958 1168 omues
978 1109 1139 1166 constare
1131 1107 1205 1180 scio,
1220 1127 1271 1168 eos
1286 1108 1332 1188 'qul

234 1203 339 1268 falsum
353 1202 550 1274 testimonium
564 1202 677 1271 dicunt,
697 1211 748 1261 aut
769 1202 834 1261 ob
827 1201 954 1280 inopiam
968 1201 1169 1278 largitionibus
1183 1207 1332 1284 corruptos

232 1307 286 1358 “out
306 1305 425 1378 propter
442 1294 636 1356 sodalitatem
657 1303 710 1354 aut
732 1294 819 1354 etiarn
839 1295 907 1354 odio
927 1294 1160 1353 aduersariorum
1180 1295 1333 1368 adductos,

234 1389 456 1452 atali'facinore
470 1409 529 1448 non
544 1387 708 1448 abhorrere.
750 1387 791 1446 At
803 1391 923 1466 propter
934 1387 1038 1446 harum
1053 1406 1148 1446 rerum
1161 1387 1275 1446 nullani
1285 1385 1333 1470 pro

235 1492 283 1542 nie
297 1481 393 1542 dic'ere
407 1481 605 1560 testimonium
619 1485 788 1557 potuerunt,
801 1483 896 1556 neque
912 1477 989 1547 enim
1003 1477 1173 1538 'sodalitates
1194 1479 1252 1540 illis
1275 1487 1333 1542 m'e-

234 1595 302 1638 eurn
322 1571 581 1636 intercedunt-id
606 1570 683 1632 enirn
707 1570 758 1648 qui
781 1569 882 1632 fierett
907 1589 1044 1630 cumnec
1058 1572 1087 1630 in
1108 1571 1212 1634 iisdem
1234 1571 1333 1636 studiii

235 1668 353 1739 versati,
364 1669 395 1726 et
415 1675 515 1726 'eorum
539 1663 658 1743 quidam
683 1682 742 1723 non
761 1663 851 1724 modo
868 1663 936 1744 mei,
957 1662 1011 1722 sed
1028 1683 1069 1723 ne
1082 1665 1159 1726 inter
1170 1683 1203 1724 se
1217 1665 1332 1745 quidam

236 1759 365 1838 Quales
379 1758 489 1829 sint-,-
511 1777 567 1818 nec
589 1756 638 1838 isti
655 1766 722 1816 sunt
743 1753 959 1816 inimici-nam
976 1765 1007 1816 et
1019 1754 1078 1836 hoc
1097 1767 1232 1822 constat:
1263 1777 1333 1822 ιιιιιιι

235 1853 312 1914 enim
334 1844 423 1912 irater
445 1853 510 1932 ejus
534 1860 581 1911 est
605 1859 635 1910 ct
656 1848 827 1917 advocatus,
843 1848 1138 1911 Phacus-familiaris
1152 1863 1191 1910 -et
1213 1850 1333 1927 tribulis,
1446 1835 1447 1856 ¹

235 1947 389 2027 Philippus
410 1967 467 2008 nec
491 1946 603 2006 amicus
621 1963 676 2005 noc
695 1942 846 2004 inimicus:
868 1962 958 2021 quare
979 1961 1034 2004 nec
1057 1943 1115 2004 hoc
1140 1945 1253 2006 crimen
1270 1947 1334 2026 jure

236 2043 392 2121 quisquam
416 2042 459 2100 eis
483 2039 686 2119 impegerit-,
699 2055 795 2115 neque
814 2035 901 2096 etiarn
921 2043 1094 2116 paupertate
1112 2038 1260 2101 adductos
1273 2059 1334 2100 esse

236 2133 392 2214 quisquam
413 2132 626 2192 dixerit-cum
645 2140 743 2190 tantas
757 2149 829 2208 opes
848 2129 978 2190 habeant
997 2149 1107 2204 ornnes,
1120 2141 1155 2190 ut
1167 2142 1200 2192 et
1219 2152 1336 2194 munera

213 2209 319 2286 'robis
342 2225 477 2287 alacriter
498 2225 607 2284 obeant
625 2223 655 2282 e‘t
676 2231 800 2303 pareant
824 2221 849 2282 si
866 2221 937 2300 quid
950 2222 1122 2308 imperatum
1139 2225 1182 2284 eis
1201 2226 1334 2298 luerit-‚
1447 2275 1448 2280 ,

237 2329 380 2399 praterea
401 2337 457 2379 nec
479 2315 572 2398 ignoti
586 2315 668 2376 robis
689 2314 792 2375 necin
815 2312 987 2374 deteriorem
1006 2327 1120 2394 partem
1134 2315 1247 2396 cogniti
1260 2327 1336 2388 sunt,
1447 2315 1448 2318 ’

238 2412 293 2472 sed
308 2410 449 2472 moderati
466 2410 600 2469 homines
618 2407 773 2468 habentur.
815 2407 905 2485 Atqui
928 2406 952 2466 si
971 2405 1024 2467 nec
1042 2408 1158 2487 inopes,
1180 2411 1235 2469 ιιιιοΙ
1256 2409 1335 2470 istius

237 2503 356 2576 inimici,
379 2522 436 2563 nec
461 2502 547 2562 amici
569 2501 627 2560 mei
649 2511 726 2571 sunt,
742 2499 792 2578 qui
816 2499 956 2560 convenit
980 2500 1133 2580 suspicari,
1159 2502 1270 2562 salsum
1289 2521 1336 2563 eos

238 2597 352 2657 dixisse
362 2593 582 2657 testimoniumt
604 2595 669 2672 Ego
683 2593 802 2671 quidem
814 2589 873 2652 ιιοιι
887 2592 984 2651 video.
1448 2655 1449 2662 ἵ

281 2691 311 2749 8.
333 2689 409 2757 Quae
422 2686 658 2767 quanquamiste
672 2686 794 2756 sciebat,
808 2696 838 2744 et
852 2685 983 2745 omniurn
991 2686 1102 2764 optime
1112 2699 1202 2748 norat
1213 2707 1267 2750 eos
1275 2708 1339 2751 vera
1448 2713 1449 2720 ¹

239 2782 362 2854 dixisse,
372 2793 471 2842 ‘tamen
486 2779 692 2850 calumniatur,
706 2797 741 2838 ac
751 2797 811 2838 non
825 2779 914 2838 modo
927 2783 957 2837 ie
971 2778 1036 2837 haec
1046 2778 1156 2839 dixisse
1164 2793 1268 2860 negat,
1278 2778 1338 2862 qna

240 2880 329 2945 ab'eo
343 2875 422 2937 diota
436 2868 500 2934 ess’e
513 2891 573 2951 quo
584 2871 788 2951 pacto'magis
800 2871 919 2934 ortandi
937 2871 1043 2949 queat?
1064 2871 1119 2932 ssd
1138 2873 1228 2934 ctiam
1248 2874 1339 2935 bomi-

240 2991 308 3032 nem
319 2967 455 3029 omnino·
473 2985 538 3026 esse
556 2983 672 3024 eervun
693 2964 828 3024 affirmat.
870 2964 946 3023 Volo
972 2973 1070 3024 autem
1086 2971 1184 3044 pauc'a
1198 2967 1341 3029 duntaxat

240 3063 338 3126 dicere
353 3062 460 3124 adhoc
472 3079 588 3138 quoqne
603 3057 824 3118 mendacium'
797 3077 864 3137 ejas
876 3057 1073 3118 refutandum.
1107 3059 1195 3139 Ego,
1209 3063 1342 3136 ludices,

240 3161 328 3220 etiarn
347 3153 470 3250 propter
491 3151 584 3211 hroc'
577 3153 611 3210 ιιιΙ
627 3152 818 3256 questionem
838 3151 866 3210 ei
888 3151 998 3211 dedere
1017 3153 1151 3212 ancillas
1163 3154 1257 3228 nolui,
1279 3157 1342 3236 qua‘

241 3261 324 3330 patre
338 3243 478 3307 moriente
500 3263 567 3304 curn
588 3245 803 3304 manumissum·
820 3264 855 3303 ac
875 3254 939 3304 tum
956 3244 1049 3304 fuisse
1063 3245 1188 3306 liberurn
1202 3249 1342 3310 memine-

242 3352 320 3403 ιἰιιιι
356 3337 533 3400 Praeterea
516 3357 585 3398 mea
596 3339 688 3397 mater
701 3337 789 3396 fidem
803 3338 900 3398 facore
909 3336 1013 3409 uoluit,
1020 3342 1053 3396 et
1066 3338 1096 3396 ni
1109 3339 1242 3400 it'aesset
1257 3361 1303 3402 me
1314 3350 1343 3400 ct

242 3449 370 3497 sororem
392 3432 560 3512 productos,
574 3432 656 3508 qnos
663 3431 767 3490 unicos
783 3430 892 3490 liberos
905 3430 1003 3502 habet,
1017 3437 1139 3510 proptor
1150 3437 1233 3510 tinus
1256 3434 1343 3496 vidua

242 3531 337 3588 'vitam‘
345 3523 665 3603 transagitsdcrove're,
679 3533 791 3602 epatre
801 3523 1102 3584 moriturohnrninem
1109 3520 1193 3586 hunc
1206 3527 1344 3588 amisum

242 3628 419 3690 esternaco,
433 3627 520 3695 atque
535 3617 681 3696 npudno's
688 3615 789 3676 haberi
802 3635 857 3696 pro
865 3617 958 3676 libero
970 3637 978 3676 ι
999 3623 1098 3694 n'aqua
1107 3625 1177 3678 vero
1186 3619 1343 3698 quisquam

243 3724 327 3794 potet
339 3726 409 3774 earn
422 3710 452 3770 in
471 3719 572 3769 nostra
589 3709 689 3788 capita·
702 3709 769 3768 hac
781 3709 1020 3788 unquamjuiare
1034 3710 1176 3783 voluisse,
1190 3712 1296 3772 nisius
1314 3710 1345 3776 id

242 3807 366 3886 liquido.
376 3800 725 3880 iactumm'intelligcret.
774 3801 818 3861 Ut
837 3810 939 3862 autem·
956 3807 1074 3862 constet
1090 3813 1224 3864 rue-vera
1231 3801 1345 3876 diem,

244 3892 359 3978 noeque·
368 3899 433 3958 hauc
447 3893 650 3956 lacerefuisse
661 3897 793 3974 paratos,
807 3911 882 3957 roca
891 3893 997 3955 haruin
1008 3904 1222 3959 renim-testes.

711 4096 873 4176 rueras:
917 4125 920 4136 ·

286 4263 315 4319 9.
337 4260 413 4320 Cum
428 4259 515 4340 igitur
527 4279 581 4320 nos
594 4270 639 4322 tot
648 4258 746 4342 justas
760 4260 887 4321 rationes
902 4258 1005 4320 afferre
1015 4277 1161 4337 queamus
1169 4268 1200 4318 et
1209 4257 1249 4318 ad
1264 4278 1349 4338 argu-

246 4364 346 4414 menta
366 4353 492 4416 maxima
508 4353 649 4434 probandi
670 4353 826 4416 testimonii
839 4351 1000 4435 confugere
1012 4351 1202 4425 voluerimus,
1223 4351 1279 4412 iste
1301 4349 1349 4410 his
