2886 4946
549 324 608 384 DE
628 323 816 382 CORONA.
1172 328 1230 388 165

135 501 237 546 rursus
257 488 305 563 [ut
317 479 400 540 initio
418 476 535 541 dicendi
548 476 618 555 leci]
636 477 709 538 deos
721 475 898 538 monada
915 474 1061 551 invocare,
1073 495 1183 558 eosque
1195 480 1229 540 irr

135 583 302 656 conspectu
315 580 414 634 restro
422 589 528 652 precor
541 569 674 650 primum,
686 579 720 630 ut
728 567 868 648 quent'am
877 587 934 648 ego
946 587 1061 648 semper
1069 590 1140 651 erga
1150 580 1182 634 et
1187 572 1230 634 ci-

133 669 257 732 vitatem
266 674 395 726 vestram
408 683 518 743 vosque
535 663 687 724 universos
699 660 934 724 benevolentiam
942 660 1052 735 babeo,
1065 670 1149 724 tanta
1160 664 1232 726 mibi

132 759 250 823 avobis
259 758 290 818 in
303 758 361 817 boc
370 754 483 837 judicio
495 755 657 818 tribuaturr
679 753 785 819 deinde
794 763 829 812 ut
838 753 916 831 quod
924 752 963 814 ad
973 773 1155 816 communem
1168 776 1231 818 om-

132 852 216 914 nium
231 848 474 912 existimationem
488 858 520 910 et
542 849 581 909 ad
599 847 777 926 singulorum
792 844 961 924 religionem
973 865 1149 927 magnopere
1161 868 1232 912 con·

133 949 220 1018 seret,
231 945 264 1007 id
277 944 361 1004 robis
375 943 415 1006 dii
426 943 591 1004 concedant
603 953 638 1004 ut
650 943 681 1002 in
690 941 746 1002 hac
755 960 843 1002 causa
855 939 1000 1002 statuetis.

178 1041 218 1098 5.·
234 1037 266 1098 si
284 1036 374 1116 igitur
386 1044 547 1100 astantum
563 1035 684 1098 crimina
696 1041 899 1114 pertractasset
918 1032 1071 1094 AEscbines
1081 1033 1234 1114 dequibus

136 1130 285 1192 actionem
305 1128 441 1200 intendit,
455 1147 511 1208 ego
524 1145 640 1208 quoque
655 1128 692 1188 de
710 1127 776 1207 ipso
789 1135 908 1186 serratus
926 1125 1121 1206 preconsulto
1135 1131 1233 1191 statim

133 1221 374 1302 respondissem:
396 1221 449 1280 sed
466 1220 600 1299 quoniam
615 1220 644 1279 in
656 1219 720 1280 aliis
733 1220 821 1280 rebus
843 1218 1022 1298 exponendis
1042 1217 1121 1278 haud
1138 1222 1233 1282 minus

134 1315 262 1376 multam
274 1314 435 1376 orationem
444 1314 636 1394 consumpsit,
643 1323 675 1374 et
685 1312 772 1372 simul
780 1313 817 1372 de
826 1331 874 1372 me
883 1311 1008 1392 plurima
1016 1312 1170 1373 ementitus
1180 1323 1234 1390 est,

12 1465 15 1470 ,
136 1406 337 1470 necessarlum
350 1404 1235 1484 esseexistimoatqueadeojuatum,paucaprius,Albanian-

138 1521 197 1574 ses,
210 1498 259 1560 bis
283 1497 322 1558 de
334 1499 421 1559 rebus
442 1497 549 1571 dicere,
568 1505 604 1558 ut
615 1498 719 1578 nequis
732 1505 862 1557 vestrum
874 1495 971 1556 verbis
984 1495 1024 1556 ed
1037 1497 1118 1558 litem
1130 1518 1234 1579 parum

137 1591 344 1673 spectantibus
362 1590 508 1654 adductos
523 1589 663 1652 alieniore
673 1610 720 1650 me
733 1589 831 1650 animo
851 1589 951 1650 audiat
960 1591 1029 1667 jura
1039 1609 1140 1649 causas
1152 1609 1234 1651 com·

137 1693 359 1744 monstrantem.
401 1683 505 1762 ltaque
517 1683 599 1761 qnod
611 1683 650 1743 ad
662 1682 805 1762 privatam
818 1681 936 1762 quidem
948 1681 1038 1742 vitam
1050 1681 1184 1762 pertinet,
1195 1684 1235 1744 ad

138 1796 242 1838 omnes
253 1793 307 1836 ear
314 1775 505 1836 contumelias
512 1795 702 1855 quascunque
717 1776 747 1835 in
765 1793 813 1834 me
826 1773 1003 1836 conviciator
1012 1774 1059 1834 bic
1069 1773 1235 1849 effutiit,ri-

139 1870 208 1930 dete
217 1889 308 1949 quam
319 1867 636 1948 simpliciterquamque
639 1868 721 1948 juste
731 1866 933 1948 respondeam.
954 1867 1235 1947 Simeeumcogno·

137 1963 232 2035 vistis,
243 1973 333 2040 quern
346 1960 402 2021 iste
414 1977 481 2022 esse
494 1980 542 2020 me
554 1960 720 2021 criminatus
735 1971 928 2040 est—neque
938 1959 1015 2019 enim
1026 1979 1149 2038 usquam
1166 1953 1235 2020 alibi

138 2074 227 2134 quam
243 2054 325 2134 apud
344 2074 395 2114 vos
413 2054 524 2125 vixi-,
543 2074 581 2115 ne
602 2073 703 2114 vocem
716 2052 835 2132 quidem
847 2071 943 2111 meam
957 2052 1109 2123 sustincte,
1121 2052 1235 2113 etiamsi

139 2147 239 2208 omnia
253 2147 371 2207 omnino
383 2147 525 2226 praeclara
546 2147 662 2226 publice
684 2145 773 2224 gessi,
786 2143 855 2222 quin
869 2143 978 2222 surgite
991 2163 1097 2223 meque
1113 2144 1234 2225 jamjam

138 2241 363 2302 condemnate..
386 2241 439 2300 Sin
457 2240 515 2300 isto
539 2239 630 2299 multo
655 2247 685 2298 et
706 2236 852 2297 meliorem
873 2245 904 2297 et
917 2235 1114 2295 amelioribus
1128 2246 1236 2310 ortum,
1273 2289 1279 2302 ,

139 2333 224 2392 nullo
234 2332 362 2413 denique
373 2351 473 2394 eorum
484 2332 534 2412 qui
542 2331 680 2392 mediocri
691 2331 757 2390 loco
769 2335 847 2401 sunt,
857 2347 895 2388 ne
904 2327 1158 2408 quidinvidiosum
1168 2349 1236 2408 pro-

142 2424 246 2496 feram,
259 2423 430 2484 deteriorem
451 2443 497 2484 me
510 2443 649 2502 meosque
664 2433 695 2483 et
709 2421 882 2482 existimatis
897 2430 928 2480 et
941 2419 1072 2491 novistis,
1095 2439 1149 2479 uec
1171 2421 1235 2482 aliis

145 2515 183 2574 de
200 2517 283 2574 rebus
303 2517 351 2575 isti
372 2515 532 2581 creditote;
554 2515 738 2594 perspicuum
751 2523 796 2573 est
809 2513 885 2572 enim
898 2511 996 2573 omnia
1010 2512 1046 2570 ab
1060 2531 1096 2571 eo
1109 2512 1237 2571 similiter

143 2626 209 2670 esse
222 2607 366 2666 conficta:
388 2605 458 2664 mibi
470 2623 541 2666 vero
555 2625 644 2684 quam
657 2606 888 2666 benevolentiam
902 2605 981 2666 omni
994 2615 1126 2684 ternpore
1135 2605 1235 2665 multis

140 2700 172 2758 in
178 2698 297 2775 judiciis
305 2698 448 2778 prioribus
459 2697 636 2768 ostendistis,
649 2717 728 2756 nunc
738 2715 853 2774 quoque
863 2705 1009 2776 praestate.
1041 2697 1103 2757 Sed
1115 2715 1184 2756 cum
1196 2697 1235 2758 sis

140 2810 237 2868 usque
260 2809 297 2849 eo
320 2798 474 2860 veterator,
489 2789 636 2860 AEschine,
659 2788 715 2848 hoc
735 2799 834 2848 tamen
852 2790 968 2849 omnino
981 2789 1088 2850 stolide
1100 2790 1237 2869 opinatos

143 2901 188 2955 es,
195 2901 244 2942 me
258 2881 400 2942 factorum
415 2879 545 2942 meorum
554 2891 585 2940 et
593 2899 688 2940 rerum
700 2880 817 2958 publice
831 2890 978 2957 gestarum
987 2881 1078 2940 missa
1089 2883 1237 2942 mentione

143 2975 182 3035 ad
200 2973 333 3036 convicia
350 2981 402 3034 tua
421 2974 582 3034 orationem
596 2991 813 3033 conversurum.
844 2971 912 3030 Non
930 2971 1061 3049 proiecto
1077 2973 1109 3031 id
1121 2973 1238 3048 lamam,

142 3066 256 3126 nonita
267 3065 389 3138 insanio,
408 3085 508 3126 verum
520 3085 568 3125 res
582 3065 699 3143 publice
713 3072 811 3142 gestas
824 3080 898 3140 quas
917 3070 950 3119 tu
971 3063 1130 3122 mendaciis
1142 3073 1173 3122 et
1184 3083 1235 3123 ca-

142 3159 262 3220 lumniis
281 3159 457 3238 proscidisti,
467 3159 564 3219 statim
584 3155 837 3232 excutiem‚.istius
851 3163 950 3214 autem
961 3162 1023 3212 tam
1035 3152 1138 3212 effusae
1150 3165 1236 3233 petu-

143 3251 244 3314 lantiae
256 3252 405 3332 deinceps,
418 3252 445 3312 si
458 3251 546 3310 modo
559 3250 604 3310 his
616 3249 717 3309 audire
727 3247 878 3328 placuerit,
891 3245 1067 3306 mentionem
1079 3245 1196 3308 faciam.

186 3345 216 3404 6.
238 3343 369 3404 Crimina
376 3343 468 3424 igitur
480 3343 550 3403 mihi
563 3343 679 3421 objecta
691 3349 762 3400 sunt
779 3340 872 3400 multa
889 3347 921 3399 et
934 3337 1053 3411 atrocia,
1066 3347 1096 3398 et
1113 3358 1236 3418 quorum

144 3436 293 3498 nonnullis
314 3453 423 3515 magna
451 3446 481 3496 et
502 3435 606 3495 ultima
620 3432 765 3514 supplicia
778 3431 892 3510 legibus
914 3440 984 3492 sunt
1000 3429 1129 3492 indicta:
1150 3433 1236 3513 hujus

144 3538 244 3588 autem
259 3528 452 3590 accusationis
466 3526 647 3606 propositum
659 3526 754 3604 ipsum
769 3524 800 3584 in
822 3543 854 3584 se
874 3524 981 3603 pariter
992 3523 1117 3584 includit
1136 3535 1168 3584 et
1184 3525 1238 3582 ho-

145 3620 243 3680 stilem
252 3620 435 3682 vexationem
446 3630 476 3680 et
485 3619 691 3680 contumeliam
701 3628 731 3680 et
738 3618 900 3678 convicium
912 3618 1151 3696 petulantemque
1161 3617 1237 3696 inju-

144 3711 217 3772 riam
231 3721 262 3772 et
273 3713 305 3772 id
318 3734 410 3793 genus
429 3713 575 3786 universa,
593 3712 673 3792 quod
686 3712 711 3772 si
724 3731 837 3791 eaquae
852 3721 1005 3772 accusator
1024 3709 1238 3787 objecitatque

144 3801 302 3879 recensuit,
308 3826 377 3867 vera
389 3815 498 3879 essent,
505 3804 670 3884 respublica
682 3824 737 3864 nec
750 3803 854 3883 dignas
868 3823 923 3863 nec
931 3801 1028 3882 dignis
1040 3799 1186 3880 proximas
1199 3799 1237 3860 de

146 3914 193 3956 me
207 3915 321 3958 sumere
335 3917 437 3978 poenas
451 3898 512 3957 ullo
526 3897 614 3957 modo
626 3906 735 3977 potest.
776 3897 879 3976 Neque
902 3895 978 3956 enim
996 3893 1130 3971 cuiquam
1148 3891 1240 3953 adimi·

149 3985 237 4048 debet
248 3989 288 4048 ad
308 3991 449 4072 populum
470 3989 630 4051 accedendi
653 3991 739 4070 copia
752 3999 783 4050 et
795 3990 886 4050 libera
900 3985 1015 4048 dicendi
1027 3993 1168 4065 potestas,
1183 3985 1236 4045 sed

148 4079 192 4138 uti
203 4080 258 4142 boc
270 4083 322 4144 fiat
340 4084 503 4163 petulanter
522 4082 687 4144 insectandi
710 4083 803 4162 gratia
821 4091 852 4141 et
869 4078 1021 4157 explendae
1040 4076 1237 4152 invidiae,-id

148 4191 216 4232 vero
228 4163 280 4253 per
292 4176 364 4236 deos
377 4175 554 4237 immortales
568 4195 664 4256 neque
677 4185 789 4235 rectum
812 4181 856 4232 est
877 4189 972 4249 neque
985 4170 1070 4232 civile
1084 4189 1179 4249 neque
1187 4168 1236 4248 ju-

81 4291 87 4298 ·
146 4273 235 4338 stum,
244 4267 441 4331 Athenienses
449 4275 602 4347 t-atque
611 4267 795 4328 melacinora
804 4263 982 4324 committere
992 4264 1022 4324 in
1031 4262 1237 4344 rempublicam

145 4357 275 4430 videbat,
287 4361 447 4440 presertim
462 4381 529 4422 cum
550 4371 632 4423 tanta
647 4359 763 4430 luerint,
777 4366 887 4436 quanta
900 4355 1016 4436 quidem
1029 4357 1116 4417 modo
1128 4352 1239 4430 tragice

145 4449 336 4516 vociferando
347 4454 527 4528 recensebat,
536 4473 636 4514 eorum
648 4471 749 4533 poenas
759 4449 874 4530 legibus
887 4449 1059 4512 constitutas
1072 4444 1235 4510 recentibus
