2932 4952
470 295 648 357 CONTRA
669 297 999 358 ANDnoTwNEM.
1226 303 1285 360 357

182 469 282 512 cerem
303 451 501 512 mentionem:
523 470 602 514 nnnc
616 451 687 513 satis
701 453 774 527 scio,
787 453 860 513 nihil
873 467 939 514 eum
955 452 1080 534 simplex
1094 464 1146 513 sut
1168 472 1285 534 aequum

182 545 401 626 posse-afferre,
418 546 471 606 sed
485 545 622 605 daturum
634 565 762 626 operam,
773 556 809 606 ut
816 546 989 625 quibusdam
1001 548 1155 627 praestigiis
1166 549 1288 610 crimina

184 637 297 708 eludat,
318 647 349 696 et
362 636 476 698 callidis
492 643 580 716 atque
594 639 733 717 improbis
747 638 908 698 rationibus
923 640 1063 719 deceptos
1085 659 1137 700 vos
1159 661 1178 700 a
1200 661 1289 726 causa

182 730 323 791 obducat.
353 729 410 790 Est
425 729 512 803 enim,
528 729 736 803 Athenienses,
751 730 869 791 dicendi
889 731 1005 804 artifex,
1020 743 1050 791 et
1070 753 1187 793 omnem
1200 735 1230 792 in
1251 755 1287 796 eo

182 823 282 884 studio
296 831 414 882 aetatem
427 823 620 902 consumpsit.
649 823 696 883 Ne
709 823 796 902 igitur
809 823 926 906 decepti
939 842 974 884 eo
994 824 1190 899 adducamini,
1205 839 1238 886 ut
1259 838 1290 889 et

182 923 394 994 contraquam
412 915 603 994 jurisjurandi
624 914 725 994 religio
746 917 888 997 postulat,
910 917 1119 997 pronuntietis,
1138 929 1168 978 et
1189 921 1288 994 istum,

183 1025 274 1087 quem
294 1007 430 1068 mulctari
449 1007 550 1070 multis
571 1009 737 1070 nominibus
764 1029 883 1088 aeqnum
905 1019 961 1084 est,
984 1010 1152 1082 absolvatis,
1177 1022 1287 1086 attente

184 1100 286 1162 audite
300 1101 463 1162 orationem
477 1121 587 1162 meam:
609 1113 643 1162 ut
660 1103 699 1162 de
719 1101 843 1180 singulis
862 1102 947 1164 istius
960 1102 1087 1182 effugiis,
1109 1124 1155 1164 me
1177 1107 1288 1180 audito,

184 1203 271 1278 recto!
281 1203 410 1254 statuere
424 1195 551 1273 possitis.

189 1321 192 1326 ·
225 1274 257 1347 ³.
279 1287 347 1348 Une
360 1287 434 1348 ratio
457 1289 484 1346 ei
504 1299 559 1360 est,
583 1309 671 1368 quam
692 1291 880 1351 artificiosam
902 1309 968 1352 esse
989 1300 1087 1370 putat,
1106 1293 1144 1352 de
1168 1292 1288 1356 decreto

184 1379 247 1441 sine
259 1389 380 1442 senatus
390 1381 564 1442 auctoritate
576 1381 770 1462 promulgato.
793 1385 868 1454 Lex,
878 1384 981 1462 inquit,
992 1393 1050 1457 est,
1064 1384 1097 1444 si
1121 1397 1287 1448 senatus

185 1475 246 1542 ita
268 1484 380 1534 suum
402 1493 540 1534 munus
565 1475 883 1554 administrarit,
905 1485 946 1535 ut
968 1477 1124 1556 prmmio
1144 1478 1288 1559 dignus

175 1587 282 1628 osse
319 1568 520 1638 videatur,
551 1569 759 1647 prmmium
796 1569 893 1629 ido
930 1569 1081 1649 populo
1119 1575 1289 1632 senatui

185 1680 276 1722 esse
304 1662 484 1723 dandum.
513 1662 580 1742 Hoc
590 1663 716 1742 rogarit,
730 1664 834 1742 inquit,
848 1663 1023 1742 praefectus:
1045 1664 1169 1744 populus
1183 1667 1288 1728 suffro-

185 1755 235 1833 gia
254 1754 339 1814 tulit:
363 1744 457 1814 visum
471 1765 529 1816 est.
562 1755 652 1826 Nihil,
668 1756 770 1835 inquit,
788 1757 837 1816 hic
852 1777 926 1836 opus
946 1769 991 1817 est
1009 1747 1287 1828 ;senatusconsul'to;
1346 1803 1351 1814 ,

184 1845 303 1926 exlege
317 1846 394 1908 enim
408 1847 459 1908 iilo
472 1847 593 1910 fiebant.
617 1849 683 1928 Ego
697 1868 766 1910 vero
779 1849 957 1910 contrarium
972 1855 1038 1910 esse
1047 1871 1147 1910 verum
1156 1852 1289 1912 sentio-

184 1949 216 1998 et
233 1959 287 2000 ros
301 1940 372 2001 mibi
384 1959 559 2004 assensuros
573 1942 773 2004 arbitror—de
788 1943 834 2002 his
848 1945 935 2002 rebus
951 1945 1209 2006 senatusconsulta
1221 1967 1289 2028 pro-

184 2031 311 2094 ferenda
336 2053 402 2094 esse
425 2035 506 2108 solis,
527 2035 751 2115 qumjubentur
772 2035 906 2119 legibus:
929 2057 996 2095 nam
1018 2037 1053 2096 iis
1074 2038 1229 2111 derebus,
1251 2040 1289 2100 de
1331 2038 1332 2042 ’

184 2127 293 2205 quibus
308 2127 391 2206 leges
405 2129 493 2190 nullae
506 2139 635 2206 exstant,
649 2144 768 2208 prorsus
786 2129 859 2188 nihil
870 2139 927 2189 vest
944 2129 1170 2191 decernendum.
1202 2133 1290 2192 Dicet

131 2287 136 2294 ,
183 2229 340 2299 praetereo,
354 2242 480 2295 omnem,
503 2223 554 2301 qui
566 2223 628 2282 ullo
642 2232 774 2302 tempore
788 2223 885 2295 fuerit,
901 2233 1049 2293 senatum,
1073 2223 1204 2284 adhunc
1225 2243 1294 2294 mo,

183 2311 258 2372 dum
272 2314 422 2393 accepisse
436 2315 631 2395 proemin,qui
644 2335 772 2394 unquam
786 2336 805 2374 a
824 2316 907 2376 vobis
926 2315 1080 2396 acceperit,
1100 2335 1154 2374 nec
1171 2316 1207 2375 de
1227 2317 1289 2379 ullo

183 2407 440 2486 unquomfactum
454 2428 520 2468 esse
533 2408 834 2468 senatusconsultum.
866 2409 931 2486 Ego
945 2428 1014 2474 vero
1035 2427 1102 2467 eum
1123 2409 1203 2468 haud
1221 2431 1290 2471 vera

184 2499 349 2578 predicare
368 2503 501 2576 arbitror,
522 2522 559 2562 ac
579 2501 676 2581 potius
696 2511 877 2580 compertum
898 2501 1009 2568 habe03
1033 2500 1086 2560 sed
1107 2513 1141 2561 ut
1163 2503 1289 2563 maxime

183 2589 243 2651 hoc
257 2611 359 2652 verum
370 2595 422 2667 sit,
434 2596 460 2654 si
472 2594 520 2653 lex
533 2594 708 2653 contradum
722 2596 817 2673 jubet,
831 2614 891 2653 non
904 2593 1006 2672 ntique
1017 2592 1090 2671 *quia
1108 2595 1188 2674 prius
1209 2617 1289 2676 saepe

182 2691 345 2760 peccatum
356 2691 412 2754 est,
424 2695 580 2764 propterea
590 2696 687 2745 vetera
699 2687 912 2765 peccatonovis
923 2707 1002 2747 nunc
1017 2688 1196 2748 cumulanda
1210 2700 1288 2761 sunt,

182 2773 239 2834 sed
253 2783 365 2856 cenna,
376 2795 455 2836 nunc
468 2779 574 2838 ceteris
587 2778 769 2857 imponenda
781 2789 827 2838 est
839 2779 1000 2840 necessitas
1014 2780 1057 2839 ita
1069 2781 1196 2840 faciendi
1209 2783 1289 2857 talio,

185 2864 435 2946 quemadmodum
451 2869 499 2929 lex
509 2870 604 2948 jubet,
620 2881 680 2929 ate
692 2881 809 2950 sumpto
819 2871 910 2931 initio.
932 2872 977 2932 Tu
990 2873 1079 2950 igitur
1089 2893 1128 2932 ne
1141 2875 1290 2938 dicashoc

187 2978 268 3038 saepe
279 2979 344 3022 esse
354 2961 484 3020 factum:
507 2963 561 3024 sed
573 2962 658 3036 illud,
669 2962 803 3024 decuisse
813 2963 855 3022 ite
869 2962 940 3023 fieri.
966 2963 1167 3041 Neque'enim,
1182 2966 1290 3044 siquid

185 3051 273 3112 aliter
286 3053 447 3132 aliquando
467 3073 555 3132 quam
575 3056 657 3134 teges
666 3056 783 3136 jubent,
798 3056 910 3136 facturn
929 3064 982 3128 est,
1003 3055 1091 3134 idque
1105 3067 1138 3116 tu
1158 3057 1289 3120 imitatus
1320 3117 1323 3122 .

185 3164 230 3220 es,
246 3157 402 3227 propterea
409 3148 477 3228 jure
491 3149 670 3210 absolveris:
687 3150 746 3210 ¹sed
759 3151 856 3230 potius
874 3149 1124 3210 condemnaberis.
1148 3152 1189 3210 Ut
1202 3154 1289 3226 enim,
1401 3191 1405 3198 ν

81 3301 90 3312 .
185 3238 213 3298 si
227 3241 296 3320 quis
307 3241 423 3302 illorum
437 3242 513 3303 olim
528 3242 684 3304 damnatus
698 3255 787 3314 esset,
803 3254 839 3306 tu
849 3246 908 3306 ista
919 3265 980 3305 non
999 3243 1182 3326 scripsisses:
1209 3247 1252 3308 ita
1265 3251 1290 3308 si

185 3340 221 3407 tu
235 3353 314 3396 nunc
328 3353 432 3414 poenas
445 3329 571 3410 dederis,
585 3337 730 3398 aliusnon
744 3339 861 3398 scribet.

228 3429 260 3488 4.
280 3428 330 3502 De
348 3429 414 3507 lege
434 3437 627 3510 assemque
640 3431 794 3507 manifeste
807 3441 896 3505 vetet,
918 3451 955 3493 ne
976 3443 1106 3508 senatus,
1125 3434 1288 3498 triremibus

184 3521 358 3594 manaem,
370 3524 523 3602 premium
536 3533 629 3602 petat,
645 3545 742 3606 operae
756 3527 881 3604 pretium
901 3538 947 3586 est
955 3528 1062 3588 audire
1074 3529 1144 3608 quid
1158 3531 1224 3590 loco
1239 3550 1289 3590 ex-

167 3603 347 3674 'suessonis
373 3615 412 3675 sit
437 3617 590 3688 allaturus,
618 3627 649 3678 et
667 3627 804 3698 spectare
823 3617 948 3678 hominis
969 3620 1181 3700 impudentiam
1198 3641 1234 3680 ex
1254 3622 1289 3683 iis

168 3717 255 3786 aque*
265 3706 362 3768 dicere
372 3709 514 3772 instituet.
534 3711 717 3789 Lex,.inquit,
727 3731 787 3770 non
796 3711 866 3772 sinit
874 3725 1010 3772 senatum
1020 3725 1117 3794 petere
1128 3716 1289 3793 preamium,

185 3797 247 3860 nisi
259 3799 361 3862 fecerit
373 3802 517 3884 triremes.
540 3803 656 3864 Fateor.
682 3803 838 3882 Nusquam
852 3817 948 3866 autern
961 3816 1040 3866 vetat
1053 3806 1195 3886 populum
1209 3809 1289 3873 dare.

187 3891 259 3971 Ego
271 3914 341 3958 vero
361 3895 387 3956 si
407 3894 553 3962 dedissem
568 3896 740 3976 postulanti,
762 3898 821 3975 legi
841 3897 974 3963 fraudem
995 3899 1150 3959 fecissem:
1176 3903 1200 3960 si
1220 3923 1290 3963 vero

184 3986 301 4052 nullam
314 3987 345 4052 io
359 3996 422 4048 toto
436 3989 558 4054 decreto
570 3987 608 4048 de
619 3991 743 4052 navibus
754 3990 811 4050 feci
821 3992 1009 4062 mentionem,
1021 3991 1074 4050 sed
1089 3992 1290 4071 aliaquaedam

165 4084 338 4155 ,recensem
353 4093 472 4162 propter
491 4102 558 4162 qum
580 4093 716 4146 senatum
736 4103 847 4166 corona
867 4083 986 4154 donem,
1008 4103 1067 4161 quo
1087 4095 1173 4165 pacto
1194 4089 1290 4168 legem

184 4177 315 4250 violavit
329 4179 441 4259 ¹Neque
451 4199 521 4241 nero
533 4179 648 4242 difficile
658 4181 739 4242 vobis
748 4192 805 4254 est,
819 4181 869 4240 illa
880 4181 967 4262 justis
980 4180 1143 4245 rationibus
1154 4185 1292 4247 refutare.

185 4271 321 4332 Primum
334 4273 474 4354 presides
486 4285 618 4349 senatus,
630 4285 662 4336 et
676 4277 726 4356 qni
740 4273 906 4336 sententias
916 4277 1098 4355 comprobat,
1111 4279 1291 4357 prefectum,
1395 4347 1397 4354 ,

189 4373 326 4446 rogasse,
334 4373 370 4428 'et
384 4369 685 4432 diceudaessntontise
691 4370 741 4450 jus
755 4369 871 4444 iecisse,
886 4370 1004 4430 cuinam
1014 4369 1163 4432 videretur
1171 4383 1292 4434 senatus

184 4460 230 4521 its
241 4479 363 4531 munere
377 4463 622 4540 noemma
636 4463 663 4524 ei
676 4464 771 4526 bonos
785 4463 886 4526 baberi
899 4463 1029 4540 deberet,
1043 4464 1173 4530 coinon.
1202 4465 1291 4545 Atqui
