2932 4952
189 404 191 408 .
222 311 280 370 sss
450 405 457 418 ,
588 271 764 380 course,
780 275 952 378 ιιιιιιιιιι

122 461 129 524 .'
219 461 260 528 ad
278 481 332 522 nos
351 465 523 568 legioqarios
541 470 767 546 perferebantur.
809 471 964 532 Necenim
979 470 1018 530 ad
1031 443 1157 554 eundem
1176 487 1244 532 cum
1257 470 1316 532 istis
1336 513 1339 530 .

221 555 319 614 lotum
334 556 527 633 pervenimus.
570 559 651 618 lta
628 579 652 618 ιι
666 570 695 619 te
706 571 826 666 ἰιιοριει
841 563 905 646 haec
923 561 1023 621 derisit
1036 545 1186 629 Archetio,
1201 569 1254 618 aut
1266 559 1316 621 aliz

221 648 391 726 quisalius,
406 665 507 708 omnes
525 651 662 737 agitasti?
704 652 826 710 Nam
804 673 828 712 ιι
849 637 900 714 illa
920 653 1025 722 fecisti,
1040 653 1143 724 Midia,
1156 673 1223 730 quae
1237 653 1274 712 de
1288 661 1317 710 te

221 741 296 804 socii
305 743 417 820 equites
427 742 590 821 jactabant,
602 753 633 802 et
646 753 677 802 ιιι
690 744 726 802 de
737 754 766 803 te
781 745 838 804 dici
834 745 994 849 (ιιιιιιιιιίι,
992 746 1066 848 ‘J‘ure
1081 743 1316 804 maleaudiebas'.

220 831 338 893 Etenim
354 844 385 891 et
396 833 472 905 illos,
492 843 523 894 et
535 835 600 907 hos,
615 843 646 894 et
658 845 751 894 totam
760 836 1026 916 civitateminjuriis
1040 846 1070 896 et
1082 836 1195 915 probris
1209 835 1316 900 afficiar

219 923 283 984 bas.
327 923 377 982 Sin
390 934 419 984 te
433 925 491 984 tale
504 925 574 984 nihil
586 925 789 1004 designantem
806 926 926 1004 quidam
939 927 1132 998 confixerqunt
1146 925 1182 984 de
1193 935 1223 985 te
1237 945 1316 986 men·

219 1015 336 1088 tientes,
351 1015 511 1121 reliquique
521 1017 626 1076 milites
637 1017 708 1076 illos
714 1037 773 1075 non
780 1017 994 1106 objurgabant,
1005 1018 1058 1077 sed
1072 1028 1124 1077 tua
1134 1017 1254 1077 infamia
1266 1016 1316 1074 lae-

129 1125 134 1132 ·
218 1111 365 1178 tabantur,
379 1109 567 1195 perspicuum
586 1120 642 1180 est,
655 1121 686 1168 te
699 1109 793 1168 visum
816 1129 881 1169 esse
893 1122 1026 1189 propter
1045 1109 1163 1187 reliquae
1177 1117 1237 1167 tuoe
1249 1108 1318 1165 vitas

218 1201 411 1280 petulantiam
432 1192 503 1260 talia
526 1201 681 1260 maledicta
704 1201 919 1262 commeruisse.
969 1201 1068 1282 MaJ'us
1096 1202 1183 1280 igitur
1210 1201 1317 1264 habere
1392 1216 1397 1228 ⁴

218 1293 372 1352 modestiae
387 1293 532 1352 studium
524 1303 553 1351 te
567 1277 727 1365 decuisset,
742 1313 801 1352 non
816 1294 882 1352 illos
897 1292 1076 1354 calumniari.
1118 1293 1164 1351 'lu
1179 1310 1250 1351 vero
1264 1289 1317 1350 mi-

219 1385 319 1444 nitaris
341 1386 485 1452 omnibus,
497 1381 640 1485 exagitas
661 1402 783 1450 omnes;
806 1393 874 1461 post
862 1385 938 1443 tulas
961 1394 994 1442 ut
1013 1385 1072 1456 alu,
1085 1383 1156 1461 qurd
1178 1394 1212 1440 tu
1232 1382 1315 1452 velis,

216 1475 431 1544 considerents
424 1495 497 1554 ipse,
506 1475 613 1552 quid
591 1495 653 1533 srne
663 1475 802 1533 molestiis
817 1475 939 1534 aliorum
950 1477 1046 1538 facere
1057 1475 1162 1558 possis,
1173 1494 1234 1540 non
1245 1495 1315 1552 con·

216 1553 340 1630 sideras.
381 1568 449 1628 Jam
463 1568 542 1645 quod
563 1567 798 1644 indignissimum
812 1577 858 1626 est
878 1578 909 1626 et
929 1569 1087 1627 maximum
1108 1587 1174 1626 meo
1198 1543 1317 1646 quidem

181 1721 187 1728 ,
214 1661 326 1740 judicio
338 1649 547 1766 petulantiee'
525 1679 660 1738 signum:
682 1668 727 1718 tot
740 1658 883 1729 homines,
905 1659 1048 1720 nefarium
1053 1669 1167 1738 caput,
1182 1671 1215 1718 tu
1230 1659 1316 1726 simul

216 1754 248 1812 in
262 1755 403 1814 concione
417 1753 596 1813 accusabas!
617 1751 697 1829 quod
711 1751 774 1828 quis
789 1751 863 1810 alius
877 1771 936 1810 non
950 1751 1134 1811 horruisset?

259 1847 308 1904 39.
329 1841 397 1903 Jarn
413 1845 516 1903 ceteris
531 1843 731 1924 hominibus'
724 1863 754 1902 m
771 1842 920 1921 Judrcrurn
927 1843 1061 1903 adductis
1064 1845 1211 1923 ,judices‚
1226 1823 1316 1904 ιιιιιιιιι

217 1945 306 2018 atque
330 1935 452 1995 alterum
476 1935 584 2000 crimen
602 1928 708 2013 objici
716 1934 819 2004 video;
841 1947 928 2012 atque
948 1935 1006 1994 illis
1020 1936 1095 1994 tales
1110 1936 1315 1998 excusationes

217 2027 335 2088 abunde
350 2038 520 2106 suppetere
543 2027 638 2092 Quis
659 2035 833 2084 vestrum
862 2026 949 2085 talia
977 2046 1087 2086 noxae
1115 2029 1203 2086 mihi
1231 2049 1315 2090 con

218 2122 320 2182 scius
343 2119 419 2181 est?
461 2119 552 2187 Quis
572 2127 734 2178 vestrum
755 2117 849 2177 talia
869 2138 921 2177 me
942 2119 1065 2178 lacere
1085 2119 1199 2178 vidit?
1234 2121 1314 2182 Non

215 2213 507 2275 ineest-Sed
499 2233 535 2270 ιιι
570 2232 625 2272 rne
659 2211 730 2288 isti¹
757 2232 799 2271 ex
831 2211 1036 2271 inimicitiis
1071 2213 1313 2274 mentiuntur.

125 2307 127 2310 ’
180 2339 183 2346 ι
218 2307 336 2368 Falsis
357 2305 589 2367 testimoniis
599 2322 814 2388 oppugnor.
850 2305 921 2382 Ejus
942 2305 1057 2382 generis
1078 2305 1144 2365 alia.
1179 2306 1315 2368 Istivero

215 2403 360 2480 centrario
374 2395 462 2460 modo
484 2419 529 2459 res
553 2417 618 2458 sese
638 2397 767 2470 habent.¹
798 2397 860 2456 Vos
874 2397 978 2474 ornnes
997 2398 1074 2456 enirn
1096 2398 1170 2458 scire
1193 2399 1316 2460 arbitror

154 2536 159 2548 .
213 2511 312 2590 mpres
305 2491 387 2596 ejus
401 2503 432 2552 et
440 2489 645 2600 petulantiam,
658 2491 784 2570 vitaeque
798 2469 991 2582 insolentiam,
1006 2499 1037 2548 et
1053 2489 1230 2568 jamdudum
1253 2493 1314 2578 ple·

213 2577 321 2662 rosque
334 2584 431 2642 mirari
445 2581 591 2654 existimo,
604 2603 656 2642 eur
669 2581 815 2686 quaedam,
826 2600 892 2658 quae
912 2571 968 2658 ipsi
992 2575 1108 2650 norunt,
1120 2601 1202 2664 nunc
1217 2603 1254 2642 ex
1268 2603 1313 2644 me

211 2694 276 2735 non
290 2671 441 2733 audierint.
483 2673 640 2732 Multost
610 2682 640 2733 et
641 2674 697 2760 iarn
719 2672 835 2750 injuriis
849 2681 996 2752 oneratos,
1010 2692 1065 2732 nec
1078 2693 1132 2752 pro
1142 2671 1314 2740 testimonio

213 2767 311 2826 dicere
325 2765 400 2826 velle
411 2765 510 2824 omnia
521 2765 616 2840 video',
629 2751 695 2843 quae
709 2765 766 2824 ab
759 2776 813 2826 rsto
828 2768 895 2824 'sunt
908 2765 1048 2843 perpessi,
1062 2786 1130 2826 curn
1143 2755 1312 2831 violentiam

212 2859 299 2920 istius
322 2869 354 2918 et
376 2856 623 2942 importunitatem
647 2859 789 2930 metuant,
816 2861 912 2938 atque
927 2877 1007 2936 opes,
1021 2877 1087 2936 qum
1109 2868 1261 2937 potentem
1284 2870 1311 2920 'et

211 2933 403 3012 metuendum
422 2950 566 3026 nefarium
584 2950 672 3029 istum
687 2951 824 3010 efficiunt.
859 2949 935 3008 Nam
949 2948 1026 3026 quod
1046 2950 1221 3010 auctoritate
1242 2951 1311 3018 dut

119 3060 123 3068 ⁴
212 3045 317 3122 tiisque
327 3043 330 3048 ’
337 3041 455 3122 pollens
472 3041 624 3122 improbus
637 3051 691 3114 est,
705 3029 736 3102 et
749 3035 897 3124 petulans,
911 3061 946 3100 eo
960 3042 1044 3120 quasi
1058 3029 1311 3148 propugnacdlum

209 3135 362 3214 quoddam
375 3133 465 3194 habet
478 3137 580 3194 c'ontra
594 3135 706 3193 subitos
715 3134 859 3193 vindictae
873 3133 1024 3196 insultus.
1053 3135 1149 3194 Sed
1127 3155 1151 3193 sr
1164 3137 1192 3194 ei
1207 3157 1256 3198 res
1269 3138 1310 3196 fa·

105 3233 108 3254 '¹
212 3227 332 3285 miliaria
346 3226 500 3306 adimatur,
515 3227 640 3284 fortasse
662 3225 733 3284 fiet
727 3247 756 3284 m
774 3232 921 3330 posterum
932 3223 1103 3286 modestior.
1145 3226 1311 3308 Posteaque

214 3315 333 3376 minoris
347 3297 497 3396 putabitur
510 3315 597 3394 quain
609 3317 739 3375 omnium
753 3317 888 3376 minimus
902 3315 980 3396 apud
993 3333 1071 3378 vos.
1096 3317 1222 3380 Frustra
1235 3322 1310 3380 enirn

212 3405 421 3469 conviciabitur
432 3419 464 3468 et
474 3407 647 3488 clamitabit.
689 3407 720 3464 Si
730 3399 799 3485 quid
814 3409 973 3480 admiserit,
984 3398 1104 3486 eadem
1103 3431 1163 3489 qua
1177 3403 1310 3474 nostrum

208 3500 331 3582 aliquis
337 3519 429 3578 poena
450 3483 599 3584 afficietur.
641 3499 729 3560 Nunc
748 3499 891 3578 praesidiis
909 3521 976 3560 eum
995 3503 1050 3584 niti
1069 3503 1202 3564 videmus
1225 3507 1311 3587 Poly

212 3598 302 3664 eunti,
305 3592 502 3666 ''fimocra'tis⁵
517 3592 715 3673 Euctemonis,
728 3611 898 3672 nequissimi
890 3593 1045 3654 homrnrs
1066 3595 1154 3654 Tales
1164 3599 1308 3677 quosdam

207 3671 352 3750 satellites
368 3703 468 3744 secum
480 3684 589 3742 habet.
603 3685 661 3742 Et
682 3693 788 3762 praeter
808 3683 874 3762 hos,
889 3671 973 3756 alios,
983 3685 1106 3747 testium
1120 3681 1310 3776 constitutam

204 3763 437 3877 sodalitatem,
431 3775 533 3855 a'perte
555 3774 672 3853 quidem
699 3793 759 3834 ιιοιι
784 3769 1001 3848 adversantium
1024 3761 1119 3860 vobis,
1141 3781 1199 3842 sed
1223 3771 1309 3846 tacite

210 3855 379 3952 mendacia·
396 3867 532 3931 facillime
558 3878 652 3927 nutu
660 3870 923 3948 comprobantium.
974 3871 1064 3935 Qu'os
1083 3872 1199 3932 medius
1226 3876 1311 3936 fidius

212 3960 282 4024 nibil
296 3961 332 4025 ab
346 3965 405 4024 isto
422 3959 623 4038 emolumenti
624 3979 727 4038 capere
739 3961 822 4064 puto'.
864 3959 967 4020 Sed'
941 3982 976 4020 ιιι
993 3961 1052 4022 lr'o'c
1065 3964 1190 4025 artifieio
1200 3970 1310 4030 exerci-

209 4054 344 4121 tutissimi
357 4053 436 4124 sunt,
448 4036 664 4134 Athenienses,
690 4060 723 4110 ut
746 4055 813 4112 cuin
833 4051 975 4116 divitibus
996 4073 1029 4112 se
1047 4055 1263 4163 conjungant,
1261 4061 1310 4122 his

211 4145 316 4224 adsint,
329 4131 525 4209 testimonium
539 4139 649 4236 dicant.
692 4142 768 4202 Sunt
782 4121 885 4203 autem
903 4145 966 4204 ista
975 4146 1083 4218 omnia,
1099 4149 1215 4228 opinor,
1229 4143 1309 4216 terri.-

209 4217 280 4298 bilia
289 4237 395 4296 ceteris
409 4229 501 4310 vobis,
515 4237 568 4321 per
583 4219 649 4318 sess
667 4235 762 4322 reruni
785 4236 914 4308 suarum,
918 4237 1101 4332 utquisque
1110 4250 1223 4318 potest,
1235 4255 1310 4306 sata·

206 4318 366 4422 gentibus.
393 4311 468 4392 Qua
478 4328 565 4404 etiam
580 4328 617 4387 de
635 4347 727 4388 causa
743 4333 795 4406 aps
810 4330 991 4391 convenitis:
1009 4333 1168 4415 atquibus
1182 4336 1310 4416 singula

209 4417 261 4484 nn
289 4416 490 4498 unusquisque
511 4415 638 4482 restrrirn
649 4423 718 4481 est
733 4418 905 4492 inferior,
882 4430 943 4482 aare
970 4422 1087 4497 aurien,
1106 4423 1169 4488 sire
1195 4430 1310 4509 opibus,
