2886 4946
490 289 750 354 nnnnuma
771 291 826 352 in.
1137 294 1214 369 -101

8 455 9 462 ’
116 457 186 510 nota
198 459 270 510 sunt
280 447 417 510 fortasse.
458 443 506 510 Et
518 457 628 522 temen,
641 457 705 510 urm
712 446 852 527 neglectu
865 455 896 508 et
907 445 1057 527 despecta,
1066 446 1219 528 perdidere

8 615 9 618 Ἴ
114 540 815 621 'l'hraciametGersobleptemsooiumvestrum.
858 540 974 600 Rursus
985 559 1020 600 ea
1030 540 1140 620 negligi
1151 561 1219 602 cum

114 637 238 708 videret,
263 647 294 697 et
317 635 406 694 nullis
431 634 550 695 delendi
570 637 674 695 ‘vestris
698 634 826 705 auxiliis,
848 635 964 694 subruit
984 634 1166 706 Porthmum,
1188 644 1220 696 et

113 729 300 814 tyrannidem
314 749 332 788 e
346 729 464 806 regione
475 728 591 801 Atticae,
606 737 747 810 tanquam
760 727 880 799 vallum,
893 727 976 788 vobis
990 727 1101 806 objecit·
1113 728 1143 786 in
1157 728 1218 788 Eu-

114 822 191 882 boea.
249 823 318 882 Hae
337 822 482 901 neglecte,
505 821 663 900 Megaram
677 821 754 900 cepit
771 819 991 900 propemodum.
1033 821 1114 880 Nihil
1133 841 1218 881 eura-

113 915 174 987 stis,
190 935 289 996 neque
306 915 444 975 commoti
458 914 528 974 estis
541 914 645 974 harum
655 934 753 974 rerum
766 914 837 985 ulla,
854 933 952 993 neque
964 913 1136 974 ostendistis
1151 913 1219 988 hoo,

112 1025 165 1067 vos
178 1008 206 1066 ei
219 1007 286 1068 haee
300 1027 389 1086 agere
408 1026 467 1066 non
487 1001 691 1086 permissuros.
731 1007 881 1067 Antronas
894 1005 982 1066 emit:
1004 1015 1035 1066 et
1048 1025 1106 1069 nou
1126 1007 1218 1066 multo

112 1111 192 1182 post,
206 1101 279 1161 Orei
291 1101 404 1180 potitus
418 1111 472 1160 est.
499 1101 598 1160 Multa
605 1110 758 1186 praetereo,
772 1099 894 1172 Pheras,
905 1099 960 1158 iter
973 1098 1002 1158 in
1017 1099 1218 1173 Ambraciam,

113 1195 210 1256 caedes
222 1196 252 1254 iu
268 1194 367 1266 Elide,
381 1194 439 1257 alia
451 1192 582 1254 infinita:
604 1187 756 1254 nonenim
769 1201 803 1251 ut
822 1211 873 1252 eos
887 1209 1097 1263 enumerarem,
1112 1191 1218 1268 quibus

112 1289 170 1348 vim
182 1299 214 1348 et
223 1287 359 1367 injuriam
372 1285 443 1346 fecit
455 1285 620 1366 Philippus,
635 1285 699 1346 hoec
714 1285 847 1344 recensui
859 1305 867 1352 ;
890 1283 943 1342 sed
958 1294 991 1342 ut
1003 1283 1060 1342 hoe
1073 1284 1152 1343 vobis
1171 1304 1220 1346 os·

113 1381 278 1454 tenderem,
293 1395 353 1438 nou
368 1379 531 1438 desiturum
538 1395 644 1438 'omnes
657 1377 795 1438 mortales
810 1395 926 1450 vexare,
941 1375 1040 1436 omnia
1058 1396 1120 1436 suae
1135 1377 1221 1438 d'ttio-

112 1475 159 1538 uis
173 1475 276 1534 facere
290 1473 468 1554 Philippum,
478 1472 534 1534 nisi
547 1472 614 1552 quis
626 1491 693 1532 eum
706 1469 895 1551 prohibuerit.

152 1571 183 1630 4.
206 1567 287 1626 Sunt
299 1575 399 1626 autem
413 1565 530 1644 quidam
544 1567 605 1645 qui,
619 1565 787 1643 priusquam
801 1563 839 1622 de
857 1563 945 1622 rebus
958 1563 1104 1622 orationes
1119 1563 1220 1624 audie»

113 1659 181 1734 rint,
195 1659 298 1720 statim
316 1661 494 1736 interrogare
510 1659 633 1730 soleant,
655 1657 726 1736 quid
745 1657 834 1736 igitur
857 1666 903 1716 est
921 1654 1085 1734 agendum:
1107 1676 1165 1716 non
1187 1667 1220 1716 ut

112 1772 181 1812 curn
195 1752 343 1812 audierint
362 1751 483 1822 saciant,
501 1763 600 1811 essent
611 1751 697 1812 enim
711 1759 768 1808 tam
789 1749 919 1818 omnium
934 1749 1096 1818 utilissimi;
1120 1751 1173 1812 sed
1187 1763 1233 1818 ut,

113 1856 232 1906 oratore
245 1845 414 1906 liberentur.
456 1843 623 1904 Dicendum
637 1853 737 1903 tamen
752 1853 807 1915 est,
822 1841 893 1922 quid
907 1842 945 1903 sit
959 1841 1116 1930 agendum.
1157 1843 1220 1904 Pri-

112 1959 206 2012 mum,
223 1937 434 2010 Athenienses,
446 1936 503 1998 hoc
523 1947 604 1999 certo
616 1936 694 2017 apud
707 1955 760 1996 vos
775 1937 964 2002 statuendum
982 1945 1037 2009 est,
1052 1936 1221 2017 Philippum

111 2032 222 2093 bellum
236 2051 339 2110 gerere
353 2050 420 2092 oum
438 2041 541 2092 nostra
554 2030 713 2110 republica,
728 2041 757 2090 et
773 2029 896 2090 solvisse
909 2048 1027 2110 paoem;
1050 2042 1079 2090 et
1092 2032 1221 2092 malevo-

112 2125 173 2184 lum
187 2134 278 2203 atque
291 2124 406 2184 hostem
421 2143 487 2184 esse
501 2123 556 2184 toti
569 2124 634 2183 urbi
649 2133 679 2184 et
694 2123 757 2182 solo
771 2121 860 2194 urbis,
874 2121 981 2182 addam
999 2123 1086 2182 etiam
1101 2123 1156 2183 diis
1171 2145 1220 2184 ure

115 2218 212 2291 banis,
229 2217 280 2296 qui
292 2237 359 2278 eum
377 2217 520 2297 perdant:
542 2235 610 2276 cum
628 2216 711 2279 nulla
725 2236 756 2275 re
770 2224 868 2274 tamen
887 2234 971 2294 seque
985 2215 1096 2274 bellurn
1111 2236 1221 2294 gerere,

112 2322 147 2372 ut
169 2331 239 2370 eum
261 2310 356 2370 forma
369 2310 556 2389 reipublicae3
576 2329 672 2388 neque
686 2308 844 2386 quicquam
858 2307 938 2367 aliud
952 2306 1070 2368 molitur
1083 2329 1135 2387 per
1150 2309 1221 2374 insi-

21 2435 26 2442 ·
113 2405 181 2464 dias
196 2423 233 2463 ae
246 2403 405 2463 meditetur
419 2403 523 2482 magis,
540 2421 630 2482 quam
644 2412 678 2464 ut
691 2421 756 2462 eam
770 2401 912 2460 destruat.
945 2399 1037 2477 quue
1052 2403 1220 2467 necessario

114 2496 335 2576 quodammodo
356 2515 436 2556 nune
454 2496 574 2575 quidem
593 2495 668 2574 agit:
690 2503 825 2574 reputate
849 2493 938 2552 enim.
966 2494 1129 2572 'Imperare
1146 2494 1220 2558 vult.

114 2594 190 2674 Ejus
204 2593 243 2654 rei
262 2593 446 2655 adversarios
465 2591 543 2652 solos
562 2611 695 2652 essenos
712 2589 871 2650 existimat.
915 2590 1042 2668 lnjurius
1062 2600 1108 2650 est
1129 2590 1219 2670 longo

109 2688 174 2768 jam
192 2698 340 2766 tempore;
363 2686 485 2766 ejusque
500 2684 613 2764 reiipse
628 2683 683 2743 sibi
701 2693 747 2744 est
765 2683 873 2764 optime
887 2683 1037 2744 conscius:
1060 2704 1127 2762 quae
1142 2686 1220 2746 enim

114 2781 198 2841 robis
212 2791 314 2858 erepta
326 2796 381 2859 pro
401 2780 461 2838 suis
475 2787 611 2856 occupet,
625 2777 672 2838 his
693 2777 785 2838 utitur
800 2776 840 2837 ad
861 2778 959 2836 onmia
977 2787 1085 2836 coetera
1099 2787 1164 2843 tuto
1177 2787 1220 2840 te.-

113 2873 228 2940 uendn3
251 2891 320 2936 mm
335 2871 360 2930 si
374 2869 572 2950 Amphipolim
586 2879 617 2930 et
629 2859 793 2930 Potidaeam
815 2870 969 2942 amitteret,
984 2888 1021 2928 ne
1035 2870 1066 2928 in
1081 2869 1222 2932 Macedo-¹

115 2967 164 3028 nia
176 2965 299 3044 quidem
313 2973 377 3023 tuto
390 2984 421 3024 se
437 2982 555 3022 manere
563 2982 651 3042 posse
661 2962 850 3022 existimaret.
893 2963 1058 3040 Utrumque
1067 2961 1155 3041 igitur
1169 2985 1221 3024 no·

114 3060 165 3132 vit,
181 3069 214 3120 et
227 3077 262 3132 se
273 3057 357 3118 vobis
373 3057 515 3129 insidiari,
531 3067 561 3116 et
574 3075 627 3118 vos
645 3055 676 3114 id
698 3055 938 3118 animadvertere.
982 3057 1116 3134 Cumque
1142 3056 1221 3117 idem

112 3173 164 3215 vos
178 3171 282 3231 sapere
293 3150 456 3222 arbitretur,
470 3153 536 3228 jure
551 3169 583 3210 se
593 3150 676 3210 vobis
687 3149 813 3210 invisum
824 3169 888 3209 esse
899 3159 1011 3208 censet.
1033 3149 1144 3208 Praeter
1154 3150 1219 3210 heac

114 3259 175 3309 tam
189 3247 294 3316 multe,
306 3254 488 3324 compertum
497 3244 598 3318 habet,
610 3244 666 3304 etsi
680 3253 852 3304 caetererum
866 3243 995 3303 omnium
1010 3243 1144 3304 dominus
1158 3245 1219 3316 fiat,

114 3363 156 3416 se,
169 3341 242 3402 dum
255 3340 406 3421 popularis
417 3340 513 3400 status
528 3339 608 3419 apud
622 3359 675 3400 vos
685 3338 785 3411 fuerit,
795 3338 866 3399 nihil
879 3339 953 3397 firmi
961 3338 1137 3400 habiturum.
1159 3343 1220 3402 Sed

113 3436 240 3514 siquam
254 3433 368 3494 cladem
382 3432 541 3512 aliqnando
554 3431 842 3511 acceperit—multoe
856 3439 954 3490 autem
965 3431 1074 3492 homini
1088 3434 1221 3495 accidere

112 3519 291 3608 possunt-,
305 3525 368 3586 iore
380 3535 414 3585 ut
432 3526 483 3604 qui
500 3545 579 3586 nuno
590 3526 620 3586 vi
632 3534 771 3586 tenentur
784 3525 901 3596 abeant,
915 3534 947 3585 et
960 3525 998 3586 ad
1018 3546 1070 3586 vos
1085 3528 1220 3606 confugi»

114 3630 182 3681 ant:
206 3619 277 3680 estis
291 3617 370 3678 euim
383 3625 439 3679 vos'
449 3638 509 3679 non
522 3618 578 3698 ipsi
592 3618 630 3678 ad
644 3617 739 3678 aliena
752 3616 1219 3699 arripiendadominationemque

113 3711 305 3772 obtinendam
319 3712 608 3791 natureeomparati‚
623 3709 677 3770 sed
693 3709 783 3771 elium
804 3729 843 3769 ne
857 3711 975 3790 arripiat
991 3712 1156 3791 prohibere,
1169 3724 1222 3774 aut

114 3803 240 3884 arreptis
269 3805 436 3876 exturbare,
464 3803 591 3882 deniqne
617 3802 750 3863 homines
779 3803 924 3882 regnandi
952 3803 1075 3884 cupidos
1102 3825 1220 3879 vexare,

112 3905 298 3975 cunctosque
311 3895 452 3956 mortales
474 3895 504 3954 in
525 3896 691 3972 libertatem
707 3913 836 3956 asserere
851 3898 942 3974 probe
962 3896 1108 3958 instructi.
1130 3927 1132 3932 v
1151 3899 1221 3960 Non

112 3989 204 4068 igitur
217 3989 282 4049 vult
304 3988 363 4048 suis
379 3989 588 4050 'occasionibus
603 4000 731 4050 vestram
751 3989 915 4050 libertatem
935 3989 1094 4062 imminere,
1112 3991 1143 4052 in
1161 4013 1220 4071 quo

113 4102 212 4163 neque
225 4084 327 4162 inepte
338 4082 610 4161 nequeosoitanter
622 4101 723 4142 seeum
737 4092 862 4162 reputat.
906 4083 1035 4142 Primum
1050 4083 1149 4163 igitur,
1162 4087 1219 4148 hao

113 4178 151 4238 de
164 4175 363 4237 eausahostis
376 4186 424 4234 est
436 4174 486 4233 ille
501 4173 656 4236 habendus
670 4175 837 4254 reipublieae
851 4185 882 4234 et
895 4175 1044 4254 popularis
1059 4187 1152 4239 status
1166 4181 1220 4240 im-

112 4268 281 4349 placabilis3
304 4267 411 4332 deinde
425 4277 506 4328 certo
517 4267 687 4340 tenendum,
702 4287 771 4328 eum
792 4267 901 4340 omnia,
914 4287 981 4346 quoe
996 4269 1115 4333 molitur
1128 4283 1219 4350 etque

113 4371 235 4443 apparat
254 4379 347 4433 nunc,
361 4368 467 4420 contra
486 4371 617 4420 nostram
638 4362 741 4420 urbem
755 4378 913 4438 apparare:
936 4380 1030 4440 neque
1045 4364 1123 4424 enim
1138 4367 1219 4442 quis·
1235 4391 1242 4402 ¹

115 4475 204 4536 quam
217 4465 349 4519 vestrum
361 4453 404 4514 ita
417 4453 536 4535 ineptus
551 4465 607 4528 est,
620 4463 653 4514 ut
668 4453 836 4534 Philippum
846 4453 994 4516 existimet
1006 4455 1113 4518 misera
1125 4457 1176 4518 illa
1187 4459 1219 4520 in
