2932 4952
504 305 674 367 CONTRA
699 303 871 365 MlDIAM.
1135 363 1140 374 ,
1184 305 1239 366 331
1313 347 1315 354 -

141 477 305 539 quasnam,
321 459 356 518 e't
364 457 495 520 ordinem
508 459 663 540 plebeium.
699 461 767 532 Qui,
781 462 806 521 si
824 458 941 540 legibus
954 447 1142 540 contemptis,
1157 459 1242 538 quin·
1259 463 1261 470 ’

140 551 279 630 quaginta
293 551 493 612 drachmis'ab
506 552 563 613 isto
577 555 718 633 acceptis,
733 553 945 616 damnatoriam
959 551 1130 614 seutentiam
1145 553 1174 613 in
1189 547 1240 614 ab‘·

139 644 305 705 solutoriam
323 653 479 715 mutasset,
489 644 551 726 jem
566 646 724 706 honoribus
739 647 918 725 iungeretur,
935 655 974 718 et,
994 647 1057 706 siue
1072 646 1134 705 ullo
1150 646 1239 716 malo,

139 754 221 814 equo
232 737 300 815 jure
316 756 383 796 curn
398 735 516 816 reliquis
530 737 640 822 ciuibus
654 737 809 798 frueretur.
831 738 891 800 Sed
905 739 975 817 quia
990 738 1134 818 justitiam
1148 737 1240 817 pluris
1256 801 1260 812 ,

137 828 203 887 lecit
222 848 312 907 qnam
327 828 462 900 Midiarn,
484 839 514 888 et
532 829 613 908 leges
627 830 721 909 magis
742 830 848 902 timuit,
866 825 1055 908 quam'istius
1075 831 1179 903 minas,
1200 833 1238 891 ob

137 919 198 980 hoec
222 921 251 979 in
266 928 380 980 tantam
395 931 426 980 et
445 921 537 980 talem¹
549 922 746 982 calamitatem
761 924 798 982 ab
817 923 875 982 isto
893 932 940 982 est
952 921 1057 1000 injuria
1077 923 1238 1001 conjectus.

74 1079 81 1102 ι
138 1011 196 1070 Vos
215 1011 303 1090 igitur
317 1011 463 1072 hominem
484 1013 526 1072 ita
538 1013 699 1084 crudelem,
712 1015 755 1086 ita
769 1014 969 1087 inhumanum,
987 1023 1106 1074 tautum
1126 1014 1237 1092 suppli·

137 1103 210 1164 cium
228 1123 282 1182 pro
299 1103 345 1163 his
360 1103 534 1184 exigentem,
548 1105 576 1162 in
591 1105 694 1183 quibus
710 1105 850 1184 injuriam
868 1105 923 1164 sibi
945 1123 1012 1164 ease
1033 1104 1141 1164 factam
1162 1106 1238 1164 dnu-

136 1195 407 1266 taxardicit-nec
429 1197 511 1255 enim·
530 1197 609 1256 lacta
629 1197 671 1256 illi
691 1197 746 1256 fnit
767 1193 920 1276 iujuria—,
939 1196 1036 1268 hunc,
1054 1197 1181 1276 inquam,
1206 1197 1237 1258 iu

135 1287 238 1350 civium
251 1288 379 1366 aliquem
392 1289 602 1348 contumeliose
616 1288 714 1368 palam
728 1288 929 1361 insultantem,
943 1289 1113 1359 absoluetis,
1129 1290 1235 1367 etqui,

136 1401 230 1459 neque
243 1381 320 1452 festi,
336 1400 430 1460 neque
444 1401 605 1455 sacrorum,
618 1373 714 1460 neque
728 1383 813 1461 legis,
827 1401 883 1442 nec
897 1382 1017 1450 alterins
1032 1383 1073 1442 rei
1087 1383 1176 1443 ullius
1190 1401 1236 1443 ra·

135 1473 244 1534 tionem
258 1474 357 1546 babet,
373 1493 431 1535 non
452 1475 707 1536 condemnabitis?
730 1475 799 1536 Non
820 1476 850 1534 in
865 1495 901 1536 eo
920 1473 1086 1555 exemplum
1099 1475 1164 1536 aliis
1177 1487 1237 1537 'sta-

130 1566 243 1626 tuetisl
265 1566 381 1645 Ecquid
395 1567 509 1651 dicetis,
529 1567 669 1648 judices?
689 1585 788 1648 quam,
802 1569 925 1628 obsecro
938 1588 1002 1639 vos,
1016 1587 1132 1647 mquam
1146 1575 1245 1628 exous

135 1660 277 1726 sationem
296 1661 424 1722 habituri
444 1661 527 1731 estis,
551 1671 603 1720 aut
622 1659 795 1720 honestaml
824 1660 899 1721 Eam
923 1660 1044 1739 scilicet,
1065 1679 1131 1722 esse
1150 1670 1236 1738 petu-

134 1752 241 1816 lantem
255 1763 285 1812 et
299 1753 482 1831 improbum?
505 1754 581 1813 Nam
599 1753 664 1814 hoec
680 1763 758 1814 certe
772 1774 841 1814 vera
865 1763 951 1814 sunt:
972 1753 1026 1814 sed
1046 1753 1115 1813 odio
1137 1771 1236 1832 prose·
1298 1748 1301 1756 ’

124 1843 253 1924 ’ᾳυευάἱ,
269 1845 392 1924 judices,
407 1846 490 1906 vobis
505 1855 576 1905 sunt
588 1845 685 1925 potius
700 1846 786 1918 tales,
800 1866 889 1925 quam
904 1846 1050 1933 servandi.
1074 1845 1152 1904 Num
1167 1848 1236 1924 quia

77 1967 80 1976 ·
134 1938 215 1997 dives
229 1937 242 1995 l
263 1937 395 1998 Athene
409 1937 467 1997 fere
482 1957 599 1998 cansam
613 1959 679 1998 esse
692 1938 863 2018 iujuriarum
877 1939 940 2020 ejus
963 1950 993 2000 et
1005 1938 1175 2018 petulantiae
1189 1959 1233 1999 re-

132 2030 269 2110 perietis.·‘
282 2032 380 2097 Quare
394 2031 509 2090 occasio
522 2030 586 2090 haec
598 2041 629 2090 et
640 2031 775 2104 facultas,
789 2041 1009 2110 propterquam
1023 2031 1063 2091 ita
1082 2031 1235 2093 insolescit

131 2133 162 2184 et
172 2133 334 2202 grassatur,
345 2123 489 2183 adimatur
501 2125 526 2182 ei
542 2124 650 2202 potius,
661 2143 748 2202 quam
762 2133 881 2202 propter
895 2123 1020 2182 eandem
1035 2134 1233 2185 conservetur.

132 2215 278 2294 Magnam
289 2216 366 2274 euim
378 2215 531 2293 pecuniam
545 2215 574 2274 iu
588 2216 714 2275 hominis
729 2215 906 2276 confidentis
915 2225 945 2274 et
956 2215 1078 2294 improbi
1088 2234 1178 2274 manu
1187 2236 1233 2276 re·

130 2307 274 2387 linquere,
287 2307 318 2367 id
332 2316 379 2367 est
392 2327 491 2370 ensem
504 2307 547 2366 illi
560 2308 720 2388 porrigere,
734 2328 793 2386 qno
805 2307 991 2387 jugulemini.
1055 2365 1057 2370 ,

171 2403 221 2460 28.
244 2398 321 2468 Quid
342 2408 434 2460 restat
453 2399 564 2478 igitur?
586 2401 627 2459 Ut
644 2419 697 2462 vos
719 2401 781 2481 ejus
803 2400 973 2468 miserescat
994 2401 1118 2462 scilicet.
1155 2402 1233 2463 Nam

129 2481 236 2552 filiolos
249 2492 388 2565 adducet,
402 2493 660 2564 et'lamentabitur,
677 2504 816 2554 eteorum
831 2494 964 2574 precibus
974 2515 1005 2556 se
1017 2493 1119 2556 donari
1133 2505 1231 2574 petet:
1324 2552 1332 2562 ,

128 2585 186 2646 hoc
197 2584 273 2643 enirn
284 2594 331 2644 est
345 2584 497 2664 reliquum.
524 2586 614 2665 Atqui
628 2586 720 2646 nostis
734 2587 791 2646 hoc
804 2586 945 2666 profecto,
957 2587 1006 2665 qui
1020 2587 1141 2667 indigne
1155 2588 1233 2647 malo

130 2677 229 2755 aliquo
247 2676 463 2750 conflictantur,
478 2678 664 2738 miserendo
678 2679 738 2738 sint
757 2679 894 2759 impares,
907 2698 1007 2743 eorum
1021 2680 1130 2740 moveri
1145 2680 1231 2741 mise·

128 2770 256 2830 ricerdis
279 2779 424 2850 oportere,
445 2771 646 2855 nonistorum
667 2771 718 2850 qui
740 2772 813 2832 dant
836 2781 1069 2851 perpetratorum
1090 2773 1232 2832 scelerum

129 2855 245 2943 poenas.
266 2863 398 2942 Ecquem
417 2862 467 2922 isti
486 2863 552 2943 jure
572 2863 740 2923 moverent?
762 2864 812 2942 qui
831 2864 930 2924 rideat
946 2865 1034 2925 istum
1055 2864 1142 2943 hujus
1166 2864 1232 2924 filiis

128 2954 204 3013 nihil
222 2974 289 3015 esse
302 2964 424 3028 mutum,
439 2955 489 3033 qui
503 2963 609 3034 praeter
622 2955 699 3014 mala
713 2967 821 3028 cetera,
831 2955 992 3015 'calamitati
1006 2955 1097 3034 patris
1120 2954 1231 3014 nullam

128 3046 262 3107 adbiberi
274 3067 363 3126 posse
376 3039 549 3109 medicinam
561 3048 665 3108 sciunt.
688 3047 753 3108 Nec
771 3049 848 3107 enim
864 3048 975 3108 inflicta
988 3048 1031 3106 illi
1044 3048 1154 3106 mulcta
1174 3057 1231 3118 est,

127 3159 191 3220 qna
212 3140 356 3200 dissoluta
373 3140 525 3220 pristinam
545 3160 716 3220 recuperare
737 3141 908 3220 dignitatem
928 3140 1026 3211 liceat,
1041 3139 1094 3199 sed
1107 3140 1148 3198 ita
1161 3139 1230 3217 sim-

125 3221 245 3312 pliciter
255 3232 362 3310 impetu
375 3232 577 3293 iracundiae-et
589 3234 773 3294 contumeliae
785 3233 926 3293 Midianee
940 3243 986 3292 est
1006 3232 1165 3311 ignominia
1177 3251 1231 3292 no-

127 3335 220 3385 tatus.
251 3325 344 3410 Cujus
356 3327 430 3405 'ergo
444 3324 580 3386 ferocitas
605 3327 811 3405 comprimetur
823 3337 855 3386 et
871 3326 1022 3405 frangetur
1035 3325 1168 3400 audacia,
1183 3328 1231 3386 cui

125 3419 250 3480 taudem
270 3438 351 3498 opes,
365 3428 484 3498 propter
501 3438 574 3498 quas
594 3420 649 3479 iste
664 3420 726 3480 haec
741 3420 822 3490 lacit,
843 3417 1008 3497 eripientur,
1023 3419 1166 3499 siquidem
1183 3419 1234 3496 isti

124 3523 271 3591 tanquam
285 3512 459 3572 calamitoso
468 3531 521 3572 ros
534 3511 761 3572 misericordiam
773 3511 918 3572 tribuetis:
934 3511 979 3570 sin
992 3531 1101 3592 pauper
1115 3511 1231 3590 aliquis,

124 3605 242 3665 scelere
254 3604 335 3664 nullo
346 3603 502 3684 obligatus,
516 3605 547 3663 in
561 3625 690 3664 summas
701 3606 738 3664 ab
753 3605 810 3664 isto
823 3602 954 3664 miserias
971 3625 1025 3682 per
1036 3605 1169 3684 injuriam
1184 3615 1231 3663 est
1245 3627 1248 3632 ¹

124 3701 292 3772 conjectus,
315 3697 402 3777 hujus
415 3697 509 3758 vicem
523 3697 594 3756 nibil
613 3687 797 3757 irascemini?
818 3695 913 3756 Absit.
937 3696 1070 3756 Neminis
1083 3695 1160 3754 enim
1175 3695 1229 3753 mi·

123 3789 287 3850 serendum
301 3800 355 3862 est,
379 3789 428 3868 qui
450 3789 573 3848 neminis
593 3790 766 3862 miseretur,
783 3808 877 3868 neque
898 3789 1054 3868 quicquam
1076 3786 1118 3845 illi
1136 3788 1229 3846 venire
1279 3827 1287 3835 -

123 3881 272 3955 dandum,
287 3882 336 3961 qui
349 3883 465 3942 veniam
478 3881 661 3945 dat-nemini.
682 3881 760 3942 Nam
774 3903 833 3962 ego
846 3882 963 3960 quidem
977 3882 1019 3939 ita
1032 3879 1137 3952 sentio,
1152 3899 1228 3959 mor·
1281 3943 1283 3948 ,

121 3975 204 4036 tales
226 3995 327 4035 omnes
343 3975 372 4035 in
392 3975 449 4036 hae
465 3974 608 4036 sententia
621 3994 698 4048 esse,
719 3985 753 4034 ut
775 3973 949 4045 existiment,
970 3980 1102 4052 oportere
1124 3992 1228 4032 unum·

120 4087 275 4149 quemque
288 4071 325 4128 ex
338 4075 401 4127 tota
419 4067 601 4131 suavivendi
616 4067 727 4127 ratione
742 4068 827 4146 quasi
845 4067 949 4144 stipem
964 4063 1112 4146 quandam
1126 4064 1165 4124 ad
1178 4065 1231 4124 de-

119 4163 259 4244 gendam
271 4162 361 4221 vitam
374 4161 523 4241 colligere,
537 4181 596 4221 non
610 4170 803 4243 epmtantum
817 4179 906 4239 quarn
923 4158 1075 4237 colligunt,
1093 4169 1123 4218 et
1142 4179 1230 4239 quem

118 4257 252 4336 explent
264 4249 362 4332 aliqui,
387 4255 440 4314 sed
455 4255 652 4328 aliam'etiarn,
666 4253 775 4312 veluti:
797 4272 853 4332 ego
867 4251 997 4330 quisquis
1018 4263 1083 4312 sunt
1103 4253 1153 4330 qui
1178 4250 1230 4310 ad·
1303 4278 1308 4286 ·

117 4337 193 4412 sum
222 4369 325 4428 aequus
347 4367 412 4408 sum
434 4349 583 4426 comisque
604 4365 674 4425 erga
696 4351 809 4417 omnes,
830 4343 1004 4418 misericors,
1024 4344 1173 4406 beneficus
1200 4342 1230 4399 in

117 4444 248 4504 multos.
272 4442 481 4504 Omnesdecet
492 4441 542 4502 tali
553 4439 663 4502 homiui
674 4439 777 4500 eadem
791 4448 930 4517 tauquam
944 4438 1081 4498 tributum
1093 4429 1233 4515 pendere,
