2912 4946
409 304 412 312 ’
519 293 567 354 ΙΝ
585 293 793 356 APHOBUM
814 294 841 352 1.

371 610 375 615 .
542 559 812 621 TESTIMONIA.

124 719 199 777 *Hoc
212 715 301 796 igitur
314 717 388 776 ehnr
400 715 490 796 pluris
504 726 551 776 est
559 737 647 796 quam
660 717 776 800 talenti,
784 716 863 796 quod
874 735 930 776 nec
943 717 1041 797 ipsum
1054 735 1111 777 nec
1119 716 1232 776 lucrum
1308 791 1310 795 y

129 811 199 870 inde
214 810 327 870 facturn
338 808 407 868 mihi
420 809 591 882 ostendunt,
605 809 660 870 sed
669 819 700 870 et
709 809 766 870 hoc
779 819 874 870 totum
884 811 1003 890 penitus
1018 811 1215 891 supprimunt.
1282 805 1283 808 ’

171 904 202 960 9.
224 900 272 960 Ad
294 902 372 984 haec,
386 901 521 972 Judices,
536 921 572 962 ex
591 902 765 974 rationibus,
779 923 854 980 quas
874 903 1015 974 referunt,
1031 903 1068 962 de
1091 900 1148 962 iliis
1166 899 1233 980 qnae
1261 891 1264 897 ’

101 977 111 995 “
130 995 188 1074 ipsi
209 1014 240 1054 sa
255 992 608 1080 accepisseconfltentur,
622 995 705 1070 vohis
726 995 891 1070 ostendam,
906 1014 957 1054 eos
980 995 1124 1073 tresplns
1146 1013 1236 1074 quam

132 1097 206 1163 octo¹
217 1085 331 1166 talenta
344 1106 411 1165 quae
434 1105 500 1146 mea
517 1097 587 1147 sunt
598 1087 717 1164 habere,
738 1086 970 1166 sedAphohum
990 1087 1110 1163 seorsim
1123 1087 1237 1164 trinta·

132 1179 217 1253 lenta
228 1188 262 1254 et
272 1178 353 1252 mille
367 1179 521 1252 drachmas
532 1177 692 1258 accepisse,
700 1179 815 1255 etiamsi
827 1199 934 1258 ponam
943 1180 1028 1258 plura
1035 1179 1100 1254 sine
1109 1179 1159 1254 ¹his
1169 1197 1237 1238 essa
1277 1209 1285 1228 ι

130 1273 282 1350 insumpta
295 1290 385 1348 quarn
398 1282 477 1346 sunt,
491 1283 522 1331 at
535 1290 573 1345 ea
593 1289 659 1349 quae
672 1290 709 1331 ex
731 1267 988 1354 hisreddiderunt
1008 1271 1180 1347 detraham:
1202 1273 1237 1330 ut

132 1365 234 1440 sciatis
245 1383 305 1438 non
317 1363 471 1440 mediocris
488 1383 555 1438 esse
570 1360 759 1442 impudentiae
773 1365 857 1438 iacta,
866 1364 992 1439 iliorum.
1033 1365 1111 1424 Nam
1122 1364 1160 1436 de
1172 1383 1239 1436 meo

133 1477 167 1518 se
182 1456 334 1553 accepisse
348 1457 487 1532 fatentur,
499 1453 686 1534 istequidem
700 1467 771 1538 octo
781 1467 812 1516 et
823 1466 944 1516 centum
958 1456 1063 1528 minas,
1084 1465 1188 1534 praeter
1202 1474 1238 1514 ea
1279 1473 1285 1478 ·
1347 1479 1357 1492 ·

133 1569 208 1628 quoe.
212 1568 304 1626 ego
289 1568 357 1624 eum
367 1549 476 1626 habere
489 1569 569 1624 nnnc
580 1549 745 1622 ostendam,
757 1548 956 1629 Therippides
964 1548 1023 1608 duo
1035 1549 1156 1620 talenta,
1178 1547 1240 1610 De-

101 1717 107 1724 ,
134 1642 266 1721 mophon
281 1651 394 1722 septem
406 1653 437 1716 et
449 1642 610 1720 octoginta
613 1641 718 1718 minas.
745 1641 837 1716 -Iiaec
855 1649 926 1700 sunt
938 1640 1066 1746 quinque
1084 1623 1195 1700 talenta
1210 1649 1241 1700 et

133 1735 222 1812 minae
236 1734 416 1812 quindecim.
461 1735 543 1794 Hoc
536 1735 634 1814 igitur,
643 1714 725 1813 quod
736 1733 895 1810 nonsimul
908 1734 1074 1811 universum
1073 1743 1254 1840 ..acceptum'
1309 1807 1312 1810 ,

126 1819 191 1900 est,
205 1827 293 1887 minae
307 1827 368 1886 fere
383 1836 455 1886 sunt
473 1827 658 1906 septuaginta
673 1836 795 1908 septem,
809 1826 919 1887 reditus
934 1804 974 1886 de
971 1825 1148 1922 mapcipiis,
1159 1824 1241 1906 quod

132 1941 203 1982 vero
217 1921 265 1980 isti
279 1921 378 1982 statim
393 1933 581 2001 acceperunt,
595 1940 697 2000 parum
708 1922 792 1980 abest
804 1940 823 1980 a
835 1930 960 1999 quatuor
974 1913 1111 1980 talentis:
1133 1919 1240 1998 quibus

136 2013 161 2074 si
172 2033 263 2091 usura
275 2013 411 2073 decennii
426 2014 550 2092 singulis
565 2013 668 2072 saltem
683 2013 829 2072 drachmis
845 2022 1016 2093 computata
1027 2012 1129 2072 addita
1142 2007 1242 2084 fuerit,

135 2106 294 2167 invenietis
303 2115 373 2168 octo
386 2107 450 2166 fieri
463 2107 576 2176 talenta
590 2125 657 2190 oum
672 2093 750 2164 sorte
761 2114 791 2163 et
804 2105 883 2164 mille
898 2105 1064 2165 drachmas.
1093 2102 1242 2164 Alimonia

136 2211 223 2280 porro
243 2219 262 2260 a
276 2199 463 2278 septuaginta
477 2208 589 2277 septem
604 2197 688 2256 minis
702 2207 749 2256 est
762 2197 970 2276 computanda,
988 2217 1055 2276 qnae
1068 2215 1106 2256 ex
1118 2195 1241 2256 officinis
1340 2223 1348 2238 ι

126 2293 275 2376 redeunt.
318 2291 396 2350 Nam
404 2289 596 2370 Therippides
610 2299 745 2370 septenas
760 2290 853 2351 minas
866 2289 1069 2368 quotannisin
1080 2281 1131 2350 eas
1142 2289 1242 2361 dabat,

136 2395 169 2449 et
183 2403 239 2466 nos
253 2385 406 2463 accepisse¹
417 2383 476 2442 hoc
487 2383 625 2464 fatemur.
667 2383 807 2456 Proinde,
817 2402 885 2462 curn
896 2382 945 2456 isti
957 2383 1042 2442 nobis
1054 2381 1242 2466 septuaginta

101 2523 104 2528 -
124 2482 233 2550 „minas
246 2481 277 2542 in
291 2481 438 2550 officinam
450 2479 488 2538 ad
501 2478 567 2538 illos
587 2479 709 2538 alendos
732 2478 950 2563 insumpserint,
963 2477 994 2538 id
1010 2477 1091 2558 quod
1108 2487 1242 2559 superest
1301 2550 1305 2556 ι

124 2574 341 2653 ,septingentas
352 2573 509 2632 drachmas
523 2571 566 2631 eis
577 2590 695 2652 appono
707 2580 738 2630 et
750 2571 798 2630 isti
812 2571 878 2650 plus
888 2570 985 2650 posui.
1027 2569 1065 2630 Id
1076 2590 1145 2632 vero
1153 2570 1241 2654 quod
1348 2633 1352 2642 ,

138 2665 212 2725 ιιιίιιί
229 2675 345 2746 sumpta
359 2663 435 2724 virili
456 2674 527 2742 toga
544 2662 729 2723 tradiderunt
747 2672 777 2723 et
779 2673 933 2740 quantum
954 2662 1125 2744 reipublicae
1143 2663 1244 2750 tributi

137 2758 258 2818 nornine
272 2756 484 2849 pependerunt,
497 2753 528 2814 id
543 2765 589 2816 est
599 2757 637 2815 ah
647 2765 715 2816 octo
726 2755 842 2816 talentis
856 2766 887 2816 et
900 2758 938 2816 ab
949 2776 985 2816 eo
998 2758 1079 2836 qnod
1093 2767 1140 2817 est
1152 2778 1244 2863 appo·

139 2849 231 2910 situm
246 2837 448 2908 auferendum.
492 2846 721 2908 Reddiderunt'
714 2845 803 2951 {gitur
822 2849 876 2908 iste
891 2860 920 2910 et
934 2843 1127 2928 'lherippides
1146 2851 1241 2911 minas

141 2959 233 2999 unam
246 2949 277 3000 ct
289 2926 423 3018 triginta,
436 2938 536 2998 tributi
550 2940 668 2999 nomine
687 2939 780 3000 minas
799 2959 831 3000 se
852 2940 1028 3019 expendisse
1044 2941 1245 3021 duodeviginti

138 3032 373 3094 ratiocinantur·
393 3051 452 3110 ego
471 3051 539 3092 vero
558 3033 648 3092 etiarn
669 3031 729 3092 hic
740 3043 828 3092 aucto
848 3051 971 3092 numero
995 3033 1101 3094 faciam
1125 3035 1246 3113 triginta

139 3126 249 3196 minas,
263 3136 297 3192 ut
319 3124 350 3182 iu
370 3124 439 3182 hoc
449 3123 522 3184 nihil
544 3123 674 3185 habeant
687 3124 767 3202 quod
783 3124 998 3185 contradicant.
1010 3127 1184 3204 Itaque
1162 3146 1186 3185 ιι
1209 3131 1246 3189 ab

118 3226 122 3230 ’
139 3230 218 3280 octo
225 3217 344 3294 talentis
357 3217 503 3276 talentum
517 3217 675 3289 auferatur,
690 3225 801 3296 septem
816 3229 886 3296 sunt
903 3210 1026 3296 reliqua,
1047 3238 1141 3298 eaque
1151 3239 1188 3278 ex
1196 3208 1246 3280 his

130 3330 220 3390 ιιιιιιι.
225 3308 376 3388 accepisse
389 3308 446 3387 ipsi
461 3329 493 3368 se
506 3309 691 3380 confitentur,
705 3329 830 3387 quoeqne
846 3310 920 3370 istos
934 3310 1043 3370 habere
1056 3331 1177 3373 necesse
1192 3325 1246 3375 est.

142 3403 229 3462 Hoc
221 3403 321 3480 rgrtur,
335 3401 580 3480 etiamsireliquis
595 3401 729 3460 omnibus
744 3401 916 3461 fraudarent
925 3421 956 3462 se
970 3403 1079 3464 habere
1092 3416 1246 3484 negantes,

103 3571 106 3576 ἡ
140 3493 265 3558 reddere
288 3492 492 3564 conveniebat,
513 3492 655 3571 siqnidem
676 3492 758 3552 haud
778 3493 889 3572 inficias
909 3506 981 3554 eunt
1004 3497 1055 3556 illa
1065 3497 1104 3556 de
1126 3518 1192 3558 meo
1214 3520 1246 3558 se
1316 3480 1325 3503 '
1357 3505 1360 3508 ’

141 3587 305 3666 accepisse.
349 3587 439 3644 Nunc
451 3604 521 3645 vero
533 3586 604 3664 quid
618 3577 749 3645 faciunt?
772 3565 899 3646 Usumm
912 3588 1047 3666 pecunia
1058 3589 1167 3648 nuliam
1179 3610 1246 3670 pro-

139 3681 252 3751 ferunt,
267 3691 435 3758 sortemque
449 3697 566 3738 omnem
587 3697 734 3738 unacum
748 3679 935 3758 septuaginta
957 3691 1068 3760 septem
1089 3681 1175 3741 minis
1195 3703 1246 3742 ex·
1294 3675 1297 3680 ’

135 3792 266 3853 pensam
276 3772 347 3832 mihi
361 3771 478 3832 ferunt:
489 3759 568 3861 quin
580 3771 757 3850 Demophon
765 3791 819 3830 nos
835 3772 962 3854 iusuper
968 3773 1096 3833 debere
1088 3775 1247 3856 inscripsit.

134 3866 269 3926 ¹Nonne
277 3865 335 3925 ista
351 3875 399 3924 est
420 3883 529 3942 magna
552 3873 582 3921 et
607 3861 728 3940 insignis
751 3859 954 3944 impudentia?
975 3886 1012 3923 an
1034 3865 1187 3950 quicquam
1201 3869 1247 3929 ad

134 3960 305 4018 -rmmensas
312 3957 418 4017 sordes
423 3966 454 4014 et
462 3955 651 4034 rapacitatem
660 3956 746 4014 istam
755 3957 825 4016 addr
827 3957 1157 4035 queatiQurdtandem
1161 3981 1248 4040 grave

137 4069 181 4112 ac
204 4050 373 4128 indignum
383 4047 576 4126 videbitur,
554 4067 578 4106 ιι
596 4047 651 4106 ista
664 4057 724 4106 tarn
738 4047 882 4107 immensa
896 4061 925 4108 et
939 4049 1086 4109 immania
1105 4054 1212 4134 grauia
1218 4066 1248 4114 et

132 4145 267 4223 ‚indigna
280 4163 342 4202 non
355 4140 551 4201 videbuntur?
574 4140 656 4199 Iste
649 4141 737 4218 igitur
750 4159 802 4217 pro
813 4159 877 4198 sese
893 4140 988 4200 minas
1002 4151 1122 4201 centum
1136 4154 1167 4202 et
1180 4155 1247 4232 octo
1321 4133 1324 4143 ¹

131 4257 177 4300 se
192 4236 344 4314 accepisse
366 4233 533 4309 confitetur,
549 4243 672 4312 quaset
692 4231 889 4311 ipsashabet,
912 4243 943 4292 et
963 4234 1098 4294 decennii
1116 4227 1247 4306 usuram,

121 4349 213 4408 „quae
227 4328 284 4388 tria
296 4327 425 4390 maxime
444 4327 556 4388 talenta
574 4335 604 4384 et
627 4323 705 4382 mille
729 4322 883 4389 drachmas
903 4326 1070 4386 conficiunt.
1113 4314 1246 4398 Haemo

127 4441 215 4488 rere
230 4421 337 4496 dicere,
348 4420 429 4502 et5in
443 4420 543 4480 tutelae
554 4412 726 4500 [rationibus
747 4433 983 4497 unumquemque
1002 4429 1116 4491 tanturn
1135 4419 1247 4488 emolu-
1338 4421 1342 4434 '
