2920 4950
229 291 270 355 60
634 289 871 354 PHILIPPICA
886 289 934 352 Il,¹

234 473 246 492 ··
266 447 302 504 2:
321 443 451 505 Primum
465 446 564 524 igitur,
580 446 605 506 si
619 447 695 526 quis,
706 448 932 518 'Athenienses
945 453 1145 521 succrescet,
1154 445 1339 509 cbmrideat

227 548 354 616 quantus
376 539 438 618 jam
453 548 484 598 et
505 559 592 616 quam
608 539 705 599 multis
719 543 830 619 potitus
845 542 883 600 sit
897 540 1059 622 Philippus,
1075 553 1105 601 et
1118 542 1233 600 nullum
1251 549 1339 622 putat

228 629 390 710 pericnlum
401 649 437 688 ex
451 649 487 689 eo
502 630 673 709 impendere
688 633 798 692 civitati
812 653 906 711 neque
918 645 1021 693 contra
1032 653 1084 694 vos
1099 653 1134 692 ea
1149 635 1246 694 omnia
1257 654 1339 693 com·

227 722 334 801 parari,
355 723 452 794 miror,
466 733 497 782 et
508 743 593 802 aeque
607 744 660 784 vos
675 743 777 784 omnes
789 735 886 785 oratos
897 726 964 785 volo
977 737 1010 785 ut
1019 746 1099 786 mess
1118 725 1244 786 rationes
1264 746 1340 806 pau-

230 817 271 884 cis
286 815 422 886 audi-atis,
438 817 544 894 quibus
563 817 711 878 adductus
730 819 818 896 longe
837 818 896 879 alia
915 831 1082 896 exspectem
1098 830 1128 879 et
1139 819 1256 880 hostem
1275 839 1341 880 esse

230 908 399 996 Philippum
426 909 567 988 judicem,
589 923 637 968 ut
657 911 681 970 si
710 912 815 970 melius
840 931 897 990 ego
923 912 1087 990 prospicere
1109 912 1239 985 videbor,
1267 911 1342 972 mihi

230 1005 446 1081 obtemperetis
469 1004 514 1062 sin
531 1005 626 1065 securi
640 1006 689 1067 isti
700 1005 761 1065 etii
775 1007 825 1084 qui
848 1006 882 1064 ei'
897 1005 984 1064 fidem
1006 1006 1125 1078 habent,
1153 1006 1208 1066 illis
1236 1025 1342 1066 assen-

229 1098 350 1172 tiamini.
393 1098 459 1175 Ego
480 1098 578 1176 igitur,
596 1086 933 1171 Athenienses,.mecum
955 1101 1064 1178 cogite,
1083 1101 1189 1179 quibus
1212 1099 1343 1179 primum

210 1245 212 1252 ,
231 1195 318 1270 ¹rebus
335 1191 488 1271 Philippus
502 1185 571 1269 post
584 1193 686 1266 initam
700 1194 853 1252 nobiscnm
869 1212 972 1270 pacem
986 1193 1096 1272 potitus
1118 1193 1175 1252 sit?
1199 1192 1282 1272 Pylis
1294 1193 1343 1252 ni-

232 1285 343 1350 mirum
352 1296 383 1346 et
390 1287 477 1350 rebus
487 1285 700 1345 Phoceusihus.
721 1287 800 1352 Quid
810 1285 916 1364 igitur?
931 1287 1179 1365 quemadmodum
1192 1286 1257 1346 istis
1267 1305 1344 1346 usus

231 1377 296 1436 esti
318 1378 392 1446 Quae
402 1377 548 1436 Thebanis
560 1379 741 1450 conducunt,
751 1379 1061 1458 nonquoereipublicae
1071 1391 1286 1456 nostrse,agere
1296 1379 1347 1440 in-

135 1455 141 1470 ⁸
231 1469 335 1530 stituit.
359 1469 438 1539 Quid
447 1457 505 1530 ital
521 1471 669 1539 Quoniam
680 1472 704 1530 is
721 1471 843 1543 scilicet,
855 1471 894 1530 ad
909 1472 1113 1532 inexhaustam
1125 1472 1256 1533 habendi
1267 1492 1346 1532 cun-

232 1574 338 1642 ctaque
347 1563 376 1621 in
389 1583 473 1623 suam
484 1555 625 1623 ditionem
635 1563 788 1641 redigendi
802 1563 991 1642 cupiditatem
1002 1565 1124 1624 consilia
1137 1585 1190 1625 sna
1199 1565 1349 1638 referens,

232 1676 293 1716 non
312 1658 351 1716 ad
376 1677 479 1737 pacem
502 1676 597 1735 neque
612 1657 650 1716 ad
672 1657 763 1717 otium
785 1677 881 1735 neque
896 1658 934 1717 ad
949 1659 1117 1736 imquitatem
1132 1659 1233 1728 ullat'n,
1248 1659 1347 1738 probe

231 1749 290 1810 lroc
303 1751 461 1831 perspexit,
477 1769 508 1808 se
522 1762 630 1810 nostrae
644 1750 753 1810 civitati
766 1752 933 1830 nostrisque
948 1750 1087 1811 institutis
1101 1751 1174 1811 nihil
1195 1751 1348 1830 ejusmodi

233 1864 322 1924 posse
336 1847 382 1902 vel
393 1843 523 1922 polliceri
535 1844 582 1903 vel
596 1853 745 1924 praestare,
764 1863 822 1923 quo
837 1843 957 1903 adducti
971 1863 1022 1904 vos
1037 1844 1140 1923 privati
1154 1843 1351 1904 emolumenti

230 1938 328 2018 gratia
342 1947 514 1997 caeterorum
529 1936 701 2007 Graecorum
717 1937 829 2015 aliquos
843 1937 898 2016 ipsi
918 1936 1101 2018 condonetis,
1115 1936 1170 1995 sed
1182 1945 1213 1995 et
1220 1935 1352 2012 justitiae

234 2031 377 2092 rationem
398 2029 551 2103 habentes,
565 2041 595 2089 et
615 2031 652 2089 ab
671 2029 830 2110 ignominia
849 2029 876 2088 ei
890 2029 930 2088 rei
945 2029 1084 2110 adjuncta
1098 2029 1303 2097 abhorrentes,
1320 2038 1353 2087 et

233 2121 333 2184 omnia
345 2141 410 2201 quae
424 2121 739 2200 decentprovidentes,
750 2121 870 2200 perinde
882 2139 1055 2180 occursuros
1070 2141 1146 2194 esse,
1161 2121 1185 2179 si
1200 2121 1270 2200 quid
1285 2121 1351 2181 tale

233 2207 399 2286 conaretur,
414 2233 449 2272 ac
465 2213 489 2272 si
503 2213 612 2273 bellum
628 2233 728 2273 seeum
743 2214 900 2292 gereretis:
929 2214 1085 2274 Thebanos
1096 2224 1192 2274 autern
1208 2213 1351 2293 putabat,

232 2307 267 2366 id
282 2306 362 2386 quod
376 2306 492 2378 accidit,
505 2307 594 2366 modo
613 2305 667 2387 ipsi
690 2307 804 2366 lucrum
815 2306 955 2378 lacerent,
969 2307 1164 2386 permissuros
1178 2317 1212 2366 ut
1226 2325 1282 2366 sno
1301 2323 1350 2367 ese

235 2401 344 2461 hitratu
359 2389 467 2460 caetera
480 2399 706 2472 administraret,
727 2408 757 2458 et
780 2399 856 2459 adeo
877 2419 935 2459 nou
950 2398 1153 2460 adversaturos
1172 2409 1202 2459 et
1215 2401 1353 2479 probibi-

234 2503 329 2566 turos,
344 2502 378 2552 ut
391 2492 478 2551 armis
492 2491 580 2550 etiarn
595 2491 721 2566 adjuturi
734 2501 845 2565 essent,
857 2489 885 2550 si
891 2491 1037 2572 jussisset.
1082 2493 1121 2550 Et
1134 2507 1212 2550 nunc
1228 2493 1353 2554 Messe·

231 2585 302 2645 mios
317 2583 516 2664 Argivosque,
530 2603 596 2643 cum
606 2583 683 2643 hanc
697 2583 792 2663 ipsam
803 2583 841 2643 de
855 2583 890 2642 iis
904 2583 1013 2643 habeat
1026 2585 1203 2662 opinionem,
1213 2588 1355 2648 cumulat

232 2679 398 2739 beneficiis.
449 2677 485 2736 Id
507 2677 588 2756 quod
611 2677 749 2736 maximae
769 2677 849 2738 laudi
871 2677 952 2737 vobis
973 2687 1028 2748 est,
1052 2677 1283 2738 Atheniensest'
1303 2680 1353 2740 his

232 2775 315 2834 enim
330 2772 415 2832 factis
430 2771 467 2830 de
480 2772 562 2831 vobis
577 2771 645 2830 solis
653 2769 817 2851 judicatum
831 2779 886 2844 est,
897 2789 948 2829 vos
963 2789 1056 2848 neque
1066 2770 1139 2829 lucri
1150 2771 1239 2831 ullius
1255 2787 1356 2834 causa

231 2867 405 2927 'communia
415 2864 588 2924 Graecorum
595 2867 664 2942 jura
673 2864 849 2943 prodidisse,
863 2883 958 2942 neque
968 2875 1094 2923 vestram
1108 2884 1180 2942 erga
1193 2883 1243 2924 eos
1257 2866 1356 2926 bene·

232 2959 396 3021 ‘volentiam
414 2957 476 3016 ulla
500 2957 593 3035 gratia
612 2957 709 3018 ullove
731 2956 887 3016 commodo
906 2967 1113 3017 commutasse.
1156 2951 1257 3036 Atque
1272 2961 1359 3020 adeo

232 3055 303 3136 jure
317 3054 394 3114 etde
409 3053 492 3111 vobis
506 3051 548 3111 ita
559 3051 647 3110 sentit
661 3060 691 3110 et
710 3051 747 3110 de
762 3051 932 3130 Argivisac
947 3051 1099 3134 Thebanis
1122 3050 1216 3124 aliter,
1236 3070 1302 3111 non
1324 3054 1358 3112 in

233 3148 305 3207 hese
319 3147 407 3206 tnodo
422 3155 553 3224 tempora
565 3145 693 3216 intuens,
707 3143 759 3202 sed
774 3153 803 3202 et
824 3144 972 3223 superiora
991 3143 1190 3202 considerans.
1216 3174 1219 3182 ·
1232 3145 1361 3208 Invenit

229 3241 329 3313 ⁴enirn,
344 3240 455 3319 opinor,
474 3248 560 3318 atque
576 3238 659 3298 audit
672 3247 785 3295 vestros
808 3238 943 3314 majores,
959 3235 1081 3294 cumeis
1107 3235 1210 3295 liceret
1227 3237 1356 3317 reliquis
1454 3283 1455 3286 η

233 3333 383 3412 imperare
398 3331 522 3403 Graecis,
537 3329 696 3397 dummodo
709 3329 764 3409 ipsi
780 3329 841 3407 regi
860 3347 962 3408 parere
980 3329 1099 3400 vellent,
1125 3329 1214 3388 talem
1240 3349 1358 3393 sermo·-

231 3443 309 3484 mem
335 3442 396 3482 non
415 3421 502 3481 modo
525 3439 584 3480 non
604 3421 754 3492 tolerasse,
768 3441 835 3480 curn
849 3419 929 3480 venit
951 3419 988 3482 ad
1008 3438 1058 3479 eos
1080 3420 1204 3480 istorum
1222 3441 1357 3502 proavum

230 3515 415 3576 'Alexander
427 3515 483 3574 hac
497 3516 561 3592 ipss
581 3515 617 3574 de
630 3525 720 3602 qausa
734 3513 855 3584 fecialis,
868 3533 968 3573 verum
983 3513 1071 3574 etiam
1086 3515 1187 3574 urbem
1202 3515 1357 3580 deserere

232 3609 380 3670 maluisse
403 3618 433 3667 et
449 3607 633 3686 nullas-pati
655 3625 800 3666 aerumnas
819 3625 972 3666 recusasse
999 3606 1132 3685 talesque
1153 3626 1199 3676 res
1221 3612 1359 3688 gessisse

233 3717 356 3788 postea,
373 3723 446 3784 quas
457 3714 490 3763 ut
503 3723 604 3763 omnes
619 3703 765 3765 celebrare
780 3707 920 3786 perpetuo
935 3704 1074 3782 gestiunt,
1084 3705 1126 3762 sic
1135 3723 1190 3784 pro
1204 3705 1358 3786 dignitate

234 3819 345 3871 ornare
359 3816 446 3858 nemo
456 3797 560 3875 potuit,
580 3796 684 3874 quade
694 3815 784 3856 causa
794 3818 843 3858 eas
858 3808 888 3857 et
901 3817 957 3876 ego
972 3807 1125 3877 praetereo,
1131 3799 1221 3878 jure:
1239 3803 1362 3883 majora

233 3896 321 3954 enim
347 3902 416 3952 sunt
437 3901 540 3950 eorum¹
550 3890 679 3949 facinora
693 3909 779 3968 quarn
794 3911 859 3968 quae
873 3889 1002 3950 oratione
1016 3890 1217 3969 explicentur:
1233 3904 1265 3953 at
1275 3895 1360 3958 Tbe-

232 3989 386 4045 ·banoru'm
401 3999 430 4044 et
448 3983 623 4062 Argivorum
636 3983 770 4061 majores,
781 3983 852 4041 illos
868 3983 898 4040 iu
913 3982 1039 4041 exercitu
1054 3982 1145 4042 luisse
1158 3985 1288 4056 barbari,
1300 3989 1361 4048 hos

231 4078 272 4138 ‘ci
286 4096 344 4135 uon
359 4096 424 4135 esse
439 4076 618 4134 adversatos.
643 4089 646 4096 ·
660 4074 811 4133 intellexit
823 4075 911 4152 igitur
921 4083 1060 4152 utrosque
1070 4074 1183 4154 privato
1193 4083 1362 4143 commodo

233 4170 307 4229 *fore
321 4176 486 4237 contentos
498 4185 559 4225 non
568 4182 752 4226 communem
769 4165 893 4224 Grae'ciae
901 4165 1055 4224 utilitatem
1067 4177 1263 4246 spectaturos.
1279 4171 1361 4233 Pro·
1452 4178 1455 4202 ¹

149 4317 150 4320 ,
231 4261 313 4323 inde
328 4260 449 4339 putavit,
464 4278 507 4328 se,
519 4259 543 4318 si
554 4279 606 4318 vos
621 4259 730 4346 amieos
742 4258 909 4336 delegisset,
924 4258 954 4317 in
969 4278 1005 4318 ea
1018 4277 1084 4336 quae
1096 4260 1155 4319 sint
1169 4261 1361 4340 justafnisse

230 4356 444 4424 adeleeturum,
464 4350 510 4409 sin
531 4349 587 4410 illis
607 4346 646 4408 ”se
670 4349 863 4427 adjunxisset,
878 4350 1024 4429 adjutores
1038 4349 1209 4430 habiturum
1223 4373 1290 4412 suae
1304 4377 1361 4416 eu-

245 4446 385 4528 piditatis.
427 4442 478 4507 Ob
492 4441 557 4504 lraec'
570 4440 731 4504 illosvobis
740 4451 775 4506 'et
787 4442 927 4525 superiori
940 4452 1078 4524 tempore
1086 4453 1117 4505 et
1130 4445 1211 4508 nunc
1225 4449 1361 4528 predere.
1454 4439 1455 4446 ἵ
