2886 4946
320 562 475 627 LlBANll
497 562 799 625 ARGUMENTUM
822 563 1046 638 ORATIONIS

506 670 583 729 ,ΒΕ
604 669 835 730 CLASSIBUS.

169 831 245 880 Onro
257 847 358 888 rumore,
369 833 492 881 Persarum
506 833 594 894 Regem
605 830 779 893 expeditionem
793 831 870 879 moliri
881 831 993 880 adversus
1011 834 1115 887 Gmoos,
1126 830 1225 894 popolus

138 909 285 958 Atheniensis
293 911 484 964 tumultuatur,et
492 924 543 956 euru
553 923 680 956 oonroosre
688 910 791 964 Graecos,
802 915 850 954 turn
862 909 946 955 bellurn
959 909 1035 955 statim
1046 909 1131 955 iulerre
1141 923 1226 972 prope·

136 991 180 1032 rst-
212 987 382 1033 Demosthenes
391 992 466 1032 autern
475 984 567 1042 susdet,
577 1001 606 1032 ne
617 984 663 1046 ipsi
672 985 760 1046 priores
771 985 899 1045 insurgant,
909 985 951 1032 sed
960 1001 1000 1031 eos
1011 991 1149 1045 exspectare
1157 985 1226 1044 J'uhet
1284 1038 1291 1046 ι

138 1060 192 1108 dum
203 1062 255 1109 Rex
266 1062 322 1109 nori
330 1061 387 1122 quid
399 1069 502 1108 conetur.
519 1061 588 1108 Nuuo
599 1061 760 1121 enirn,inqnit,
769 1076 814 1108 non
824 1060 1015 1121 persuadebimus
1027 1051 1115 1108 Graecis
1126 1067 1152 1107 ut
1161 1059 1226 1107 souis

137 1136 256 1186 nobiscum
269 1154 331 1185 arms
338 1140 444 1199 jungant,
451 1153 502 1184 oum
514 1136 537 1183 iu
549 1142 599 1185 tuto
615 1137 688 1184 adhuo
699 1137 744 1184 sihi
753 1153 806 1185 esse
817 1137 953 1184 rideantur:
970 1144 1018 1182 turn
1030 1153 1086 1184 vero
1097 1136 1225 1198 perieulum

135 1215 210 1274 ipsurn
224 1231 263 1262 eos
276 1209 399 1264 nohisoisrn
409 1217 540 1275 conjunget.
574 1215 656 1260 Monet
666 1213 746 1274 igitur,
762 1219 787 1259 ut
798 1213 874 1274 quiete
890 1228 915 1259 ss
934 1213 1056 1268 instruant,
1066 1219 1090 1259 et
1101 1214 1130 1259 ad
1141 1213 1224 1260 belluna

136 1299 232 1350 parent3
249 1298 317 1351 atque
332 1291 403 1340 etism
420 1296 590 1356 commemorat,
602 1305 653 1349 que
671 1290 757 1335 debent
776 1303 829 1334 esse
842 1288 901 1334 ratio
912 1288 1084 1336 instructionis:
1101 1289 1163 1336 unde
1174 1289 1225 1351 oripi

134 1370 259 1430 συμμοριῶν
269 1368 344 1414 cretio
355 1375 392 1414 est
400 1366 513 1428 inscripta
518 1381 527 1424 ;
543 1379 596 1410 narn
607 1361 670 1425 apud
681 1364 772 1412 Atticos
782 1360 903 1426 eupapeopie,
911 1371 986 1411 coetus
997 1371 1021 1412 et
1031 1365 1089 1412 ordo
1100 1379 1181 1414 eornm
1192 1373 1229 1414 set

133 1443 172 1506 qui
180 1459 276 1492 munere
284 1443 380 1507 publius
390 1445 481 1488 obeunt.

459 1731 906 1868 Dnuosrrssurs
987 1782 991 1794 '
1083 1789 1084 1794 ‘

416 1959 500 2034 DE
540 1961 944 2037 CLASSIBUS

585 2061 780 2202 ORhTIO.

132 2279 151 2320 ·'
177 2286 205 2342 l.
227 2283 293 2351 Qur
314 2283 437 2362 majores
466 2294 576 2344 vestros
595 2284 727 2358 laudant,
749 2284 953 2358 Athenienses,
980 2287 1137 2360 instituere
1155 2291 1224 2361 mihi

133 2376 269 2436 ridentur
281 2378 439 2437 orationem
453 2377 735 2458 auditujucundam,
749 2397 807 2436 non
821 2397 857 2438 ea
871 2387 967 2437 tamen
986 2399 1072 2457 agere
1087 2401 1153 2459 quse
1168 2383 1224 2442 illis

134 2469 244 2546 prosint
252 2487 326 2547 quos
337 2469 499 2528 celebrant:
519 2488 661 2528 namnum
676 2468 710 2528 iis
725 2469 762 2528 de
776 2471 863 2529 rebus
877 2469 973 2530 dicere
983 2475 1137 2546 conemur,
1150 2494 1224 2552 quas

133 2561 298 2622 mortalium
309 2581 396 2628 nemo
409 2581 463 2641 pro
481 2562 621 2642 dignitate
635 2561 728 2642 possit
746 2562 900 2642 explicare,
914 2563 970 2642 ipsi
983 2565 1100 2641 quidem
1114 2566 1225 2645 opinio·

132 2671 200 2712 nem
213 2653 388 2733 eloquentiae
397 2664 626 2733 consequuntur;
642 2653 768 2714 efficiunt
777 2675 855 2726 vero,
865 2665 899 2714 ut
908 2657 998 2717 virtus
1007 2657 1120 2734 illorum
1133 2661 1224 2720 minor

131 2745 265 2806 videatur
278 2746 454 2806 auditoribus
468 2765 554 2826 quarn
569 2755 714 2826 putarant.
756 2749 820 2828 Ego
832 2769 900 2810 vero
914 2748 1111 2826 laudationem
1124 2772 1224 2812 eorum

132 2840 289 2899 maumam
308 2850 379 2920 puto
391 2839 487 2918 ipsum
506 2859 572 2900 esse
586 2849 713 2921 tempus,
731 2842 893 2922 quodcum
911 2863 969 2904 nou
982 2845 1118 2924 exiguum
1136 2846 1224 2906 inter·

131 2932 266 3004 cesserit,
274 2934 360 2992 rebus
369 2932 482 2991 illorum
498 2932 588 3013 gestis
602 2933 712 3012 m'ejora
724 2927 797 2992 nulli
811 2935 860 2994 alii
874 2936 1020 3016 suscipere
1034 2938 1163 3016 gerenda
1170 2959 1223 3018 po-

133 3031 262 3083 tuerunt.
305 3024 371 3102 ipse
390 3033 484 3082 autem
502 3024 643 3084 rationem
663 3024 807 3104 explicere
821 3027 958 3100 conabor,
981 3048 1040 3106 qua
1051 3048 1103 3088 vos
1117 3021 1224 3108 optime

132 3113 292 3177 instructos
306 3115 368 3174 sore
382 3135 519 3176 censeam
527 3136 536 3184 ;
559 3116 665 3176 etenim
676 3136 723 3176 res
737 3119 778 3176 ita
789 3137 820 3177 se
829 3117 936 3178 habet:
952 3119 982 3176 Si
993 3139 1047 3178 nos
1059 3139 1158 3180 omnes
1173 3122 1223 3202 qui

131 3211 220 3269 verba
229 3210 335 3270 lecturi
343 3229 442 3270 sumus
453 3211 621 3290 eloquentes
629 3211 789 3285 videamur,
799 3212 887 3288 nihilo
898 3231 944 3272 res
957 3224 1062 3272 vestrae
1076 3215 1147 3276 satis
1162 3217 1224 3278 scio

132 3313 220 3362 erunt
232 3302 384 3372 meliores;
406 3303 459 3363 sed
472 3303 497 3363 si
510 3323 596 3377 uuus,
611 3305 741 3382 quisquis
755 3304 803 3382 ille
815 3304 912 3376 fuerit,
926 3301 1096 3384 progressus
1118 3308 1222 3371 docere

130 3395 226 3478 possit
234 3406 265 3455 et
272 3395 402 3471 suadere,
412 3415 479 3474 qum
489 3395 651 3466 instructio,
666 3405 695 3456 et
704 3397 823 3475 quanta,
833 3396 950 3456 etunde
959 3410 1135 3479 comparata,
1145 3423 1222 3464 nunc

128 3489 454 3570 reipublic'ae'profutura
467 3488 1111 3562 essevideatur,omnishicmetusevanuerit.
1134 3497 1221 3562 Quod
1267 3533 1269 3538 ·

130 3602 196 3662 ego,
206 3584 231 3646 si
248 3584 336 3644 modo
350 3591 460 3663 potero,
475 3583 552 3643 dabo
570 3601 688 3668 operam
702 3592 734 3642 ut
754 3583 869 3657 faciam,
884 3603 978 3663 pauca
991 3577 1129 3666 praefatus
1143 3591 1222 3669 spud

130 3694 193 3750 vos,
204 3675 275 3757 quid
288 3677 325 3737 de
335 3677 415 3755 regio
423 3677 543 3754 negotio
553 3676 685 3736 sentiam.

172 3769 202 3826 2.
215 3771 280 3850 Ego
293 3769 424 3832 existimo
435 3787 620 3829 communem
633 3768 748 3830 hostem
763 3770 890 3829 omnium
907 3771 1075 3831 Graecorum
1087 3790 1152 3831 esse
1161 3773 1221 3833 Re-

132 3883 198 3942 gem
213 3865 388 3934 Persarum
410 3883 469 3923 non
482 3873 581 3924 umen
590 3873 744 3944 propterea
758 3864 908 3936 suaserim,
923 3864 976 3924 soli
989 3865 1121 3953 omnium⁴
1127 3884 1179 3924 vos
1188 3876 1223 3926 ut

132 3954 238 4015 bellurn
250 3969 354 4020 contre
365 3978 433 4018 eum
443 3957 619 4036 suscipiatis:
635 3956 814 4036 nequeenim
828 3958 907 4036 ipsos
918 3956 1039 4013 Graecos
1046 3944 1132 4015 'video
1140 3976 1221 4019 com-

134 4067 235 4108 munes
249 4051 322 4112 inter
336 4072 368 4112 se
382 4071 446 4111 esse
461 4050 586 4118 amic0s3
609 4050 663 4109 sed
676 4050 834 4109 nonnullos
847 4047 940 4126 magis
953 4040 1003 4105 ‘itti
1015 4046 1114 4122 fidere,
1133 4071 1220 4132 quam

132 4139 305 4220 qurisusdam
317 4163 444 4206 suorum.
487 4144 562 4209 Quae
576 4162 640 4202 cum
654 4143 695 4202 ita
704 4143 796 4213 sinte
810 4160 840 4199 re
854 4149 949 4198 vestra
956 4158 1021 4199 esse
1028 4160 1143 4216 censeo,
1155 4165 1221 4225 pro·

130 4232 236 4307 videre,
248 4245 284 4293 nt
292 4237 406 4314 justum
417 4237 465 4308 sit,
479 4235 558 4314 quod
569 4235 699 4313 capiatur
711 4233 781 4294 belli
795 4232 922 4300 initium
944 4242 1034 4313 utque
1048 4247 1221 4316 apparentur

130 4343 196 4404 quoe
209 4329 346 4386 conuenit
355 4330 459 4401 omnia,
470 4338 500 4388 et
512 4327 569 4387 hoc
582 4335 761 4408 proponatur
773 4324 810 4386 ad
824 4324 1054 4387 deliberandum.
1089 4329 1221 4391 Arbitror

131 4417 218 4498 euim,
227 4418 435 4496 Athenienses,
450 4418 579 4495 Graecos,
591 4420 616 4479 si
626 4419 790 4481 declaretur
804 4429 834 4482 et
846 4422 1031 4502 perspicuum
1044 4421 1104 4495 fiat,
1112 4419 1173 4482 fore
1186 4432 1220 4482 ut
