2920 4950
515 584 556 668 A
577 584 620 670 U
641 583 687 667 G
705 584 745 668 Ε
766 582 809 668 R
827 585 850 670 l

485 797 494 882 1
555 782 801 858 sunrrsss
829 757 835 766 *

219 913 222 920 ⁴
277 915 616 1038 onrnnrrmcns
644 969 840 1039 nnnnln
869 966 1086 1057 (curun).

327 1111 504 1222 Propositum
515 1144 585 1206 idem
597 1152 639 1207 est
652 1163 684 1206 cc
698 1145 813 1208 duouou
820 1143 1038 1220 precedentium.

562 1297 651 1354 Breve
659 1298 802 1356 aeratus
874 1315 876 1320 ·

168 1377 394 1472 lisuosrrsnnss
406 1417 441 1471 uh
456 1413 672 1474 Atheniensibus
691 1418 761 1488 petit
780 1418 913 1504 utipsum
933 1422 962 1475 et
984 1409 1051 1476 sitos
1068 1421 1104 1482 de
1121 1424 1231 1501 negcdo

129 1500 225 1570 magni
235 1500 369 1556 momenti
379 1501 518 1556 locuturos
529 1502 633 1554 attente
645 1500 776 1556 rudiunt..

588 1628 769 1704 Quaem.

167 1755 206 1805 10.
223 1749 342 1806 Occasio
360 1763 483 1819 presens
500 1751 620 1820 postulsd
631 1753 665 1804 nt
681 1751 863 1806 decernuntur
877 1751 937 1824 jem
948 1751 1061 1826 auxilie,
1077 1755 1110 1808 nt
1126 1753 1230 1811 bellum

134 1836 285 1904 apparetur
296 1847 379 1903 quum
387 1831 536 1897 celerrime,
547 1834 577 1884 et
588 1831 730 1885 mittantur
741 1831 878 1902 legationi
888 1833 948 1886 hseo
956 1834 1050 1888 dicant
1060 1839 1089 1888 et
1098 1835 1180 1891 rebus
1190 1838 1232 1892 ln·

131 1915 239 1982 insint,
249 1930 306 1985 quo
318 1929 416 1984 nempe
427 1913 561 1984 Philippo,
570 1914 628 1967 viro
636 1913 737 1968 callido
748 1918 778 1968 et
787 1913 817 1968 iu
826 1917 907 1970 rebus
918 1918 1043 1984 gerendis
1053 1919 1230 1989 dexterrimo,

133 1998 247 2053 chriam
258 2001 344 2051 eatur.

167 2083 210 2133 2⁰.
228 2077 362 2143 Quamvis
371 2075 516 2145 Philippus
529 2074 617 2128 multa
626 2074 727 2128 habeat
738 2075 899 2144 adjumenta
910 2078 944 2132 ud
960 2095 1004 2132 res
1015 2078 1129 2134 feliciter
1136 2097 1232 2150 geren·

134 2161 193 2227 dus,
204 2161 293 2214 mults
304 2159 387 2214 etiam
398 2158 482 2212 habet
491 2173 555 2226 quta
567 2156 620 2225 ipsi
631 2160 759 2223 noceant,
772 2158 985 2230 prohibeantque
998 2176 1032 2214 ne
1042 2177 1106 2215 cunr
1117 2162 1179 2232 ipso
1189 2181 1231 2228 re·

133 2242 315 2296 concilientur
326 2239 460 2309 Olynthii,
477 2239 605 2292 nimirum
621 2238 696 2310 quud
704 2255 757 2294 rex
774 2239 942 2311 essequod
962 2259 1025 2297 cum
1037 2246 1172 2299 nonnullis
1183 2247 1232 2316 qui

136 2339 200 2376 scas
211 2322 264 2392 ipsi
275 2322 359 2377 urbes
370 2321 542 2378 tradiderunt
553 2321 654 2390 perfide
664 2321 759 2389 egerit.

168 2410 209 2460 30.
227 2404 411 2460 Athenienses
422 2404 525 2458 dehent
535 2403 680 2478 pecuniam
692 2419 725 2458 eo
737 2403 865 2462 libentius
875 2405 997 2464 conterre
1007 2406 1101 2476 stipsi
1115 2408 1231 2464 militaro

136 2505 169 2543 eo
181 2488 309 2553 alacrius,
319 2486 394 2556 quod
406 2489 504 2555 sponte
513 2501 545 2540 se
554 2485 650 2540 oderat
659 2485 768 2538 occasio
779 2499 862 2555 quam
872 2488 998 2540 srdcnter
1006 2490 1179 2557 optaverunt,
1189 2493 1233 2545 ni-

136 2571 236 2624 mirum
248 2569 373 2638 Olynthii
383 2569 511 2638 Philippo
522 2567 562 2622 ita
569 2568 674 2621 inimici
685 2567 751 2621 tacti
760 2573 793 2628 ut
801 2569 882 2623 amici
889 2569 949 2638 jem
960 2569 1019 2623 fieri
1030 2572 1207 2640 nonpossint.

169 2657 210 2706 40.
228 2652 384 2707 Audientes
395 2651 517 2704 hortatur
527 2654 660 2704 oratorne
670 2651 841 2711 occasionem
853 2651 973 2704 oblatum
984 2653 1133 2720 negligant.
1160 2655 1234 2710 Non-

135 2734 224 2788 nullas
234 2733 318 2787 relert
324 2731 482 2786 occasiones
491 2748 554 2810 qne
562 2735 771 2810 praecesserunt,
780 2731 881 2802 quibus
892 2731 1023 2801 neglectis
1035 2733 1177 2804 Philippus
1188 2753 1235 2790 ru-

137 2817 217 2871 lidior
228 2816 319 2870 fuctus
330 2815 397 2869 tuit:
415 2830 480 2884 quse
492 2815 660 2868 documento
672 2817 738 2868 sunt
756 2829 791 2868 ne
807 2813 880 2868 hano.
898 2820 1072 2883 presentem,
1090 2820 1236 2886 praeteritis

139 2899 246 2964 moniti,
255 2898 340 2952 velint
348 2897 484 2950 omittere.
1044 2955 1046 2959 ι

169 2985 210 3035 50.
228 2979 309 3050 Ipsos
323 2983 418 3034 mouet
428 2982 461 3034 ut
471 2978 523 3034 diis
534 2981 618 3046 agant
627 2978 729 3046 suess
740 2978 775 3030 ob
792 2979 908 3049 socepts
921 2978 982 3048 jsru
995 2977 1136 3045 benedicis,
1146 2984 1176 3034 et
1186 2982 1235 3036 cb-

137 3065 194 3118 lats
202 3077 278 3116 nnnc
290 3077 355 3132 quae
366 3063 488 3130 ipsorum
499 3059 695 3128 negligentium
706 3065 895 3130 compensent.
923 3061 971 3116 Ab
982 3059 1049 3130 ipsis
1056 3063 1140 3116 etium
1151 3067 1235 3132 mque

137 3146 219 3200 etism
230 3143 303 3214 petit
314 3143 348 3198 ul
356 3143 515 3212 impressam
527 3142 562 3196 ob
572 3158 614 3195 res
629 3142 700 3198 ursle
719 3143 919 3200 administratas
930 3143 1086 3211 ignominia
1096 3146 1235 3214 maculam

138 3229 240 3294 eluant,
255 3241 292 3280 ne
310 3225 342 3293 si,
360 3225 498 3280 destitutis
519 3223 665 3293 Olynthiis,
684 3225 838 3293 Olynthum
855 3226 985 3282 everterit
999 3225 1150 3297 Philihluls
1167 3227 1235 3284 nihil

134 3312 191 3382 jum
203 3313 285 3366 illum
293 3314 445 3364 remoretur
455 3308 604 3380 quominus
616 3311 661 3364 ecl
668 3325 725 3378 quo
735 3309 809 3364 velit.

171 3399 211 3450 60.
230 3393 340 3448 Viridis
348 3392 462 3462 exponit
473 3391 609 3450 coloribus
620 3391 757 3460 quomodo
765 3390 814 3450 ille
821 3406 872 3450 rex
890 3405 1006 3460 mugnus
1017 3391 1236 3456 eurseriteuude

137 3477 291 3548 periculum
304 3479 348 3529 est
368 3490 404 3528 ne
421 3473 533 3528 tandem
552 3473 655 3530 bellurn
670 3475 706 3528 ed
716 3473 898 3532 Athenienses
907 3475 1009 3540 veniet,
1027 3474 1156 3544 ipsisque,
1166 3477 1235 3529 dum

137 3559 264 3614 socordes
276 3562 366 3622 erunt,
378 3561 407 3612 et
418 3557 464 3612 illc
476 3557 533 3610 otio
544 3570 599 3613 non
614 3557 716 3626 poerit
725 3557 910 3630 acquiescere,
923 3558 958 3612 de
969 3573 1021 3612 sno
1035 3558 1157 3628 ipsorum
1168 3574 1235 3628 egro

138 3642 172 3696 sit
183 3641 379 3696 dimicandum.
470 3684 472 3692 ,
1101 3687 1104 3693 ,

171 3727 210 3782 70.
228 3723 256 3780 Α
268 3721 469 3792 vituperatione
484 3735 580 3776 eorum
599 3737 662 3790 qnae
676 3721 755 3786 finnt.
772 3721 870 3778 cussit
880 3721 917 3776 sd
932 3723 1096 3780 mntentism
1105 3720 1190 3778 libere
1206 3725 1237 3778 et

135 3807 213 3860 nulla
223 3804 269 3860 sni
286 3804 379 3860 hubila
389 3803 494 3860 ratione
507 3803 626 3860 dandam
638 3803 674 3860 de
690 3803 723 3861 iis
737 3819 803 3874 quse
819 3803 877 3858 heri
892 3802 1004 3860 debent.
1037 3802 1142 3856 censet
1152 3801 1237 3870 igitur

137 3888 284 3944 mittendus
295 3901 355 3942 esse
366 3885 461 3956 copias
472 3902 534 3955 quae
547 3891 576 3942 et
586 3885 888 3954 Olynthiosdesendact
897 3888 926 3940 et
933 3883 1056 3954 Philippi
1064 3899 1179 3952 regnum
1188 3885 1237 3939 ds-

140 3973 256 4028 sssteut.
293 3969 431 4024 Neutrum
444 3967 1020 4038 emneriueuduubrssirercemomnst.

173 4056 211 4107 8⁰.
231 4052 279 4108 De
290 4050 409 4123 pecunia
418 4051 602 4122 comparanda
621 4049 754 4122 loquitur.
784 4049 842 4108 Hic
861 4050 1146 4120 usuuuruuouses
1157 4056 1236 4107 suut.

140 4132 323 4192 Athenienses
340 4133 518 4191 decreverant
528 4135 559 4190 iu
576 4133 702 4198 arctinus
714 4133 861 4204 quotannis
881 4133 1029 4190 deferenda
1039 4134 1112 4188 mille
1123 4136 1237 4204 tuleuts,

139 4217 256 4272 condeta
262 4217 416 4288 presertim
428 4232 466 4272 ex
478 4217 601 4290 pecuniis
610 4219 756 4278 sociorum.
774 4215 953 4283 Promnlgsts
966 4220 1026 4272 eret
1038 4217 1131 4272 mortis
1141 4233 1237 4288 poens,

139 4299 232 4368 siquis
244 4301 407 4356 decerneret
417 4300 489 4356 hanc
500 4300 646 4370 pecuniam
656 4301 694 4360 sd
705 4300 780 4358 uliud
791 4298 982 4355 insumendam
998 4315 1081 4368 quum
1096 4304 1129 4354 ut
1144 4301 1237 4354 hostes

139 4386 327 4441 crederentur
338 4383 374 4440 ab
385 4383 540 4441 invadenda
547 4383 655 4444 ,etc‘ea
686 4383 742 4438 Sed
753 4397 821 4442 mox
833 4381 952 4450 Pericles
964 4383 1064 4454 aliique
1076 4381 1234 4452 reipuhlicse

140 4464 289 4520 mministis
308 4470 502 4536 permeserunt
513 4469 546 4519 ut
557 4468 654 4524 eedem
666 4466 726 4520 haec
736 4466 859 4536 pecunia
869 4465 905 4521 sd
916 4465 989 4522 duos
995 4465 1091 4518 ohotos
1103 4463 1176 4533 plebi
1188 4462 1237 4516 eli·
