2912 4946
405 281 449 374 IN
471 277 706 341 ONETOREM
729 273 848 337 11qu
868 271 913 334 VI
934 271 977 334 11.
1180 271 1241 336 509

136 435 435 525 judieiosustulirse,
447 443 542 496 testes
567 433 608 494 rei
630 441 739 511 grisros
755 429 839 491 vobis
857 427 1015 488 adducam.
1057 421 1141 505 Cape
1159 413 1242 486 testi·
1339 389 1342 396 .

142 549 282 596 munium.

412 846 437 860 ,.
538 754 846 818 rrsrruoururu.

143 861 272 965 Constat
294 902 394 981 igitur,
417 900 611 980 eum'riginti
642 900 728 962 minis
752 899 835 960 sedes
858 851 1066 979 oppigneratus
1089 894 1247 976 indicasse,

16 985 19 990 ¹
141 995 287 1077 praedium
302 995 426 1066 talento,
446 1004 477 1054 et
498 993 583 1073 quasi
601 992 755 1072 octoginta
767 991 863 1052 minas
877 989 1008 1051 dedisset
1020 989 1263 1050 controversiam

141 1090 234 1150 fuisse
247 1089 405 1148 facturum.
439 1085 535 1156 'Quod
549 1085 877 1165 igitur'mendaciorum
896 1083 961 1164 ejus
973 1081 1159 1149 manifestius
1173 1079 1248 1139 iudi-

141 1183 221 1242 cium
244 1179 510 1262 requiritis‚·quam
526 1177 698 1256 quodcum
721 1196 802 1237 nunc
825 1176 907 1236 aliud
924 1192 1013 1256 qurum
1034 1172 1116 1248 initio
1141 1170 1248 1232 dixisse

144 1272 279 1334 consuit
288 1272 375 1331 Mihi
384 1271 502 1350 quidem
515 1271 573 1330 hoc
586 1270 701 1330 nullum
714 1269 831 1331 ridetur
840 1268 963 1330 inveniri
976 1286 1064 1348 posse
1074 1265 1248 1354 evidentius.

143 1421 146 1426 .
186 1369 216 1426 3.
238 1363 432 1432 Considerate
445 1361 534 1444 igitur
547 1361 674 1423 hominis
687 1360 912 1441 impudentiam,
927 1363 977 1442 qui
990 1362 1072 1441 apud
1085 1380 1139 1421 ros
1153 1360 1249 1420 dicere

131 1477 236 1524 :ausus
246 1456 312 1532 suit,
326 1476 359 1519 se
373 1465 484 1537 quanto
497 1455 530 1516 id
538 1454 577 1515 sit
590 1453 680 1534 pluris
694 1473 782 1534 quem
797 1451 910 1527 talenti,
919 1472 958 1514 eo
969 1472 1016 1513 me
1029 1472 1091 1513 non
1103 1453 1250 1536 fraudere,

146 1551 236 1630 idque
252 1568 323 1612 cum
342 1547 433 1630 ipsius
455 1547 726 1608 testimsticnemou
745 1545 903 1626 sitpluris.
944 1545 1025 1614 Quid
1039 1544 1117 1606 enim
1131 1539 1250 1630 tibiis,-

146 1643 228 1712 ¹luisti
241 1661 311 1704 cum
324 1638 506 1722 autelriginti
520 1639 704 1703 ministedes
712 1639 918 1721 oppigneratas
931 1658 998 1716 csse
1012 1637 1250 1722 iudicares,.dum

148 1735 406 1818 octogiutaminas
420 1735 553 1815 petebas,
568 1734 592 1794 si
607 1733 750 1814 predium
767 1732 853 1814 pretii
873 1732 992 1813 majoris
1004 1731 1070 1814 t'uit.
1085 1750 1120 1792 sc
1132 1749 1201 1791 mon
1221 1731 1251 1792 in

149 1849 185 1892 ec
198 1829 295 1910 aptius
317 1827 406 1898 etism
428 1826 480 1888 iile
500 1825 561 1888 duc
581 1825 671 1887 millia
688 1825 894 1889 drachmarum
908 1823 1252 1902 collocastiirAnuere,

146 1921 284 1986 cirmtibi
297 1922 393 1982 uisum
411 1918 500 1980 fuerit
512 1939 616 1980 omnes
634 1919 752 2000 Aphobi
771 1938 843 1997 opes
863 1919 948 1992 tucri,
968 1917 1252 2002 tuuc‘proediumts-

149 2013 224 2072 lenti
237 2013 381 2078 duntaxat
392 2011 457 2085 eui,
468 2023 499 2072 et
511 2011 591 2072 ardes
601 2011 720 2073 duobus
730 2009 940 2070 drachmarum
952 2009 1080 2070 millibus
1093 2009 1254 2096 esstimatas

149 2105 307 2186 adjunges,
328 2115 359 2166 et
375 2103 606 2184 dos.0cmginta
627 2102 833 2176 misererem,
846 2113 878 2162 et
897 2102 1029 2184 utrisque
1052 2102 1140 2183 potiri
1152 2093 1253 2165 voles:

149 2210 253 2278 contra
264 2199 315 2258 ubi
327 2198 382 2266 tibi
393 2198 472 2261 istuc
484 2216 544 2258 non
552 2195 804 2278 expedietmdes,
814 2195 899 2277 quod
905 2214 963 2276 ego
975 2214 1026 2256 ess
1035 2194 1141 2269 habeo,
1149 2195 1254 2278 talenti

149 2300 247 2361 crum,
268 2289 301 2356 id
317 2309 388 2352 vero
407 2289 487 2371 quod
509 2289 546 2350 de
566 2289 681 2370 ,predic
703 2297 846 2368 superest,
868 2307 929 2350 nen
951 2288 1081 2365 minoris.
1092 2287 1146 2348 erit
1166 2291 1253 2366 quam

149 2376 278 2450 duorum
289 2383 444 2458 talentum,
454 2391 492 2446 ,ut
504 2402 562 2464 ego
574 2383 716 2452 damnum
725 2381 945 2462 istidarefnon
954 2379 1034 2442 effici
1047 2382 1130 2442 abeo
1141 2380 1253 2461 injurie,

150 2474 268 2537 ridear?
284 2475 400 2548 uides,
415 2483 449 2536 ut
470 2483 500 2536 te
520 2473 646 2537 dedisse
658 2476 760 2536 dotem
781 2475 911 2548 simules,
933 2487 976 2536 ac'
991 2486 1021 2535 te
1041 2475 1159 2536 dedisse
1173 2476 1256 2536 nulla

151 2587 271 2648 prursus
286 2568 399 2628 ratione
413 2568 573 2649 appareat?
604 2569 665 2629 Res
680 2570 758 2630 euim
772 2587 850 2629 verre
863 2567 1121 2654 nullaquefrsude
1135 2568 1255 2650 concin-

151 2671 245 2735 natam·
255 2661 433 2741 simpliciter,
446 2671 486 2724 ut,
494 2661 577 2724 initio
591 2671 685 2742 geste
697 2672 776 2737 suut,
789 2662 832 2723 its
845 2672 985 2725 manent:
1007 2673 1041 2722 tu
1053 2681 1123 2724 vero
1137 2671 1256 2728 contra·

150 2754 228 2820 rium
239 2752 346 2818 secisse
359 2743 540 2816 couviuoeris
554 2753 594 2814 ad
607 2773 662 2814 uus
675 2754 706 2813 in
720 2753 798 2815 illius
810 2754 933 2835 gretiam
944 2754 1242 2835 circumscribendos„

195 2849 226 2903 4.
239 2845 307 2906 dam
320 2865 359 2906 ex
371 2844 514 2924 hisquele
524 2842 738 2925 jusjurandum,
751 2845 778 2905 si
792 2847 860 2923 quis
876 2845 1015 2927 deferret,
1025 2848 1147 2924 juraret,
1156 2839 1257 2930 ridere
1270 2875 1275 2885 ι

154 2946 200 2998 cst
213 2957 311 3024 operm
322 2937 458 3020 pretium.
499 2937 559 3006 Qui
571 2939 650 2998 euim
667 2937 927 3018 octogiutamiaas
937 2937 1219 3013 dixitdotemesse,
1233 2941 1263 3024 si

154 3029 220 3108 quis
233 3039 297 3092 tum
317 3029 345 3090 ei
361 3029 600 3110 ,targitusesset
621 3041 653 3090 ut
672 3031 744 3092 dato
758 3029 949 3112 jurejurando
963 3049 1078 3111 serere
1096 3031 1188 3110 loqui,
1207 3021 1257 3094 ces

155 3123 293 3198 auferret,
307 3122 450 3204 quidnam
472 3123 698 3188 facturusue?
732 3123 839 3184 Nonne
858 3132 974 3184 constat
994 3143 1062 3185 eum
1077 3123 1168 3207 fuisse
1180 3143 1258 3204 ,pra-

154 3219 332 3282 missurum?
356 3217 447 3303 ⁴Quid
460 3217 539 3280 euim
553 3217 645 3290 dicet,
667 3238 720 3280 cur
742 3237 786 3278 se„
798 3227 861 3278 tum
875 3218 1144 3299 juraturumiuisse
1158 3207 1259 3300 neget,

155 3331 222 3372 cum
236 3331 316 3372 nuuc
330 3311 504 3390 terminique
518 3309 668 3391 postulet?
704 3311 907 3392 Pejersturum
925 3310 1014 3391 igitur
1033 3311 1258 3394 interemisse

155 3405 253 3484 arguit
261 3424 270 3474 ;
279 3403 330 3483 qui
343 3400 422 3464 nuuc
436 3423 497 3464 uon
505 3403 656 3483 octogiuta
665 3403 770 3476 mines,
782 3404 834 3466 sed
844 3403 988 3465 talentum
998 3423 1030 3464 se
1040 3403 1158 3466 dedisse
1168 3405 1258 3467 dicat.

156 3482 216 3565 Q'ui
237 3496 332 3576 magis
345 3496 434 3576 igitur
450 3513 529 3568 eum,
546 3497 571 3556 si
584 3496 762 3576 conjecturis
776 3496 923 3577 egendum
937 3507 993 3570 est,
1007 3496 1037 3557 in
1056 3496 1114 3557 illis
1127 3517 1214 3579 quam
1227 3497 1260 3559 ia

155 3588 200 3648 his
212 3593 408 3668 pejeraturum
422 3580 616 3658 existimetis?
632 3587 699 3656 vAut
713 3587 785 3669 quid
798 3588 837 3650 de
851 3583 887 3649 ec
894 3592 962 3666 jure
975 3589 1075 3650 sentiri
1087 3598 1194 3670 potest,
1207 3590 1259 3672 qui

156 3679 264 3760 ipsese
278 3680 397 3763 perjurii
411 3681 496 3742 facile
511 3680 699 3742 manifestum
711 3681 802 3742 iacit?

198 3776 229 3832 5.-
246 3774 287 3833 At
299 3774 424 3835 fortasse
437 3793 498 3834 non
513 3775 554 3834 sic
567 3775 606 3834 ab
619 3793 659 3834 ec
671 3773 875 3840 administrata
887 3784 957 3836 sunt
968 3774 1045 3851 brec,
1055 3794 1113 3835 nec
1126 3775 1258 3858 undique

37 3943 39 3948 Ι
121 3937 123 3942 ,
157 3876 325 3928 commenta
335 3868 400 3948 ejus
420 3867 543 3949 patent?
567 3867 626 3927 imo
644 3877 678 3927 et
693 3867 811 3948 Aphobi
827 3869 939 3930 talenta
953 3868 1034 3948 litem
1047 3867 1215 3941 aestimavit,
1229 3881 1260 3930 et
1302 3883 1308 3891 ·

156 3961 220 4040 ipsc
233 3959 265 4020 id
278 3979 310 4020 se
323 3958 408 4021 nobis
420 3958 601 4021 redditurum
617 3959 796 4040 spopondit?
828 3959 888 4022 Sed
907 3960 1101 4036 considerate,
1117 3959 1176 4022 hoc
1195 3981 1260 4026 esse

158 4049 333 4124 testimonio,
354 4070 414 4112 noa
435 4051 524 4117 modo
544 4050 699 4112 mulierem
722 4071 787 4114 esse
811 4052 930 4133 Aphcbi
951 4053 1202 4122 matremfamilias
1229 4066 1262 4116 et

156 4145 247 4205 istum
260 4145 377 4216 sibene
390 4165 510 4226 cupere,
525 4145 579 4206 sed
589 4143 688 4206 dotem
702 4144 790 4206 etiam
805 4163 865 4207 uon
876 4165 941 4207 esse
955 4157 1147 4208 numeratam.
1185 4146 1259 4217 Qu'is

158 4239 236 4300 enim
249 4238 401 4312 hominum
412 4239 457 4302 ita
467 4239 576 4302 stultus
592 4248 647 4311 est,
667 4239 717 4318 qui
735 4248 818 4300 tenta
835 4241 962 4320 pecunia
975 4240 1056 4315 dats,
1067 4255 1135 4323 post
1148 4241 1260 4320 praedio

159 4341 349 4408 controversa
372 4351 426 4412 pro
444 4331 566 4414 pignore
591 4343 724 4414 accepto,
738 4341 843 4413 preter
862 4352 898 4394 ee
917 4332 1026 4395 damna
1038 4355 1104 4415 qum
1116 4334 1198 4414 prius
1216 4333 1259 4393 fe·

158 4423 309 4506 cerisque
323 4424 492 4504 injuriarum
511 4435 642 4502 auctore,
656 4436 796 4507 tanquam
809 4445 862 4508 pro
875 4420 952 4490 bene
966 4427 1128 4500 merito„.se
1143 4425 1258 4509 judice·
