2886 4946
137 295 140 310 '
222 329 280 393 ιιο
471 323 534 387 ne
550 317 812 386 euomonun
830 274 1080 382 ιιιιιιιιιιιι

220 475 290 539 ditis
302 474 496 552 considerate,
510 487 626 540 rectene
649 497 722 558 ego
719 477 763 537 de
775 475 821 536 his
836 485 964 568 ιιιιιιιιιιι
980 493 1022 534 eu
1032 485 1155 534 secus.
1172 464 1320 549 liquidem

220 571 408 642 existimem
430 572 507 651 Regi
530 567 627 632 omnia
640 581 706 650 quse
719 569 841 629 instituit
852 562 884 628 ιιι
898 570 1026 649 AEgypto
1039 565 1163 626 feliciter
1178 562 1320 630 succede*¹

221 674 295 738 rent,
311 665 492 726 Artemisiam
507 665 593 726 valde
603 663 738 724 daturam
751 663 840 722 fuisse
855 681 973 742 operam
983 671 1018 720 ut
1031 659 1171 720 Rhodum
1184 677 1212 714 er
1203 657 1317 715 'trude-

222 765 275 828 ιιι,
286 774 346 816 non
358 767 420 816 tem
434 777 470 816 ex
482 757 685 817 benevolentia
698 774 769 834 erge
783 755 908 834 Regem,
921 771 1009 832 quern
1024 764 1066 825 ut,
1076 752 1101 812 si
1117 749 1166 810 ille
1175 767 1266 827 prope
1277 748 1321 828 ip·-

223 868 286 907 sem
299 859 472 920 versaretur,
487 868 595 927 magno
609 847 751 908 beneficio
766 847 821 907 sibi
834 865 901 906 eum
916 846 1069 924 obligaret,
1082 841 1319 918 summoquebe-

221 940 385 1001 nerolentie
394 941 567 1001 devinciret:
578 950 734 1020 postquem
741 959 809 999 vero
818 939 859 999 ite
867 957 934 998 cum
946 955 981 998 eo
990 933 1319 1016 agiturutdicitursuis-

221 1052 278 1112 que
292 1035 444 1094 conatibus
456 1035 506 1094 ille
516 1035 670 1093 frustretur
680 1043 736 1106 est,
750 1033 924 1106 existimare,
937 1032 969 1091 id
982 1031 1062 1110 quod
1070 1049 1117 1090 res
1129 1027 1184 1101 est,¹
1194 1027 1318 1087 insulem

222 1125 299 1186 hunc
313 1128 343 1186 in
356 1127 514 1205 presentie
526 1127 603 1205 Regi
617 1128 655 1186 ed
668 1126 741 1185 nihil
752 1125 908 1185 aliudesse
928 1125 1045 1192 utilem
1061 1123 1118 1182 'sed
1132 1120 1212 1180 uelut
1225 1139 1319 1180 urcem

220 1237 285 1277 esse
299 1220 382 1297 regni
396 1220 451 1292 sui,
464 1239 529 1298 quae
543 1221 642 1280 obstet
651 1217 692 1278 'ne
706 1219 777 1298 quid
788 1219 856 1297 ipse
866 1217 934 1276 novi
951 1213 1095 1276 molietur.
1137 1215 1239 1279 Quare
1252 1213 1321 1272 milri

220 1309 339 1387 quidem
356 1311 479 1382 ridetur,
495 1312 580 1372 melle
594 1312 779 1372 erobiseem
789 1309 893 1382 teneri,
906 1328 925 1368 o
937 1309 1079 1387 sepelorn
1098 1325 1158 1366 non
1170 1305 1318 1378 intrem,

218 1419 306 1480 quern
320 1403 433 1482 Regem
444 1404 582 1484 cepotiri.
606 1402 669 1463 lriro
682 1423 720 1462 ue
735 1403 898 1483 adjuturam
912 1401 1030 1479 quidem
1039 1408 1130 1481 puto:
1144 1407 1195 1460 eut
1204 1398 1320 1457 temetsi

221 1493 278 1554 hoc
295 1496 406 1568 lecerit,
421 1497 548 1575 segniter
561 1507 592 1556 et
604 1497 731 1557 tenuiter
746 1497 900 1556 faetorem.
943 1495 1021 1554 Nam
1033 1493 1071 1552 de
1085 1512 1165 1570 rege,
1181 1491 1257 1550 scire
1274 1509 1320 1548 me

220 1585 291 1665 quid
304 1587 329 1647 is
343 1589 475 1648 lemures
489 1590 537 1659 sit,
547 1589 628 1648 haud
642 1588 777 1667 equidem
791 1587 973 1656 affirmarimr
994 1586 1046 1646 sed
1057 1605 1074 1644 e
1084 1583 1236 1664 republica
1244 1602 1319 1655 esse,

214 1689 257 1782 ἰιι
264 1679 326 1757 jem
341 1689 544 1783 cognoscetur,
559 1690 654 1739 utrum
671 1680 722 1738 ille
732 1679 913 1738 Rhodiorum
927 1679 1030 1737 urbem
1044 1677 1098 1736 sibi
1111 1675 1318 1736 vendicatores

222 1770 310 1830 sitan
324 1791 393 1842 non,
392 1769 445 1828 id
465 1787 522 1850 ego
535 1771 716 1832 affirmarim:
738 1790 806 1830 uam
822 1771 847 1829 si
866 1789 932 1829 eem
954 1771 1008 1830 sibi
1019 1767 1193 1839 vendicerit,
1205 1787 1268 1827 nou
1286 1768 1320 1826 de

223 1861 348 1932 Rhodiis
357 1863 467 1933 solum,
482 1864 535 1923 sed
552 1861 590 1922 de
608 1863 780 1987 vobisipsis
793 1872 882 1976 etque
896 1862 971 1922 eden
994 1863 1033 1922 de
1047 1861 1160 1921 Grecis
1174 1860 1319 1932 omnibus,

221 1955 276 2014 erlt
283 1955 513 2014 deliberandum

263 2049 293 2106 7
311 2047 416 2124 Neque
429 2066 508 2120 vero,
517 2049 541 2107 si
554 2065 606 2126 per
616 2045 788 2122 semetipsos
799 2003 937 2104 tenerent
947 2015 1049 2106 urbem
1067 2047 1119 2124 qni
1136 2063 1216 2106 nuuc
1233 2029 1265 2104 in
1286 2065 1322 2106 ee

220 2147 288 2198 scut
301 2138 419 2212 Rhodii,
433 2157 582 2198 censerem
592 2155 692 2196 eorum
703 2135 900 2194 defensionem
908 2137 1135 2214 suscipiendam,
1144 2138 1261 2198 temetsi
1270 2157 1320 2197 vo·

217 2231 264 2292 bis
278 2233 558 2292 emesenorum
570 2229 794 2308 pollicerentur:
813 2226 1009 2330 qnippe'qpes
1021 2228 1137 2286 rideam
1138 2229 1321 2306 ,primumut

220 2326 389 2432 popularem
404 2333 513 2384 statum
527 2329 689 2382 everterent
691 2320 854 2398 ,quosdam
868 2319 962 2378 sibi
938 2338 1016 2378 erres
1030 2319 1218 2394 adjunxisser
1240 2340 1277 2380 ec
1289 2341 1320 2381 re

217 2420 279 2500 jem
302 2419 446 2490 confecta,
460 2415 619 2476 eosdem
595 2414 735 2494 ejecisse:
756 2428 823 2472 cum
843 2411 1054 2490 igiturneutris
1068 2411 1163 2471 fidem:
1171 2415 1320 2485 serverim,

222 2531 280 2576 nec
287 2512 370 2572 robis
383 2510 539 2570 eosfirmos
547 2507 714 2566 foreeocios
725 2499 869 2584 putarem
911 2505 1013 2580 Atque
1030 2503 1126 2562 haec
1110 2523 1263 2582 nunqnam
1278 2507 1321 2566 di

220 2603 336 2676 xisrem,
349 2603 376 2662 si
389 2621 426 2661 ee
439 2599 494 2660 soli
507 2599 689 2659 Rhodiorum
697 2595 1102 2678 populoprodessepmterem
1125 2595 1230 2674 Neque
1242 2617 1320 2658 emm
1432 2601 1433 2608 ’

220 2694 269 2756 vel
281 2693 431 2772 publicum
441 2693 488 2752 rel
496 2691 640 2771 privatum
653 2708 721 2749 cum
732 2689 794 2748 ullo
807 2707 908 2747 eorum
921 2687 1078 2765 hospitium
1096 2687 1166 2746 milri
1177 2698 1234 2750 cst.
1277 2691 1320 2750 Ac
1432 2699 1433 2776 ff

221 2786 337 2847 temetsi
353 2786 458 2844 horum
479 2793 633 2862 utrumque
654 2791 743 2853 esset,
759 2800 820 2840 non
839 2790 939 2840 temen
954 2779 1019 2838 hoec
1034 2779 1214 2851 dicerem,
1185 2781 1243 2840 msi
1258 2801 1275 2840 e
1289 2802 1320 2842 re
1432 2785 1433 2806 ³

219 2888 318 2939 vestra
331 2895 393 2937 esee
403 2877 572 2937 crederem:
584 2895 653 2935 nam
664 2873 856 2934 Rhodiis-ri
866 2883 965 2933 temen
974 2873 1040 2932 hrec
1048 2891 1067 2930 a
1079 2872 1233 2932 defensore
1244 2875 1322 2933 sulu-

219 2973 257 3033 tis
267 2983 367 3030 eorum
377 2970 437 3030 diei
445 2971 491 3030 les
505 2969 646 3029 est-iste
658 2967 799 3028 eccidisse
813 2965 1007 3046 gaudemqui,
1017 2965 1109 3025 dum'
1097 2985 1145 3046 Jus
1160 2973 1321 3026 restrume

219 3063 303 3125 robis
312 3081 475 3142 recuperari
467 3060 623 3136 invident
635 3081 719 3122 suem
727 3061 891 3122 libertatern
899 3058 1100 3138 perdiderunt.
1142 3059 1321 3138 Cumqueli-

219 3157 328 3217 emeret
336 3156 379 3216 eis
389 3155 557 3216 societatem
566 3173 651 3232 ιιιιιο
656 3154 723 3235 jure
734 3153 801 3213 eu'ru
814 3151 927 3211 Grecis
938 3161 969 3212 et
976 3152 1129 3212 vobiscum
1139 3172 1190 3234 qur
1182 3152 1257 3214 'illis
1268 3174 1321 3214 nu·

219 3247 353 3310 tecellitis
367 3249 473 3318 eolere,
488 3245 624 3308 Barbaris
637 3255 670 3307 et
682 3245 783 3318 serris,
797 3264 870 3325 quos
884 3245 915 3303 in
928 3263 1011 3304 arces
1020 3264 1165 3325 recepere,
1180 3247 1321 3307 serviunt.

218 3342 263 3400 Ac
277 3360 377 3419 parum
387 3345 471 3403 ebert
482 3346 554 3423 quin
567 3343 672 3416 dicam,
687 3345 711 3403 ei
725 3363 779 3402 vos
789 3361 841 3402 eos
849 3340 999 3417 juvabitis,
1011 3341 1068 3400 hoe
1080 3342 1137 3401 illis
1152 3343 1241 3402 etiem
1254 3363 1320 3423 pro·

220 3433 328 3492 inmte:
350 3453 419 3493 nem
432 3436 501 3494 durn
515 3457 561 3496 res
575 3437 650 3496 bene
665 3444 808 3516 gererent,
823 3433 923 3494 neseio
938 3453 975 3493 an
987 3450 1115 3512 unquem
1129 3434 1216 3494 bonne
1230 3437 1321 3496 menti

219 3526 364 3600 litassent,
374 3544 440 3586 cum
454 3530 512 3588 sint
522 3529 649 3597 Rhodii;
670 3529 724 3588 sed
735 3549 767 3589 rc
780 3529 846 3608 ipsu
858 3527 971 3607 experti
984 3538 1072 3607 etque
1086 3529 1195 3602 edocti,
1209 3531 1319 3590 multo·

219 3619 281 3690 rirrp
292 3619 433 3678 melorum
447 3619 603 3680 amentiam
616 3622 715 3681 multis
726 3639 846 3682 causent
855 3620 1005 3694 exsistere,
1013 3621 1076 3680 fieri
1085 3620 1212 3684 semesae
1220 3631 1320 3701 potest

155 3767 157 3776 ,
219 3723 253 3772 nt
267 3711 369 3774 ficut
361 3731 392 3770 ιιι
405 3723 555 3792 posterum
568 3713 772 3814 prudentiores
785 3724 816 3774 et
834 3712 1035 3772 modestiores.
1077 3713 1173 3780 Quem
1187 3735 1245 3793 ego
1259 3736 1321 3776 rem

218 3807 260 3866 eis
272 3823 334 3866 uon
346 3823 455 3885 perum
453 3807 679 3913 profuturam
657 3825 723 3866 esse
737 3807 880 3866 ιιιιιιιιιο.
923 3805 1068 3864 Derdam
1082 3815 1180 3867 eutem
1199 3827 1320 3886 operam

217 3919 334 3972 censeo,
354 3909 389 3958 ut
402 3899 471 3958 hi'
445 3899 498 3958 riri
511 3909 727 3972 conserventur,
741 3899 894 3960 obliterate
915 3897 1054 3957 memoria
1074 3897 1254 3974 injuriarum,
1267 3901 1319 3960 de-

217 3990 293 4049 betis
318 3992 394 4050 eninr
415 3991 557 4072 cogitare,
571 4011 623 4056 vos
644 3991 731 4051 etiem
743 4011 822 4072 soepe
839 3990 959 4050 multis
952 4011 982 4049 ιιι
1002 3991 1089 4050 rebus
1111 3993 1148 4051 eb
1165 3991 1317 4052 insidiato·

218 4082 299 4145 ribus
313 4103 379 4145 esse
389 4085 539 4165 deceptos,
555 4102 677 4164 querum
690 4083 778 4144 ullius
791 4104 811 4144 e
822 4084 903 4144 vobis
917 4103 1020 4164 poenes
1030 4077 1234 4163 eirigiaequum
1254 4104 1316 4145 esse

218 4173 376 4253 negabitis.

257 4269 285 4325 8.
307 4265 382 4334 Quin
403 4266 475 4327 illud
496 4273 582 4330 etism
603 4271 710 4342 videte,
726 4269 934 4342 Athenienses,
949 4269 1029 4348 quo'd
1051 4270 1145 4328 multe
1163 4289 1217 4330 vos
1237 4269 1312 4331 belle

216 4358 363 4438 gesseritis
377 4367 480 4418 contre
488 4370 519 4418 ct
530 4362 732 4422 Democroties
742 4371 772 4421 et
779 4361 974 4440 Oligerclrias,
983 4361 1073 4441 idque
1085 4363 1117 4421 et
1123 4361 1181 4440 ipsi
1201 4362 1308 4422 nostis:

216 4451 267 4508 sed
280 4451 385 4528 quibus
397 4450 434 4510 de
446 4453 544 4520 censis
556 4453 697 4514 adversus
710 4462 845 4533 utresqioe
859 4454 969 4516 bellum
985 4465 1100 4538 gestum
1115 4465 1169 4528 ert,
1179 4455 1217 4515 id
1226 4473 1307 4517 uerno
