2912 4946
310 385 314 391 .
363 339 538 399 couran
562 293 919 399 rarsroorrouan
936 339 959 399 1.
1162 301 1265 398 ιιι
1332 351 1340 355 ‘

118 501 216 556 tamen
231 511 281 553 aas
296 492 468 566 animantes,
483 503 516 552 ut
529 493 668 562 videritis,
684 491 779 552 statim
795 491 947 571 occidetis.
970 491 1018 550 Ad
1029 490 1155 551 eundem
1168 490 1224 570 igi·

116 585 308 658 turmodum,
322 585 529 658 Athenienses,
540 587 628 666 etiam
642 605 711 645 cum
726 585 975 658 calumniatorem,
988 594 1018 644 et
1032 585 1178 656 acerbum,
1191 591 1223 642 et
1245 617 1247 625 ι

118 689 226 738 natura
247 679 414 757 serpentina
435 677 590 759 praeditum
611 679 758 738 hominem
778 678 918 751 videritis,
938 697 977 736 ne
1000 678 1069 737 dum
1092 686 1222 736 vestrum

85 837 88 842 ,
118 771 253 850 singulos
266 770 401 831 mordeat
421 780 603 852 exspectate,
618 771 671 831 sed
689 771 798 850 primur
820 770 954 850 quisque,
967 769 1018 849 qui
1032 770 1062 828 in
1086 789 1153 828 eum
1177 768 1223 827 in·

116 862 232 940 ciderit,
247 863 416 924 ulciscatur.
984 858 988 864 ’

159 957 213 1012 22.
233 955 282 1014 Ac
297 954 450 1035 Lycurgus
463 954 631 1016 Minervam
645 955 811 1015 obtestatus
825 961 925 1028 est,·et
937 963 1060 1014 matrem
1074 954 1173 1026 deum,
1191 951 1222 1012 in

116 1066 179 1126 quo
192 1055 272 1106 recte
282 1046 371 1107 fecit:
394 1048 448 1108 scd
459 1067 516 1127 ego
526 1039 650 1128 majores
658 1058 782 1124 vestros,
792 1057 823 1108 et
832 1047 967 1107 muntem
978 1047 1093 1107 illorum
1103 1046 1222 1120 invoco,

115 1159 241 1218 quorum
255 1141 423 1202 memoriam
436 1141 521 1202 nulla
533 1141 590 1200 aevi
610 1140 808 1226 longinquitas
823 1141 997 1203 obliteravit.
1018 1140 1083 1200 Nec
1103 1139 1220 1220 injuria.
1235 1133 1239 1140 ’

118 1233 149 1291 N
150 1253 189 1292 on
200 1233 276 1292 enim
285 1233 329 1292 ita
337 1234 469 1312 rempub.
484 1234 635 1313 gerebant,
646 1244 680 1293 ut
689 1223 910 1312 improbissimis
920 1244 951 1294 et
963 1232 1222 1298 calumniatoribus

116 1345 149 1385 se
163 1325 313 1406 adjutores
327 1327 499 1410 proebcrenlt,
516 1344 612 1406 neque
626 1325 703 1384 intra
713 1327 854 1405 pomoeria
866 1325 946 1386 urbis
954 1335 1056 1385 mutua
1065 1345 1096 1384 se
1110 1322 1222 1384 invidia

115 1417 328 1500 conficiebant,
343 1419 396 1478 sed
410 1427 452 1478 ut·
463 1427 527 1478 tum
541 1429 684 1490 oratores,
698 1428 760 1478 tum
773 1419 907 1480 homines
921 1419 1051 1500 plebeios
1070 1417 1222 1477 modestos

114 1522 148 1572 et
160 1513 256 1571 bonos
267 1509 461 1584 honorabant,
473 1511 515 1572 ita
527 1511 676 1591 improbos
687 1521 718 1572 et
728 1511 855 1572 audaces
868 1512 1002 1585 oderant,
1010 1521 1041 1570 et
1049 1510 1221 1590 puniebant.

114 1603 207 1664 Unde
217 1597 419 1674 omneereluti
433 1603 547 1684 pugiles
562 1605 889 1685 honestorumopar'um
904 1606 1099 1666 amormuni.

153 1701 215 1758 23.
231 1698 334 1765 Unum,
344 1697 433 1767 mem
446 1697 496 1758 uhi
512 1699 625 1770 dixero,
640 1697 784 1759 desinam.
806 1727 808 1732 ·
826 1697 949 1758 Exibitis
964 1697 1063 1758 statim
1080 1717 1097 1756 e
1117 1695 1221 1764 curia;

115 1790 265 1871 spectabit
273 1785 328 1850 ros
339 1803 452 1851 corona
470 1801 503 1851 et
510 1791 661 1871 hospitum
674 1802 706 1858 et
716 1779 836 1864 cisium,
849 1800 958 1851 etcum
970 1790 1076 1850 viritim
1087 1789 1222 1868 singulos

111 1891 328 1963 pretereuntes
341 1882 543 1957 intuebuntur,
557 1904 597 1944 ex
616 1884 698 1945 saltu
713 1882 879 1964 conjicient,
897 1883 1018 1963 quinem
1031 1883 1224 1944 absolverint.
1238 1923 1243 1936 .

113 1977 198 2044 Quid
208 1977 296 2055 igitur
305 1975 420 2048 dicetis,
432 1976 637 2048 Athenienses,
648 1978 676 2036 si
686 1976 801 2056 legibus
813 1977 955 2055 neglectis
965 1973 1130 2036 exiveritisi
1152 1977 1221 2040 Quo

112 2068 213 2140 vultu,
226 2078 278 2128 ant
289 2069 397 2148 quibas
409 2068 506 2128 oculis
524 2069 642 2132 illonrrn
655 2088 801 2147 quamque
817 2068 945 2128 vicissim
963 2067 1130 2149 arpinatis?
1151 2071 1221 2136 Quo

111 2163 208 2244 pacto
227 2157 403 2222 tabularium
422 2161 636 2240 ingrediemini,
649 2161 676 2221 si
692 2161 767 2240 quid
781 2161 909 2221 soletis?
930 2161 1035 2241 Neque
1048 2162 1126 2222 enim
1150 2164 1221 2240 pro?

109 2256 195 2316 secto
208 2261 338 2314 vestrum
348 2242 504 2334 quisquam
517 2253 706 2336 ingredietur,
718 2254 804 2333 quasi
816 2255 898 2333 leges
907 2265 979 2314 rare
992 2255 1061 2330 sint,
1073 2254 1130 2314 nisi
1139 2273 1221 2314 nune

110 2347 290 2409 confirmata
312 2347 428 2414 illarum
446 2347 621 2428 auctoritate
633 2347 828 2408 communiter
845 2366 951 2407 ornnes
968 2349 1123 2409 exiveritr'r.
1151 2347 1220 2417 Quo

112 2442 207 2518 pacto
221 2438 358 2510 ‚tamdia
370 2457 473 2499 arcem
483 2438 634 2522 ingressus
645 2440 774 2520 quisque
788 2439 956 2519 precabitur
976 2433 1058 2514 deos,
1074 2450 1108 2501 ut
1120 2451 1153 2501 et
1163 2443 1219 2501 rei-

109 2527 244 2612 publice
253 2541 287 2590 et
297 2530 352 2591 sibi
364 2531 425 2592 siat
437 2531 564 2612 propitii,
579 2531 604 2591 si
616 2531 672 2592 iste
686 2533 726 2592 ibi
739 2532 828 2592 fuerit
840 2534 1008 2612 inscriptus,
1020 2545 1052 2594 et
1062 2543 1146 2614 pater
1154 2537 1219 2616 ejus

109 2622 273 2702 egregiust
296 2623 395 2686 Siros
414 2633 519 2684 canna
526 2623 746 2705 jusjurandum,
761 2635 792 2686 et
805 2625 892 2686 sitam
905 2625 944 2684 ibi
965 2626 1137 2706 scripturam
1150 2649 1219 2710 pro·

110 2713 324 2776 nunciaveritis
334 2714 358 2775 i.
368 2716 430 2790 Aut
440 2717 513 2796 qrrid
526 2716 640 2792 dicetis,
650 2717 868 2778 Atheniensesi
890 2717 971 2786 Quid
983 2719 1101 2794 dicetis,
1113 2722 1138 2782 si
1153 2725 1220 2803 quir

107 2806 169 2870 vos
178 2807 299 2888 ‘rogitat
310 2809 439 2888 cognitis
451 2810 485 2870 iis
497 2810 551 2891 qui
565 2811 776 2875 absoluerunt?
795 2811 878 2882 Quid
889 2813 1125 2893 respondebitis!
1149 2815 1220 2878 Pla·

107 2919 185 2961 cera
203 2900 292 2960 istum
313 2901 417 2962 ¹robis?
439 2901 480 2962 lit
492 2903 558 2983 quis
578 2904 610 2964 id
624 2903 722 2965 dicere
741 2923 800 2964 uon
818 2905 986 2969 verebitur?
1005 2906 1079 2973 Quis
1099 2918 1146 2968 est
1168 2911 1220 2986 qui

32 3067 36 3070 ,
104 2983 206 3054 istim'
213 2991 406 3054 hereditatem
425 2995 631 3076 improbitatis,
650 3003 721 3056 carn
735 2998 937 3058 exsecratione
957 2998 988 3056 et
1008 2997 1129 3058 infamia
1146 3019 1220 3060 cen·

99 3087 237 3167 juncte,
255 3085 339 3147 edne
359 3086 438 3162 velit,
457 3107 494 3150 ac
515 3107 576 3148 non
595 3090 694 3169 potius
712 3091 779 3170 ipsa
792 3088 881 3148 illuni
896 3089 1094 3150 condemnare
1114 3091 1219 3154 maliti

104 3178 417 3259 Eneoeaminitgiur
439 3182 561 3260 eosqui
583 3182 772 3256 absolverint,
793 3191 826 3242 et
844 3183 1045 3261 unusquisque
1066 3203 1102 3244 eo
1125 3185 1218 3248 veluti

105 3272 241 3356 pignore
253 3272 378 3347 meiat,
391 3291 429 3341 aa
444 3273 499 3333 illo
518 3293 551 3334 ee
569 3295 769 3335 cameracen
782 3275 943 3338 niumm.
958 3277 1153 3358 thuorsum
1172 3288 1218 3342 ab·
1267 3333 1271 3339 .

102 3369 190 3428 tinet
202 3364 283 3424 istud
296 3364 402 3439 facere,
416 3385 484 3426 cum
496 3369 572 3428 bene
587 3370 699 3447 precari
709 3368 808 3441 liceat,
823 3379 854 3430 et
867 3369 1002 3432 omnibus
1010 3373 1110 3432 omnia
1117 3373 1219 3437 fausta
1327 3405 1328 3410 ¹

103 3469 146 3521 et
156 3456 259 3518 felicia
272 3467 384 3536 optare,
403 3465 434 3518 et
451 3479 504 3522 ros
516 3461 574 3540 ipsi
587 3461 670 3522 robis
684 3460 766 3541 ipsis,
785 3471 819 3522 et
829 3464 921 3522 ceteri
941 3463 1133 3528 Athenienses
1152 3472 1217 3528 ani-

102 3551 193 3614 versi
203 3545 315 3612 v'obisi
334 3551 464 3626 Addam,
475 3562 508 3612 et
520 3553 661 3635 hospites,
675 3565 706 3615 et
719 3555 812 3628 liberi,
824 3565 855 3616 et
868 3576 984 3617 uxores.
1007 3557 1117 3620 Invasit
1126 3561 1216 3635 enim,
1302 3599 1304 3604 ·

56 3640 68 3648 ’
100 3642 224 3706 invasit
244 3643 345 3703 omnes
364 3644 449 3706 istius
466 3645 757 3727 nefariafcuriositaa
770 3657 801 3708 et
813 3665 915 3712 omues
925 3649 1050 3732 cupiam
1061 3651 1146 3716 trous
1161 3653 1217 3716 irn-

98 3735 261 3821 prohitate
271 3735 399 3814 liberari,
412 3739 627 3804 etmalctaturn
641 3759 709 3803 eum
721 3740 830 3803 ridere.
