2912 4946
225 293 286 352 nr
346 262 364 346 ,’
475 291 698 377 ¹¹eorrrns
726 293 1017 357 rinocarmn.

208 444 451 528 peccantinviti,
463 447 549 508 venie
561 445 682 508 concedi
691 450 788 522 debet,
791 468 858 510 non
869 449 906 510 iis
920 452 968 530 qui
982 451 1019 511 de
1031 449 1215 580 industriaet
1228 470 1264 510 ex
1273 450 1306 510 in·

222 540 303 601 sidiis
311 537 497 644 delinquunt3
519 539 549 597 id
559 540 638 617 quod
648 549 678 599 te
691 561 770 600 nunc
779 542 880 602 faeere
894 550 1051 630 constat.

190 663 195 680 ι
226 635 312 691 ·.13
333 630 486 692 Sedenim
509 630 546 691 de
566 630 612 692 his
636 651 707 692 mox
731 631 866 708 dicam,
854 625 924 762 jam
940 652 1009 694 vero
1029 573 1198 764 sequentem
1225 629 1307 740 recita

221 726 328 806 legem.
733 749 735 754 ·

311 873 314 878 “
722 901 812 961 nex.

252 1046 279 1094 si
289 1045 342 1108 quis
353 1041 489 1107 supplicarit
499 1041 525 1089 in
536 1047 627 1098 senata,
637 1049 677 1089 ιιιι
690 1043 751 1102 apnd
763 1022 884 1104 populum,
895 1041 926 1090 iis
938 1044 968 1091 de
979 1045 1047 1091 rebus
1058 1049 1154 1107 prepter
1164 1060 1221 1105 quas
1232 1045 1269 1094 rel
1276 1046 1309 1105 jn·

222 1123 318 1177 dicium,
330 1121 368 1168 sel
385 1125 486 1173 senatus,
498 1119 536 1165 rei
547 1119 649 1179 populns
660 1118 759 1179 siiqnem
772 1119 899 1177 damnarit,
914 1120 933 1167 si
946 1119 998 1180 ipss
1014 1121 1110 1167 aersrins
1125 1119 1259 1181 prinsquam
1270 1122 1310 1168 soi·

218 1199 280 1248 verit
291 1195 437 1259 supplicarit,
452 1193 513 1242 setin
523 1194 548 1240 in
560 1209 612 1241 enrn
623 1194 701 1248 detur,
717 1193 814 1255 perinde
825 1208 852 1240 rc
863 1193 884 1240 si
897 1194 949 1254 quis
962 1193 1058 1240 serarius
1068 1193 1093 1241 in
1105 1189 1219 1242 Heriem
1239 1211 1264 1242 se
1277 1195 1309 1242 in·

221 1283 303 1340 perat
317 1273 358 1320 Sin
367 1271 420 1332 quis
431 1271 491 1318 alins
503 1286 546 1331 pro
557 1270 639 1317 rsrsrio
650 1269 809 1318 intercesserit
816 1259 950 1330 prinsqnnrn
959 1269 980 1316 is
990 1270 1096 1325 solverit,
1106 1264 1198 1317 bons
1177 1279 1228 1330 eJn's
1240 1271 1310 1318 omnis

218 1351 375 1422 publicentur.
400 1345 441 1418 Sin
451 1345 577 1408 praesidurn
589 1345 673 1434 siiqqis
687 1346 782 1392 dederit
790 1345 861 1392 alieni
873 1346 1054 1407 suffragiorum*
1044 1363 1092 1406 Jns,
1103 1345 1154 1394 sire
1156 1347 1215 1409 ipsi
1226 1347 1310 1404 araris,

219 1429 270 1478 sire
279 1423 350 1472 alieni
361 1438 404 1485 pro
415 1411 443 1469 eo
456 1421 601 1508 deprecanti,
611 1421 746 1506 priusquam
759 1421 879 1478 solverit,
872 1421 1039 1494 ignominiosus
1051 1429 1110 1470 este.

220 1503 348 1614 DidiciIe
360 1547 457 1624 suerit,
471 1545 677 1619 Athenienses,
695 1545 734 1606 de
748 1547 882 1606 omnibus
894 1515 1026 1624 legibus,
1043 1547 1150 1626 quibus
1168 1547 1225 1607 iste
1243 1567 1309 1608 con-

218 1645 308 1705 traria
322 1613 462 1712 decrerit,
482 1637 642 1698 disserere:
663 1638 688 1698 si
706 1647 805 1698 temen
819 1639 857 1706 de
878 1637 941 1698 nlla
956 1635 1052 1698 dicere
1074 1641 1311 1718 operaepretium

219 1746 278 1805 est,
289 1732 327 1792 de
339 1731 406 1802 hec,
421 1748 487 1807 quse
501 1729 590 1790 modo
601 1738 647 1788 est
656 1723 792 1807 recitata,
802 1728 889 1789 fuerit
902 1729 1050 1807 inprimis.
1072 1730 1150 1789 Nam
1159 1731 1210 1810 qui
1220 1731 1311 1809 legem

216 1810 520 1896 hnnc,'Athenienses,
535 1820 611 1894 tulit,
625 1830 710 1896 norat
722 1820 933 1880 humanitatem
942 1830 972 1880 et
982 1821 1168 1882 clementiam
1178 1832 1312 1895 vestram,

218 1928 249 1980 et
269 1912 477 1996 propterhanc
491 1911 608 1971 videbat
628 1911 658 1970 in
678 1911 777 1970 multis
795 1930 849 1972 vos
870 1914 956 1972 rebus
978 1913 1056 1972 ultro
1073 1915 1137 1993 jam
1158 1915 1313 1992 aliquando

115 2001 119 2006 ’
217 2025 326 2086 magna
337 2001 572 2063 damnafecisse.
594 2002 646 2061 Ne
654 2003 742 2082 igitur
751 2002 840 2061 ullam
854 2021 973 2062 eausam
986 2003 1172 2086 relinqueret,
1182 2024 1243 2082 qua
1256 2026 1313 2066 res·

215 2097 335 2208 publiea
351 2093 519 2166 laederetur,
533 2114 584 2154 eos
607 2094 657 2172 qui
676 2087 804 2154 convicti
821 2094 948 2173 iegibus,
966 2097 1119 2170 sententia,
1134 2097 1314 2176 judicioque,

217 2191 385 2297 injuriarum
406 2187 536 2246 damnati
548 2195 658 2262 essent,
671 2196 736 2247 vest
736 2207 777 2247 ra
724 2187 926 2248 tfacilitate
941 2188 997 2247 frui
1009 2189 1114 2261 noluit,
1134 2200 1251 2294 arrepta
1265 2211 1314 2250 oc-

217 2284 336 2350 casione
350 2277 538 2360 deprecandi,
551 2288 581 2338 et
596 2263 706 2339 vobis'
698 2298 729 2337 ιιι
743 2280 826 2339 malis
847 2279 1049 2360 supplicandi;
1072 2280 1126 2340 sed
1138 2282 1257 2342 omnino
1271 2282 1316 2342 in·

216 2375 346 2448 terdixit,
356 2392 393 2432 ne
401 2371 463 2431 vel
456 2390 530 2450 ipse,
540 2370 587 2430 vel
597 2390 752 2450 quisquam
763 2371 850 2448 alsus,
859 2391 911 2450 pro
921 2373 1029 2432 talibus
1037 2374 1084 2433 vel
1095 2375 1186 2434 rerba
1194 2375 1316 2450 iaceret

216 2467 264 2528 rel
284 2463 489 2535 intercederet,
506 2481 541 2522 ac
551 2462 639 2541 jussit
651 2476 763 2536 omnes,
772 2462 856 2542 juste
870 2470 944 2542 'quae
958 2473 1038 2536 sunt,
1051 2464 1169 2525 silentio
1182 2469 1314 2544 exsequi.

218 2559 250 2618 si
272 2557 336 2635 quis
359 2555 449 2632 igitur
460 2572 513 2632 ros
527 2563 620 2632 roget,
634 2554 707 2613 utris
730 2555 826 2633 potius
842 2556 964 2634 obsequi
984 2555 1316 2637 malletis,‚quacunque

160 2699 165 2721 ,
216 2651 248 2710 in
260 2668 303 2721 re,
317 2647 559 2725 supplicantibus,
573 2666 611 2704 an
625 2647 846 2726 imperantibus,
856 2648 922 2719 ,scio
942 2641 1006 2723 v'os,
1022 2649 1257 2728 supplicantibus
1272 2672 1316 2711 rc-

92 2731 95 2736 ’
176 2793 181 2798 .
216 2739 387 2821 sponsatos.
410 2737 479 2797 Hoc
492 2737 569 2798 enim
582 2739 721 2799 bonitatis
736 2747 791 2810 est,
806 2739 880 2799 illud
893 2734 1026 2818 iqnaviae.
1049 2741 1091 2798 At
1110 2741 1193 2820 leges
1214 2763 1316 2803 omnes

206 2829 692 2912 ,imperanuquidiaciendumsit:
710 2830 759 2909 qui
769 2849 839 2890 vero
851 2831 1108 2892 sordidati‘olivam
1117 2835 1316 2912 praetendunt,
1413 2911 1421 2922 ι

215 2923 389 3004 supplicant.
416 2921 505 2987 Quod
520 2921 544 2980 si
559 2922 723 2999 supplicare
736 2941 797 2982 non
811 2921 889 2990 licet,
905 2924 1001 3002 legem
1021 2943 1087 2983 cum
1106 2921 1230 3003 imperio
1245 2947 1317 2985 con-

210 3018 346 3098 junctam
369 3010 517 3072 inculcare
537 3012 659 3072 licebiti
694 3013 837 3091 Equidem
860 3031 919 3072 non
944 3013 1058 3093 opinor.
1073 3010 1075 3014 ’
1090 3015 1208 3076 Etenim
1230 3026 1317 3096 turpe

214 3109 312 3179 inerit,
331 3125 398 3185 quse
410 3123 466 3162 nec
480 3103 665 3180 gratificandi
678 3105 777 3163 studio
792 3105 988 3165 condonanda
1001 3099 1137 3182 censetis,
1150 3109 1181 3168 in
1198 3109 1258 3181 his,
1274 3111 1318 3169 in·

214 3199 281 3260 ritis
292 3197 386 3265 vobis,
400 3213 435 3253 ea
448 3193 542 3252 sinere
554 3191 670 3264 confici,
682 3211 749 3270 quse
762 3195 881 3271 quidam
896 3194 1007 3255 volunt.

258 3292 306 3348 14.
327 3285 432 3346 Recita
445 3283 552 3362 legem,
566 3301 633 3361 quae
646 3283 723 3342 hanc
733 3284 834 3344 ordine
850 3281 994 3362 sequitur.
1038 3295 1041 3307 '

690 3490 694 3500 ¹
716 3498 802 3562 LEX

249 3661 340 3723 Qnibns
351 3661 381 3708 de
393 3661 463 3707 rebus
468 3659 582 3726 judiciem
589 3660 653 3720 prins
664 3661 758 3716 tactum,
768 3664 808 3706 ant
817 3659 1064 3717 ntinnes·relstm,snt
1072 3662 1184 3726 suffragia
1194 3663 1243 3712 ists
1254 3673 1319 3722 sunt,

216 3742 267 3790 sire
278 3737 308 3787 in'·
316 3737 415 3799 Jndicio,
422 3735 477 3783 ‘sive
487 3735 597 3796 privatim
608 3737 660 3784 sire
671 3735 774 3797 publice,
785 3737 825 3782 'sut
840 3750 887 3798 qus
899 3738 929 3784 de
939 3752 965 3784 re
977 3737 1095 3799 pubiicum
1105 3728 1233 3798 'sennenn
1244 3742 1326 3790 interdr

215 3815 296 3872 cessit,
307 3815 337 3861 de
347 3813 384 3870 bis
400 3828 430 3859 ne
446 3811 508 3860 sctis
518 3812 587 3859 dator
597 3812 735 3872 injudicio,
753 3826 827 3871 neque
844 3813 1033 3862 ueremrircrum
1044 3813 1169 3876 quisqam
1184 3817 1321 3876 deeemito,

215 3905 291 3953 neque
301 3904 409 3938 accusare
420 3887 513 3936 sinunto
524 3903 560 3945 en,
571 3903 623 3950 qnte
633 3888 698 3949 leges
710 3888 860 3936 interdicunt.

215 4014 394 4074 Timocrates
402 4019 480 4084 vero,
491 4023 638 4092 tamquam
647 4011 846 4098 testimonium
855 4033 973 4074 suerum
982 4014 1151 4096 injuriarum
1163 4017 1321 4091 scriberet,

213 4105 315 4166 statim
328 4105 410 4166 initio
423 4125 485 4195 quae
498 4104 578 4184 legis·
590 4106 637 4165 his
650 4104 885 4165 contrariarum.
919 4107 998 4166 Nam
1017 4105 1069 4166 ille
1084 4127 1145 4167 non
1164 4109 1322 4180 concedit,

215 4195 322 4283 quibus
336 4195 373 4254 de
392 4198 478 4256 rebus
493 4197 584 4257 semei
606 4196 759 4277 injudicio
773 4197 886 4258 sitista
905 4197 1062 4272 sententia,
1084 4198 1123 4260 de
1146 4199 1194 4260 his
1213 4200 1322 4260 denno

109 4325 114 4332 ·
217 4288 335 4359 referre,
355 4289 622 4366 aut'respondere:
643 4289 699 4350 iste
719 4310 788 4351 vero
809 4290 924 4351 etiamsi
945 4291 1010 4370 quis
1032 4290 1099 4370 iege
1117 4303 1171 4352 aut
1193 4292 1320 4352 decreto

217 4379 373 4440 damnatus
381 4378 484 4453 inerit,
495 4382 523 4441 ei
536 4383 675 4462 populum
689 4383 868 4464 respondere
877 4381 972 4464 jubet,
985 4395 1017 4446 ut
1028 4384 1183 4461 sejudicio
1194 4384 1319 4482 decreta
