2932 4952
105 289 116 314 t
194 259 257 322 398'
473 249 642 320 CONTRA
671 249 1008 320 aeternaitatem

194 429 260 475 esse
271 407 391 474 dicunt?
404 409 447 472 ld
454 409 535 492 quod
549 422 585 474 et·
593 411 630 474 de
645 409 820 472 Charidemo
839 401 1132 493 perpct'aotecerun't
1151 399 1296 471 caraea

197 501 451 576 Quemadmodum
466 514 497 564 ot
507 504 560 583 ipsi
569 501 741 573 fatebimini,
754 503 778 563 si
792 523 828 563 ex
837 505 974 563 melanto
984 503 1063 562 illius
1072 501 1252 563 audiveritis.

206 620 210 630 ·
237 602 287 659 37.
308 599 383 667 Quae
401 597 488 676 igitur
500 595 583 656 miles
598 595 713 668 adhuc,
724 591 964 666 dumlunrlitoris
977 597 1059 656 initio
1072 606 1103 656 et
1113 596 1214 654 ¹velitis
1227 613 1295 654 rnen

195 711 268 752 nere
287 692 470 770 fungeretur,
482 698 585 748 contra
597 697 726 748 nostram
740 687 949 768 rempublicam
963 689 1042 748 bello
1055 687 1134 758 lecit,
1148 688 1299 746 conlator

190 781 318 862 ¹injurias
337 799 478 840 numero:
506 779 570 844 nec
587 779 658 840 illud
689 780 785 852 etiam,
806 781 885 859 quod
912 775 1120 860 myoparonem
1142 779 1303 859 piraticum·

197 885 312 948 nactus,
325 883 438 934 vestros
457 873 553 932 socios
576 872 763 952 depraedatus
783 873 849 932 luit.
880 873 1060 933 Sedcrnitto
1079 873 1153 932 haec.
1181 873 1311 937 Quam-·

199 966 318 1028 obrem?
340 963 419 1030 Quia
428 963 612 1024 necessitatis
626 963 670 1022 vis
684 972 715 1021 et
727 961 836 1042 inopia,
849 963 1051 1042 cogitationes,
1061 963 1132 1041 quid
1146 981 1183 1021 ex
1197 962 1310 1021 officio

199 1059 246 1134 sit,
269 1058 340 1138 quid
364 1054 628 1132 conha·lofficium,
647 1053 725 1116 tollit
742 1055 910 1116 universas·
935 1055 1032 1124 Quare
1052 1056 1146 1135 iniqui
1167 1054 1307 1114 censoris

199 1149 296 1223 suerit,
310 1149 375 1209 hac
389 1147 487 1208 omnia
501 1146 666 1212 accuratius
684 1146 723 1206 ad
743 1145 875 1208 calculos
891 1165 1037 1208 revocare.
1065 1149 1126 1208 Sed
1147 1167 1213 1207 cnm
1227 1147 1315 1224 tam:
1389 1187 1392 1192 -
1462 1149 1463 1152 ’

200 1244 369 1323 auspicatus
382 1257 509 1318 praesse
524 1236 718 1308 mercenariis,
731 1247 762 1296 et
774 1239 917 1317 quosdam
932 1235 1109 1298 milites'sub
1122 1257 1155 1299 se
1171 1237 1316 1306 hahens,-

200 1335 259 1395 vos'
274 1333 360 1405 laesit,
373 1332 439 1391 haec
451 1351 488 1390 ex
506 1351 553 1390 me
572 1329 679 1390 audite.
702 1330 763 1390 lete
783 1331 906 1410 primum
925 1333 1051 1391 omnium
1071 1332 1235 1392 conductus
1256 1332 1311 1390 ab

183 1455 185 1462 ·
201 1429 359 1508 Iphicrate,
370 1444 437 1485 curn
449 1424 618 1504 plusquam
629 1422 790 1482 triennium
801 1425 857 1484 sub
869 1443 905 1484 eo
915 1423 1061 1504 stipendia
1073 1425 1199 1497 lecisset,
1212 1427 1316 1502 post-i

202 1539 290 1600 quam
300 1516 420 1597 imperio
434 1514 572 1594 iphicrati
586 1516 737 1592 abrogato,
751 1515 935 1576 Timotheum
949 1537 1017 1576 curu
1026 1517 1146 1596 imperio
1155 1515 1306 1576 adversus

203 1609 398 1690 Amphipolim
420 1617 452 1666 et
469 1607 685 1666 Chersonesum
707 1607 878 1685 ablegastis,
901 1607 1025 1686 primum
1044 1599 1317 1688 Amphipolitanos

204 1703 332 1772 obsides,
354 1720 429 1779 quos
441 1698 467 1760 ei
482 1699 520 1758 ad
533 1698 758 1760 custodiendum
780 1699 940 1778 Iphicrates
953 1709 1091 1779 acceptos
1106 1703 1149 1760 ab
1167 1699 1310 1778 Harpalo

203 1789 375 1863 tradiderat,
389 1791 497 1869 quique
511 1809 547 1848 ex
561 1798 656 1848 vestro
670 1791 929 1850 senatusconsulto
939 1792 980 1852 ad
991 1811 1044 1850 vos
1059 1793 1191 1853 mittendi
1202 1803 1309 1866 erant,

206 1883 416 1964 Amphipolitis
437 1881 576 1949 restituit;
597 1901 727 1959 quaeres
748 1883 869 1955 obstitit,
884 1903 921 1946 ae
936 1883 1308 1966 Amphipolisteaperetur.

206 1976 333 2059 Deinde,
352 1995 420 2036 cum
440 1974 612 2033 Timotheus
625 1994 692 2034 eurn
712 1974 810 2034 denuo
829 1994 895 2034 curn
910 1973 1119 2055 ejusexercitu
1131 1977 1309 2039 conducere

206 2071 306 2140 vellet,
319 2068 347 2128 ei
368 2087 449 2128 suam
464 2085 582 2144 operam
596 2065 694 2125 locare
712 2066 817 2138 noluit,
835 2067 889 2128 sed
908 2087 980 2128 cum,
997 2070 1103 2128 vestris
1123 2071 1242 2128 navibus
1258 2072 1310 2130 ad

207 2165 314 2243 Cotym
324 2160 475 2240 profectus
487 2169 545 2229 est,
555 2176 645 2235 quem
657 2159 741 2218 robis
761 2159 890 2218 omnium
907 2160 1056 2234 hominurn
1070 2161 1310 2222 inimicissimum

155 2265 157 2270 '
206 2261 273 2317 e'sae
286 2253 449 2338 certissimo
461 2251 584 2326 sciebat.
606 2251 714 2311 Postea
731 2271 800 2310 cum
816 2251 970 2312 Timotheo
981 2255 1077 2314 visum
1096 2265 1174 2314 esset
1187 2253 1311 2316 belluni

207 2346 476 2428 Amphipolitanuru
490 2342 569 2423 prius
588 2343 743 2416 conficere,
758 2363 844 2422 quam
860 2345 1075 2409 Chersonesum
1096 2347 1226 2426 aggredi,
1248 2367 1326 2408 ore-³

208 2462 266 2522 que
279 2440 321 2498 ibi
332 2437 438 2497 laedere
452 2455 504 2496 ros
517 2444 628 2513 posset,
642 2435 740 2494 denuc
754 2455 834 2495 suam
849 2456 967 2516 operam
983 2437 1133 2517 Olynthiis
1144 2438 1232 2510 locat,
1245 2437 1310 2500 iui-

208 2535 291 2595 micis
304 2531 419 2602 vestris,
432 2529 521 2589 ethis
534 2529 584 2608 qui
599 2538 660 2588 tum
673 2529 870 2618 Amphipolim
883 2530 1072 2600 obtinebants
1094 2534 1234 2610 quodum
1248 2555 1314 2596 na-

208 2626 298 2704 uigat,
313 2623 488 2681 Cardiacom
497 2620 623 2690 naribus
635 2640 782 2699 egressus,
793 2632 827 2680 ut
838 2631 941 2682 contra
951 2639 1004 2684 vos
1017 2643 1098 2683 arma
1111 2625 1206 2696 terret,
1220 2646 1239 2684 a
1253 2646 1313 2687 ve-

209 2717 278 2776 stris
287 2715 451 2774 triremibus
463 2722 566 2790 captus
575 2723 632 2770 est.
659 2713 719 2770 Sed
728 2713 797 2790 quia
805 2713 946 2792 temporis
954 2714 1031 2774 illius
1041 2715 1114 2774 ratio
1124 2718 1311 2794 postulabat,

210 2806 391 2870 etmilitibus
415 2804 452 2863 ad
467 2803 735 2882 Amphipolitauurn
754 2803 862 2862 bellum
884 2807 1026 2884 agebatis,
1044 2825 1109 2866 cum
1130 2809 1313 2886 plectendus

211 2909 299 2974 esset,
313 2908 375 2958 tum
388 2895 467 2974 quod
478 2895 558 2954 robis
568 2895 683 2954 obsides
698 2895 951 2970 nontradidisset,
964 2907 1025 2956 tum
1040 2897 1120 2976 quod
1139 2900 1179 2958 ad
1193 2901 1312 2982 Cotym

211 2995 327 3062 hostem
337 2999 465 3049 restrum
478 3005 545 3047 curn
560 2987 662 3046 restris
672 2987 794 3057 naribus
809 2989 1029 3067 transfugisset,
1040 2990 1098 3049 fide
1117 2991 1187 3052 data
1202 3004 1237 3052 et
1255 3015 1316 3056 ac-

201 3095 309 3164 ·cepta,
320 3083 470 3142 vobiscum
481 3079 625 3139 militavit.
643 3078 702 3138 ¹Pro
716 3081 823 3159 quihus
834 3080 923 3158 igitur
934 3083 1021 3141 rehus
1035 3101 1152 3160 aequum
1166 3096 1321 3148 crateuas*

157 3197 160 3204 ·
211 3177 294 3237 vohis
305 3173 436 3234 confiteri
445 3172 579 3250 gratiam,
589 3170 658 3248 quia
666 3190 783 3229 erucem
794 3171 896 3232 merito
905 3175 1113 3250 peperceratis,
1119 3195 1171 3253 pro
1180 3176 1231 3234 his‘
1238 3178 1314 3256 ipsis

172 3327 176 3336 ,
213 3278 315 3332 nostra
327 3265 440 3336 civitas,
452 3263 533 3324 velut
546 3262 650 3324 affecta
670 3263 829 3334 beneficiis,
844 3265 1007 3324 coronaret
1019 3276 1050 3325 ct
1063 3271 1113 3342 jus
1127 3268 1266 3341 civitatis,
1281 3285 1315 3333 et

213 3379 328 3438 eaquae
343 3358 423 3418 scitis
435 3377 538 3416 omnes
547 3355 652 3434 largita
665 3366 719 3415 est.
729 3359 786 3415 ¹Ao
796 3366 830 3415 ut
843 3365 981 3437 appareat
992 3358 1085 3419 haec'a
1094 3379 1141 3420 me
1156 3381 1224 3421 vere
1238 3365 1312 3440 diei,

212 3463 244 3514 et
256 3452 406 3510 decretum
420 3448 455 3507 de
470 3447 630 3518 obsidibus,
645 3457 675 3506 et
688 3447 844 3526 Iphicratis
853 3449 953 3520 literae,
968 3450 1094 3528 itemque
1104 3453 1265 3529 Timothei,
1281 3471 1323 3517 ct·

170 3599 174 3610 ,
213 3539 719 3618 deindehoctestimoniumlegetur.
736 3540 975 3613 Videbitiseuim,
986 3563 1313 3625 menonnugasagere,

214 3647 265 3698 aut
274 3636 350 3696 falsa
360 3633 481 3697 cumina
490 3631 677 3704 comminisci,
689 3632 742 3692 sed
752 3653 821 3694 uera
830 3653 895 3694 esee
905 3654 1017 3720 eaquae
1027 3633 1234 3699 commemoro.
1250 3641 1323 3702 Re·‘

155 3753 163 3762 ·
215 3731 274 3791 cita
286 3729 398 3795 literas.
812 3746 820 3754 ·
1024 3754 1026 3760 ’

241 3943 243 3950 ’
268 3945 271 3952 ’
353 3939 557 4044 surrecta.
577 3935 1146 4032 necaremumsrruouruu.

226 4139 230 4146 -
259 4099 309 4156 38.
328 4095 404 4154 Eum
422 4094 512 4172 igitur
524 4074 697 4170 eo‘primurn
714 4110 797 4168 suam
817 4109 935 4169 operam
950 4103 982 4152 et
999 4093 1087 4152 fidem
1100 4093 1250 4160 addixisse
1269 4109 1316 4159 at·

180 4193 185 4200 '
216 4209 274 4269 que
289 4186 490 4256 obstrinxisse,
502 4185 553 4244 ubi
562 4204 592 4242 se
602 4183 754 4244 vobiscum⁴
760 4183 996 4261 belligeratorum
1006 4177 1153 4264 sperabat,
1165 4207 1236 4248 curn
1247 4191 1314 4253 nlrhi

216 4281 326 4360 passim
336 4279 423 4339 varim
436 4277 618 4340 conditiones
631 4276 663 4336 ei
674 4287 781 4354 praesto
796 4288 910 4346 essent,
920 4277 1027 4337 deinde
1038 4289 1194 4358 postquam
1210 4283 1251 4342 ibi
1262 4305 1313 4344 ros

106 4365 114 4378 ’
217 4373 325 4434 tedae
346 4389 406 4431 uon
418 4367 522 4447 potuit,
539 4387 640 4428 rursus
662 4368 720 4427 huc
738 4387 770 4426 se
786 4369 962 4445 ‚contulisse
974 4369 1027 4430 uhi·
1043 4371 1191 4432 adversari
1213 4387 1314 4456 posset
