2912 4946
440 295 989 396 crrsrrrm’orruocrm'rau.··a
1158 329 1237 387 ..aas

133 469 241 547 silebit,
256 494 355 538 uonna
369 475 455 548 tantd
466 481 561 562 magis
575 481 648 541 edm.
656 481 758 542 vinciri
767 481 906 562 oportuit,
916 480 987 542 boni
1001 479 1239 562 patris'sobolem

131 578 194 627 tam
215 569 411 648 degenerem?
432 571 497 652 ligo
511 573 631 652 quidem
653 573 787 644 arbitror,
810 575 954 645 sirevera
977 574 1021 632 vir
1042 576 1138 633 bonus
1157 581 1240 634 esset

133 661 259 732 bachea,
281 673 311 722 et
329 665 423 723 bonus
437 663 521 738 civis,
535 667 614 726 ultro
624 667 762 728 daturum
776 667 869 726 fuisse
884 673 1014 747 operam,
1030 675 1062 726 ut
1080 666 1167 739 filius,
1187 665 1240 745 qui

132 753 252 833 quidem
268 758 307 816 eit
320 752 403 830 'talia
417 769 449 818 et
467 767 550 818 tanto
568 760 712 822 dedecore
728 771 840 840 patrem
855 749 975 832 afficiat,
988 761 1018 819 in
1036 759 1154 836 vincula
1167 779 1238 824 cone

126 849 288 928 jlceretur.'
306 850 344 909 Et
357 853 444 912 ‘hooc
466 854 674 914 sanemissum
696 853 851 926 faciamus,
868 852 1108 933 'Glaucetemqus
1124 863 1239 934 specte·

131 959 209 1000 mus.
233 943 308 1002 ·Non
323 941 453 1006 vero‘hic
463 945 489 1005 ls
503 955 558 1019 est,
572 946 623 1026 qui
636 947 704 1007 hinc
719 947 877 1006 Deceleam
888 946 1054 1026 transfugit,
1069 955 1159 1024 atquc
1168 944 1240 1006 inde

130 1030 301 1096 incursione
313 1035 404 1108 sacta,
421 1054 474 1098 ros
487 1038 568 1098 omni
582 1039 726 1100 latrocinii
740 1042 849 1118 genere
861 1037 1125 1117 est-depredatus?
1147 1037 1238 1116 Atqui

130 1127 197 1188 lraec
212 1141 279 1206 quae
290 1129 369 1204 dico,
384 1129 477 1192 nostis
487 1151 599 1192 omnes.
626 1131 783 1211 ¹Quicquid
797 1143 896 1194 autern
910 1151 927 1192 a
940 1131 1046 1192 vestris
1057 1126 1239 1191 unodbuset

129 1220 360 1302 llberlseripuit,
382 1224 522 1304 quicquid
542 1225 661 1285 aliunde
687 1235 792 1292 nactus
809 1224 885 1296 mit,
897 1225 1002 1284 horum
1025 1223 1156 1284 omniurn
1176 1221 1239 1298 illic

130 1314 277 1392 praefecto
290 1308 450 1376 ‘Laconico
467 1316 597 1378 decimas
617 1320 696 1377 bona
716 1313 1007 1378 fide-annumeravit:
1020 1317 1236 1378 {deamones

131 1414 275 1480 nostram,
296 1407 415 1468 decreto
430 1410 456 1470 el
478 1428 497 1468 a
516 1409 598 1470 robis
620 1407 777 1489 legationis
798 1410 920 1484 honore,
943 1409 1064 1470 decimis
1080 1407 1237 1485 hostilibus

131 1497 336 1571 defraudavitr
359 1511 536 1579 quaesturam
552 1501 627 1561 arcis
642 1502 779 1580 adeptus,
798 1511 907 1561 nostrae
929 1501 1052 1562 civ-itatis
1067 1503 1187 1580 praemia
1206 1509 1238 1560 et

131 1590 314 1651 monimenta
327 1591 505 1653 fortitudinis
515 1609 586 1672 qooe
602 1594 640 1654 de
653 1595 791 1662 barbaris
803 1603 930 1674 ceperat,
951 1614 987 1656 ex
1002 1612 1071 1654 arce
1090 1593 1237 1672 surripuit,

132 1683 237 1742 sellam
252 1683 332 1744 illam
345 1685 414 1748 dico
428 1687 573 1766 argenteis
584 1683 719 1767 pedibus,
733 1697 763 1747 et
776 1685 926 1748 acinacem
940 1686 1099 1759 Mardaaii,
1106 1687 1166 1766 qui
1173 1685 1237 1746 ,Dae

130 1773 210 1835 ric'os
226 1777 473 1840 trecentosvalct.
494 1779 533 1837 Et
545 1777 609 1839 haec
619 1779 934 1860 itasuntperuulgats,
944 1785 1075 1840 utnamo‘
1085 1779 1237 1840 hominum

131 1868 259 1947 ignoret.
283 1867 330 1929 *ln
350 1868 416 1956 allis
431 1881 529 1932 autem
543 1873 633 1932 rebus
647 1881 745 1933 nonne
756 1882 805 1933 est
818 1873 948 1933 omnium
961 1872 1111 1934 hominum
1125 1873 1236 1944 violen-

87 1995 94 2002 ·
130 1962 286 2023 tissimus?
310 1962 497 2034 Parcendum
520 1965 608 2044 igitur
621 1964 736 2026 illorum
757 1967 895 2046 cuiquam
909 1976 969 2040 est,¹
983 1975 1017 2032 ,ut
1032 1975 1153 2050 propter.
1163 1966 1236 2026 istos

131 2055 179 2114 vel
195 2055 260 2114 deae
274 2054 398 2116 decimae
412 2057 611 2136 negligantur,
632 2059 678 2116 vel
691 2057 801 2137 duplex
815 2058 924 2120 solutio
945 2057 1236 2137 publicae‚pecuniae,

130 2166 171 2206 an
191 2147 245 2208 iste
271 2148 370 2226 potius
391 2147 493 2208 talium
517 2149 799 2226 sedulusdeiensor.
815 2149 1005 2229 puniendus?
1033 2149 1150 2228 Ecquid
1167 2169 1238 2212 vero

129 2239 278 2318 prohibet,
292 2259 351 2318 quo
365 2241 462 2300 minus
474 2259 577 2302 omnes
590 2241 715 2321 improbi
726 2243 800 2316 sint,
813 2242 864 2303 ubi
877 2251 938 2322 tam
951 2241 1069 2319 lucrosa
1081 2241 1169 2301 fuerit
1181 2242 1236 2302 ime

128 2331 284 2412 probitas?
306 2331 396 2406 Nihil,
410 2335 607 2414 meaquideru
620 2335 775 2415 opinione.¹
800 2335 846 2394 Nc
860 2334 950 2414 igitur
959 2334 1015 2415 ipsi
1030 2334 1264 2412 doceatissedv

129 2424 276 2503 puniatis,
287 2425 384 2504 neque
393 2427 491 2498 sinite,
505 2438 539 2488 ut
549 2428 748 2508 indignentur,
760 2448 791 2489 ss
802 2430 839 2488 ob
850 2428 967 2508 rapinas
976 2447 1065 2507 opum
1075 2437 1236 2488 vestrmum
1250 2497 1252 2502 s

130 2516 161 2576 in
176 2515 295 2578 vincola
309 2517 423 2597 conjici,
436 2519 488 2578 sed
504 2519 620 2598 legibus
634 2539 686 2580 eos
700 2521 844 2600 subjicite,
878 2521 983 2600 Neque
998 2521 1077 2580 enim
1089 2520 1138 2598 qui
1152 2540 1236 2600 pere·¹

129 2609 278 2690 grinitatis
301 2610 486 2684 damnanurr,
499 2613 586 2692 'aegre
606 2614 704 2673 ierant
726 2633 758 2673 se
779 2615 809 2690 in
826 2614 884 2674 hoc
905 2634 972 2675 esse
985 2613 1145 2688 domicilio,
1165 2615 1249 2674 dum⁴

130 2703 201 2762 falsi
215 2701 372 2786 testimonii
384 2722 475 2770 causa
495 2715 620 2783 agatur:
648 2705 702 2765 sed
714 2715 845 2785 manent,
860 2727 955 2786 oeque
973 2716 1089 2786 putant,
1112 2707 1237 2768 vadibus

131 2795 210 2855 datis
225 2814 291 2856 esse
309 2795 567 2874 obambulandrm.
591 2796 695 2856 Visum
708 2799 784 2858 enim
802 2797 852 2858 cst
866 2798 986 2870 ciuitati,
1006 2798 1094 2863 fidem
1115 2799 1158 2858 eis
1177 2819 1235 2860 non

132 2909 202 2952 esse
216 2888 394 2962 habendam,
404 2879 505 2968 nequa
515 2890 768 2966 committendum,
779 2899 814 2949 ut
824 2909 876 2968 per
890 2891 1019 2969 speciem
1033 2891 1151 2952 vadium
1166 2911 1237 2952 con·
1275 2960 1285 2979 ⁴

130 2981 295 3043 stitutionis
309 2981 430 3064 impune
450 2982 653 3042 elaberenturi
682 2981 737 3042 sed
752 2990 786 3040 ut
805 2981 844 3040 ibi
857 2993 1024 3054 manerent,
1042 2982 1101 3046 nbi
1116 3001 1155 3042 err
1173 2983 1238 3046 aliis

131 3091 254 3152 quoque
275 3072 386 3148 ciuibus
408 3073 506 3134 multi.
526 3074 613 3133 Nam
618 3084 649 3134 et
665 3076 704 3133 ob
716 3072 857 3152 pecunias
872 3073 978 3134 multi
967 3093 1045 3156 Jam
1051 3074 1140 3134 vincti
1158 3085 1238 3184 sunt,

127 3176 164 3228 et
176 3171 297 3244 propter
305 3165 428 3244 judicia,
442 3175 475 3225 st
489 3175 589 3224 tamen
603 3165 634 3224 id
656 3185 716 3232 non
730 3171 926 3227 recusarunt.
977 3194 981 3216 ·
1005 3178 1006 3181 ’
1036 3217 1040 3226 ,

176 3260 227 3317 34.
241 3257 375 3332 lnsuave
389 3258 508 3336 quidem
531 3258 662 3318 fortassis
681 3267 729 3318 est
750 3257 924 3320 nominatim
934 3258 1104 3335 meminisse
1124 3223 1161 3320 de
1185 3261 1239 3322 ali·

131 3351 256 3430 quibus:
280 3348 425 3412 sedidem
445 3351 644 3412 necessarium
666 3361 774 3422 tamen,
798 3348 865 3412 illos
881 3370 950 3416 cum
970 3352 1033 3422 istis
1058 3373 1238 3433 comparare.

129 3443 194 3504 'Eos'
208 3441 307 3504 anterii
320 3443 371 3522 q'ui
393 3443 463 3503 aitte
475 3455 629 3523 pretorem
648 3443 808 3504 Euclidem
830 3445 960 3518 luerunt,
982 3445 1096 3520 omitto,
1123 3457 1154 3507 et
1171 3447 1238 3509 illos

87 3616 93 3621 ⁸
130 3537 253 3598 omnino
266 3535 389 3597 veteres.
426 3535 485 3609 Qui
498 3535 676 3618 quostquam
687 3533 753 3598 'siris
775 3537 890 3617 quique,
904 3538 1093 3618 temporibus,
1108 3542 1237 3622 ‚praecia
1295 3536 1296 3540 ’
1343 3552 1356 3568 ’“

130 3630 246 3691 ris‘sime
267 3647 332 3690 sese
345 3629 481 3708 gessisse
493 3639 630 3690 anteacta
641 3639 731 3689 aetate
745 3629 922 3702 viderentur,
935 3640 1035 3714 tamen
1049 3633 1087 3702 ob
1103 3631 1239 3694 'admissa
1342 3633 1344 3648 '

125 3723 241 3784 ,deinde
256 3720 388 3780 facinora
400 3720 602 3797 vehementem
615 3719 718 3802 populi
731 3721 911 3797 iracundiam
927 3732 997 3786 sunt
1008 3723 1134 3802 asperti.
1169 3724 1238 3784 Nou

126 3817 211 3878 enim
224 3833 276 3874 eos
294 3813 403 3873 civitas
411 3813 450 3874 ad
463 3823 580 3897 tempus
593 3814 740 3876 duntaxat
753 3821 894 3894 'oportere
909 3815 1005 3894 justas
1019 3833 1082 3876 esee
1102 3817 1238 3894 putabat,

132 3919 206 3988 post
232 3925 304 3968 vcro
325 3907 529 3986 peculatorem:
552 3906 661 3968 'scdzin
684 3905 1094 3987 administrandarcpublica
1116 3911 1238 3991 justitias

124 4008 278 4082 perpetuo
291 4001 494 4060 observantes.
512 3999 599 4060 ‘Nam
610 3999 813 4080 alioquin'ejur
826 4001 943 4085 generis
957 4000 1046 4064 homo
1058 4019 1117 4060 non
1132 4013 1239 4065 natura

123 4097 243 4178 probus
257 4093 416 4168 exstitisse,
433 4093 495 4170 sed,
507 4093 649 4153 insidiose
667 4093 699 4152 id
716 4087 814 4172 egisse
832 4093 996 4180 uidebatur,
1014 4102 1048 4154 ut
1069 4091 1159 4158 fidem
1183 4097 1239 4156 sibi

132 4195 333 4269 praestrue'ret
348 4204 408 4264 quo
422 4191 525 4265 postea
537 4185 646 4265 majore
659 4185 745 4250 lucro
759 4186 878 4264 iniquas
891 4194 982 4246 asset.
1009 4185 1069 4246 Sed
1090 4199 1158 4265 post
1178 4189 1240 4250 Err-

133 4279 549 4359 clidemproetoremjudices,
561 4278 1122 4358 prinumumssybulnncolytrensen
1136 4299 1239 4348 ornnes

131 4371 307 4438 meministis
320 4373 366 4431 bis
379 4372 543 4449 in‘sincula
556 4371 733 4458 conjectum,
747 4380 779 4432 ct
790 4380 948 4450 utromque
962 4371 992 4432 id
1000 4371 1146 4450 judicium
1160 4375 1239 4452 apud

121 4465 280 4549 populant
291 4466 500 4527 assemanum.
518 4466 701 4546 ‘Qupnquam
715 4463 901 4534 iactantiae
917 4463 1029 4536 Piraeo
1040 4474 1072 4524 'et
1086 4465 1190 4552 Phyle,
1204 4485 1240 4540 qo
