2946 4954
211 262 278 334 ἰιι
531 246 1010 338 rnvnasnsuerrmari.

204 430 301 490 *rebius
311 425 460 508 impulsi
440 445 508 490 nos
505 427 670 488 affecer'ndt
679 427 802 508 ihjurial
817 431 910 489 Sane
915 429 1058 489 omnibus
1059 429 1246 509 perspicuum
1255 403 1324 500 est,¹¹

207 519 437 599 taxrpectatione
457 539 647 600 magnorum
657 540 675 580 a
701 516 847 602 Philippo
861 517 1016 582 munerum
1043 521 1087 580 id
1102 541 1169 581 esse
1186 505 1320 580 factum.

216 612 343 674 Utrum'
331 612 437 690 sigitur,
446 611 586 692 Leptine,
605 624 636 673 te
649 613 753 693 magis
750 611 866 686 decuit,
881 607 1051 676 hostibus
1024 635 1059 674 ιι
1070 617 1165 694 pote's',
1176 605 1315 686 suadere,

210 723 252 766 ne
264 705 406 766 honorem
419 697 547 765 babeaht
560 705 765 789 proditoribus,
779 709 828 788 qui
842 703 877 769 e'o
890 702 955 788 ips'o
969 724 1028 787 quo
1038 701 1250 778 uoslae's'erunt,
1260 708 1314 765 be·
1345 745 1350 750 -

212 798 298 857 neiici
310 797 341 856 in
351 796 583 858 hostesnostros
599 799 785 873 exstiterunt,
792 819 834 860 an
847 797 943 880 legem
957 801 1034 860 hanc
1048 796 1133 860 nabis
1145 799 1229 868 ferre,
1244 795 1315 875 qu'ae‘

213 889 313 969 aliqua
326 890 397 958 data
408 890 595 950 benemeritis
609 891 647 950 de
660 893 744 951 nobis
757 893 878 972 proemia
891 893 1015 973 eripiat?
1036 889 1092 971 ego
1101 891 1226 972 ‘quidem
1237 885 1316 948 illud

120 1061 123 1064 Ι
212 981 310 1062 potius
323 1001 389 1041 esse
402 1001 519 1042 censeo.
554 982 664 1041 Verum
678 1003 715 1042 ne
728 985 844 1062 longius
861 985 903 1045 'ab
917 981 1052 1045 instituto
1068 973 1224 1063 digrediar,
1239 975 1315 1060 cap'e

211 1073 475 1148 senatusconsulta,
489 1094 556 1153 qum
574 1075 689 1135 Thasii's
703 1088 733 1136 et
748 1077 916 1156 Byzantinis
929 1078 1037 1158 scripta
1051 1087 1129 1136 sunt.
1154 1075 1271 1135 Recita.
1290 1089 1296 1102 ⁰

554 1281 977 1342 SENATUSCONSULTA.
1056 1313 1064 1322 ·
1162 1283 1164 1292 '

213 1434 474 1496 Senatusconsulta
496 1437 624 1515 quidem,
644 1437 768 1517 judices,
791 1436 952 1496 audivistis.
995 1435 1140 1494 Fortassis
1162 1444 1261 1493 autem
1275 1451 1311 1492 ex

211 1527 275 1588 istis
288 1529 421 1589 nonnulli
436 1529 587 1601 obierunt3
609 1541 639 1591 at
652 1551 698 1591 res
714 1523 805 1610 'gestae
819 1529 917 1590 adhuc
927 1531 1207 1606 exstautpostqu'am
1218 1525 1313 1585 semel
1397 1523 1404 1534 '

211 1629 304 1699 gestae
316 1631 392 1682 sunt.
413 1645 415 1652 ⁴
436 1621 596 1682 Columnas
610 1623 698 1701 igitur
711 1642 760 1682 eas
780 1623 810 1681 in
823 1632 996 1701 perpetuum
1007 1633 1088 1680 ratas
1102 1639 1172 1678 esse·
1183 1617 1313 1693 sinitote;

209 1722 244 1780 ut
257 1733 306 1786 ne,
320 1714 390 1773 dum
405 1712 457 1772 ulli
473 1713 645 1792 superstites
658 1715 775 1784 luerint,
785 1715 889 1794 injuria
901 1721 952 1792 pe'r
961 1733 1012 1772 vos
1028 1712 1211 1772 afficiantur:
1233 1722 1264 1771 et
1278 1720 1312 1769 ut

207 1813 365 1883 postquam
379 1805 510 1877 obierint,
524 1805 609 1865 moris
628 1805 755 1866 civitatis
774 1815 882 1865 nostrae
895 1805 1107 1864 monimentum
1121 1803 1188 1874 sint,
1199 1812 1231 1862 et
1244 1813 1313 1860 tan·

208 1914 296 1974 quam
312 1895 449 1974 exempla
469 1897 621 1975 proposita
643 1897 718 1957 bene
738 1897 775 1957 de
797 1898 880 1956 nobis
904 1897 1006 1957 mereri
1031 1889 1310 1974 sapientibusque

208 1998 357 2060 moneant,
370 1999 500 2049 ιιοιιιιιιι
514 1990 617 2048 urbem
632 1991 755 2068 gratiam
771 1989 809 2048 de
823 2009 855 2048 se
869 1987 1051 2049 benemeritis
1067 1987 1214 2048 retulisse.
1256 1988 1310 2045 At-

208 2099 266 2158 que
279 2079 353 2139 illud
367 2081 465 2155 etiam,
481 2081 693 2155 Athenienses,
706 2101 762 2141 vos
777 2102 814 2140 ne
824 2081 925 2152 lateat,
940 2081 1140 2160 turpissimum
1150 2099 1227 2149 esse,
1241 2099 1310 2138 cum

207 2172 451 2248 ‚omneshomines
464 2184 526 2232 tum
540 2173 658 2234 videant
674 2172 738 2232 tum
760 2173 882 2232 audiant
900 2171 1093 2241 calamitates,
1114 2171 1239 2250 inques
1255 2171 1311 2230 'isti

207 2263 262 2328 uiri
276 2263 453 2339 inciderunt,
467 2264 546 2325 omni
563 2276 691 2344 tempore
704 2275 785 2324 ratas
795 2263 852 2324 illis
863 2266 1017 2338 mansisse,
1031 2263 1247 2342 praemia‚,qure·
1256 2259 1310 2343 pro

205 2355 263 2424 illis
278 2368 496 2438 acceperunt,a
510 2358 591 2418 vobis
604 2359 683 2417 irrita
696 2377 763 2417 esse
777 2356 863 2415 faeta.
886 2355 984 2415 Multo
994 2357 1072 2414 enim
1086 2356 1308 2424 convenientius

204 2459 281 2524 erat,
294 2449 480 2510 manentibus
507 2448 725 2528 donationibus,
745 2447 906 2508 infortunia
927 2447 1066 2518 minuere,
1082 2465 1171 2527 qnam
1196 2448 1309 2526 eripere

205 2541 334 2620 praemia,
348 2541 530 2602 calamitates
544 2540 718 2618 relinquere.
749 2541 829 2602 Nam
842 2540 907 2618 quis
920 2550 976 2615 est,
986 2541 1083 2599 Deum
1097 2542 1307 2614 immortalem!

203 2635 256 2714 qui
265 2636 347 2694 vobis
359 2635 533 2695 benefacere
542 2634 623 2708 velit,
633 2636 657 2695 si
670 2644 791 2694 conatus
806 2652 865 2693 non
879 2635 1082 2711 successerint,
1093 2654 1163 2693 mox
1173 2633 1308 2696 hostibus

204 2745 309 2804 poenas
323 2729 460 2788 daturus:
481 2728 527 2786 sin
538 2728 746 2797 successerint,
762 2726 882 2786 dubiam
896 2746 915 2786 a
928 2727 1011 2786 vobis
1025 2728 1148 2804 gratiam
1157 2726 1307 2788 initurus?

204 2861 214 2894 r
243 2822 299 2882 ..16.
312 2819 562 2880 Molestissimum
584 2839 662 2892 vero,
682 2819 810 2898 jndices,
833 2819 904 2878 mihi
930 2819 1027 2892 luerit,
1051 2820 1076 2878 si
1102 2819 1159 2878 hoc
1188 2821 1306 2880 nomine

205 2917 351 2980 duntaxat
366 2913 497 2992 legem
485 2933 551 2993 Jure
574 2929 752 2985 accusarem,
776 2912 857 3017 quod
880 2911 980 2972 multis
1009 2911 1135 2972 externis
1163 2912 1243 2972 bene
1261 2915 1306 2973 de

138 2999 146 3012 ⁸
204 3009 307 3090 repub.
322 3005 431 3078 meritis
444 3005 657 3065 immunitatem
672 3005 791 3084 eripiat.
813 3005 997 3065 civiumvero
1017 3004 1162 3096 neminem
1174 3005 1306 3082 proferre

115 3091 121 3098 ’
203 3121 332 3182 possem,
347 3100 395 3159 cui
410 3099 512 3158 merito
525 3099 551 3158 is
564 3099 659 3158 honos
673 3099 855 3177 contigisset.
898 3097 976 3156 Nam
991 3106 1059 3156 cum
1079 3096 1202 3156 aliarum
1215 3113 1303 3204 epum

203 3198 359 3256 maximam
374 3192 452 3272 apud
465 3210 518 3252 vos
533 3211 599 3252 esse
613 3211 728 3272 coprem
736 3191 868 3270 optarim,
878 3200 940 3250 tum
949 3190 1206 3270 praestantissimos
1216 3192 1305 3262 viros,

203 3307 241 3350 ac
262 3288 404 3367 plurimos
424 3287 463 3346 de
483 3286 632 3366 republica
649 3286 885 3346 benemeritos
859 3304 937 3345 erres
957 3304 1030 3344 esse.
1072 3283 1225 3342 Primum'
1217 3275 1305 3362 igitur

202 3379 357 3454 Cononem
376 3378 538 3451 intuemini,
551 3388 649 3439 utrum
662 3397 779 3456 aequum
793 3377 842 3449 sit,
856 3376 903 3440 ιιι
916 3376 999 3436 illum
1012 3376 1115 3449 virum,
1133 3369 1182 3436 iel
1205 3392 1254 3436 res
1270 3379 1304 3436 ab

201 3463 364 3555 eo'gestas,
378 3473 565 3553 reprehendi,
587 3493 621 3534 ac
635 3472 806 3532 donationes
818 3472 860 3531 illi
878 3472 972 3532 factas
986 3469 1129 3546 abrogari:
1144 3471 1148 3478 ⁴
1171 3469 1202 3529 ιι
1213 3471 1305 3543 enim·

200 3580 246 3632 ut
257 3584 282 3628 e
293 3577 420 3626 vestrum
434 3566 621 3645 quibusdam,
634 3586 686 3645 qur
678 3566 825 3644 aequales
836 3564 877 3624 illi
890 3564 1019 3634 luerunt,
1033 3562 1134 3622 audire
1143 3560 1225 3634 lucet
1240 3573 1305 3642 post

202 3661 308 3742 Populi
328 3679 345 3720 e
363 3658 476 3718 Piraeeo
495 3657 630 3729 reditum,
651 3659 723 3716 urbe
743 3667 844 3716 nostra
865 3655 988 3727 infirma,
1000 3663 1034 3713 et
1054 3651 1165 3713 nullam
1184 3656 1303 3714 omniuo

202 3774 306 3815 navem
321 3750 500 3832 possidente,
515 3769 584 3808 cum
605 3749 667 3828 regi
692 3749 849 3808 Persarum
862 3746 1021 3808 exercitum
1036 3737 1169 3816 duceret,
1182 3765 1202 3805 a
1221 3747 1304 3832 vobis

202 3847 283 3906 nulla
295 3865 328 3905 re
341 3859 462 3924 prorsus
472 3841 602 3922 adjutus,
614 3840 710 3900 navali
725 3840 830 3919 proelio
842 3836 1087 3898 Lacedaemonios
1100 3838 1262 3914 superavit,
1275 3847 1302 3898 et

201 3938 253 4016 qui
265 3938 346 4016 prius
360 3935 445 3995 aliis
437 3952 581 4014 imperare
598 3940 849 4002 consumentem
862 3929 1059 4008 vobisparere
1073 3928 1188 4000 docuit,
1206 3938 1238 3989 et
1250 3929 1301 3988 La·

202 4047 310 4089 conum
326 4030 515 4106 magistratus
529 4047 566 4088 ex
579 4025 683 4085 insulis
692 4023 822 4103 expulit3
835 4023 942 4084 deinde
953 4021 1011 4081 huc
1020 4019 1181 4100 profectus,
1196 4021 1303 4080 moeuia

199 4109 340 4196 restituitr
363 4131 405 4180 et
400 4121 515 4199 primns
529 4119 640 4192 effecit,
636 4126 685 4177 ut
697 4127 795 4194 nostra
807 4119 877 4176 urbs
892 4133 992 4174 rursus
1006 4114 1043 4174 de
1055 4112 1223 4192 principatu
1236 4131 1300 4172 cum

199 4212 431 4282 lacedemoniis
445 4213 635 4292 disputaret.
659 4212 694 4270 ln
709 4211 773 4270 sola
787 4210 863 4273 enim
876 4208 952 4268 illius
967 4225 1008 4266 ex
1017 4205 1151 4266 omnibus
1164 4205 1305 4264 columna

144 4325 151 4334 “
200 4309 341 4385 scriptum
358 4315 414 4377 est
425 4304 612 4364 hrsverbrs
608 4313 815 4384 postquam
832 4302 935 4365 Gono
958 4297 1299 4366 socrosAthenren

198 4400 293 4474 sium
308 4396 542 4470 l,iberavit·
554 4397 640 4458 -Est
653 4406 751 4458 autem
764 4415 800 4456 ea
812 4393 972 4474 inscriptio,
989 4391 1122 4472 judeos,
1126 4389 1173 4450 illi
1173 4389 1306 4468 qrridenr
