2886 4946
220 309 258 367 oa
608 295 923 378 lacunarium.

220 461 313 597 eunti?l
328 466 451 544 contenti
465 481 522 520 non
540 468 659 538 priuatas
680 470 825 539 attingant,
837 473 867 524 et
886 483 1026 541 quamque
1037 483 1088 523 sua
1099 467 1320 523 sinentsecurius

219 559 293 612 possa
314 561 369 598 ere,

249 631 294 700 ¹6⁰.
312 629 527 684 Atheniensibus
546 634 695 702 exprobrat
712 635 788 704 quod
808 633 988 704 mutatisjam
1008 634 1104 688 animis
1125 633 1320 690 existimeutse

221 727 277 764 uou
287 712 386 766 debere
399 721 450 767 sua
462 715 621 782 impendere
638 721 670 769 ut
686 717 791 770 Graeeia
809 719 909 786 injuria
928 718 1032 770 affectis
1052 717 1236 784 opitulentur:
1256 715 1321 782 stylo

221 793 305 862 paulo
317 793 409 864 iuaiori
426 797 524 866 probat
539 798 603 851 hinc
621 799 778 869 Philippum
798 802 914 854 erasisse
934 799 1165 869 potentissimum,
1185 802 1214 852 et
1233 799 1321 851 locum

222 893 341 931 vacnum
360 879 551 948 occupavisse,
564 882 731 936 civitateme
743 887 837 937 contra
854 884 1050 938 Atheniensem
1063 882 1140 936 nullo
1152 881 1180 934 iu
1194 881 1254 934 loeo
1265 895 1322 933 esse

222 960 297 1029 apud
310 965 414 1015 ceteras
426 962 542 1022 Graeciee
555 963 691 1017 civitates.

257 1049 296 1098 7⁰.
320 1044 420 1098 Cetera
431 1046 590 1116 reipublicae
609 1048 683 1102 mala
705 1051 885 1120 persequitur,
901 1065 966 1119 quae
985 1047 1091 1103 confert
1104 1047 1134 1101 iu
1146 1047 1323 1116 proditoresa

222 1127 322 1196 quihus
335 1127 492 1184 venduntur
500 1130 538 1182 rei
550 1131 678 1198 gerendae
689 1132 866 1186 occasiones:
886 1149 933 1186 eos
946 1131 1035 1184 valide
1048 1129 1172 1183 confutat
1183 1128 1232 1198 qui
1243 1143 1322 1196 nega-

222 1211 291 1265 bant
311 1211 414 1265 bellum
436 1227 496 1264 esse
517 1214 700 1278 suadendum,
718 1215 766 1284 qui
778 1215 854 1284 pacis
870 1205 1015 1268 commoda
1034 1215 1063 1264 et
1079 1211 1172 1280 magni
1189 1211 1323 1265 exercitus

223 1292 314 1347 alendi
333 1294 472 1347 molestias
485 1294 708 1362 exaggerabant:
727 1311 841 1349 eausam
860 1295 954 1362 adjicit
966 1310 1016 1347 cur
1033 1292 1108 1347 cives
1126 1309 1190 1346 suos
1202 1291 1326 1346 erimina-

192 1385 196 1391 ’
222 1380 316 1432 rentur
330 1377 434 1430 bellum
446 1377 603 1443 suadentes,
619 1383 648 1431 ct
660 1375 819 1447 Philippum
837 1377 909 1432 hello
928 1379 1096 1446 grassantem
1113 1374 1231 1445 placidia
1241 1373 1324 1428 oculis

212 1455 398 1530 spectarent:
417 1459 486 1515 dicit
496 1460 564 1530 quid
580 1463 646 1516 inde
664 1463 783 1517 eveniat.
835 1496 838 1501 -
868 1498 872 1504 ,

259 1548 297 1600 8⁰.
316 1543 408 1598 Docet
419 1543 525 1598 civitati
538 1543 700 1598 Atheniensi
715 1545 876 1615 Philippum
886 1544 974 1617 multo
989 1559 1048 1596 esse
1063 1541 1231 1596 infestiorem
1244 1555 1325 1611 qnam

222 1629 329 1692 ceteris,
337 1627 447 1698 idquod
453 1628 514 1684 luse
521 1629 910 1699 arguitexcmplisceterorum
920 1626 1326 1698 populorumquoaillesaltem

221 1710 362 1766 benefieiis
379 1710 454 1780 prius
475 1711 637 1766 delinirerat
649 1727 732 1782 quam
748 1712 818 1765 dolis
836 1715 865 1764 et
883 1712 965 1765 armis
981 1709 1122 1779 perderet:
1140 1707 1325 1762 vehementius

222 1795 368 1864 impugnat
379 1799 500 1848 oratores
517 1794 674 1859 nonnullos,
686 1794 743 1865 qui,
757 1791 823 1848 dum
835 1791 961 1864 Philippo
980 1792 1111 1858 faverent,
1130 1792 1254 1846 celebres
1264 1789 1326 1845 laeti

223 1878 253 1931 et
263 1877 371 1942 divites,
382 1878 532 1931 civitatem*
541 1893 619 1930 auam
632 1877 741 1947 inopem
754 1882 783 1930 et
794 1877 939 1931 obscuram
951 1876 1106 1942 effecerant,
1123 1891 1156 1928 ae
1173 1873 1326 1944 praesertim

180 2021 190 2040 Ι
224 1960 434 2016 Aristodemum
453 1960 602 2030 quendam,
612 1960 671 2031 qui,
685 1975 777 2029 quum¹
791 1961 850 2028 ipse
862 1957 981 2028 publicae
995 1973 1087 2012 rerum
1096 1953 1327 2012 administrationi

223 2046 303 2100 daret
313 2061 423 2114 operam
435 2044 583 2114 inquietus,
595 2044 756 2118 satagebat
748 2047 781 2098 ut
791 2041 975 2098 Athenienses
986 2046 1130 2096 manerent
1142 2042 1231 2111 quieti
1242 2046 1271 2094 ct
1281 2041 1326 2094 de·

224 2127 308 2182 tides.

227 2215 299 2266 49⁰
316 2211 418 2265 'I'otam
433 2210 584 2264 orationem
598 2209 638 2264 sic
654 2210 806 2276 concludit,
824 2227 854 2264 se
855 2225 962 2280 ,quum
975 2210 1062 2262 multa
1073 2206 1162 2271 adhuc
1173 2207 1278 2262 habeat
1288 2206 1327 2260 di·

224 2296 322 2360 conda,
331 2293 464 2358 desiume,
477 2293 544 2362 quia
555 2293 725 2348 amlicetnon
736 2292 983 2363 inopiarerhorum
1002 2308 1044 2345 rea
1055 2291 1171 2360 pessime
1183 2295 1276 2356 eunt,
1281 2289 1327 2343 scd
1422 2347 1423 2350 Ἴ

222 2378 353 2433 facilitate
362 2392 410 2430 eos
419 2376 549 2431 audiendi
557 2392 606 2447 qur
616 2377 643 2429 iu
656 2377 772 2444 gratiam
787 2375 905 2447 Philippi
917 2376 1083 2444 loquuntur:
1100 2378 1228 2428 ceterum
1239 2391 1269 2428 se
1280 2373 1326 2426 he-

223 2462 331 2529 nevole,
340 2459 509 2531 simpliciter,
518 2461 593 2516 nullo
605 2460 787 2514 conciliandae
799 2460 926 2532 pecunie
938 2459 1039 2526 studio,
1049 2473 1195 2513 veranunc
1209 2464 1240 2513 et
1252 2459 1326 2512 utilia

223 2545 337 2599 dixisse.

247 2628 349 2684 Dicta
361 2629 403 2682 est
414 2626 474 2682 haee
485 2592 573 2682 oratio
581 2625 680 2682 emam
697 2641 769 2682 anuo
781 2628 879 2697 quarto
890 2623 1053 2696 olympiadis
1065 2637 1124 2692 ιιι,
1135 2622 1186 2676 sub
1199 2621 1327 2676 archonte

226 2709 405 2767 Nicomacho.

605 3073 961 3192 sueonumque

489 3250 562 3375 ιιι
581 3267 987 3353 ΡιιιιιΡΡιιιΜ
1014 3271 1068 3345 rv

765 3461 835 3508 ax,

622 3581 941 3650 TOURELLIO.

261 3742 425 3804 HABITA
429 3745 491 3819 snat
503 3742 557 3799 hac
565 3747 661 3812 oratio,
671 3711 808 3802 Archonte
819 3748 987 3814 Nicomacho,
996 3765 1066 3802 anno
1071 3755 1132 3836 pqat
1141 3747 1329 3819 proecedentun

221 3834 354 3905 monimo,
365 3849 446 3904 regni
440 3829 621 3900 Philippi
594 3830 713 3884 accerime
715 3830 899 3902 ,Olympiadis
910 3851 970 3886 cero
981 3818 1125 3886 centesima
1136 3848 1213 3884 nona
1227 3838 1329 3901 quarto
1338 3865 1340 3872 .
1422 3887 1423 3898 ἶ

225 3915 303 3970 Dicit
316 3915 444 3987 Ulpianus
457 3911 657 3967 Demosthenem
659 3923 789 3984 ,γιιοριιι
798 3915 900 3968 tristem
911 3915 1041 3984 quendam
1052 3913 1173 3968 ιιιιιιιίιιιιι
1184 3931 1202 3966 a
1214 3910 1343 3966 Thracio·
1422 3907 1423 3912 ’

225 3995 344 4061 allatum,
345 3997 512 4068 festinanter
520 4014 577 4049 eam
584 3997 783 4068 pronuntiasse:
801 3998 899 4067 idqne'
890 4015 917 4050 ιιι
926 3996 1103 4067 canaafuiase,
1113 3995 1251 4068 quominus
1256 4011 1331 4067 pectr-
1422 4013 1423 4062 3

226 4081 319 4134 liorem
328 4082 416 4134 dehoc
428 4089 583 4153 argumento
592 4077 720 4134 renonem
727 4081 866 4136 meditatas
871 4077 1002 4151 prodiret,
1011 4082 1135 4152 tenqroris
1142 4079 1272 4149 dispartita
1282 4080 1330 4132 im·
1422 4077 1423 4144 1

224 4163 339 4236 peditus.
349 4219 359 4228 ,-
376 4159 513 4217 Diodorus
522 4163 599 4216 etiam
612 4171 721 4228 narret,
729 4161 777 4217 hoc
791 4181 860 4216 anno
875 4163 1035 4233 Phocionem
1046 4164 1150 4236 ejecisse
1165 4181 1198 4216 ex
1211 4161 1330 4223 Eretria
1422 4147 1423 4236 i

217 4245 290 4320 'urhe
302 4242 428 4310 Euboica,
441 4243 612 4312 Clitarchnm,
625 4245 671 4316 qai
683 4244 807 4315 Philippi
816 4236 940 4316 prasidio
950 4247 1118 4318 tyrannidem
1126 4245 1161 4298 ihi
1169 4251 1329 4298 exercuerat.
1422 4239 1423 4254 ³

226 4329 265 4383 In
276 4329 324 4382 huc
336 4325 421 4382 inania
433 4328 528 4399 qnippe
540 4340 601 4382 tanc
617 4329 742 4398 temporie
758 4329 904 4399 complures
921 4331 1040 4400 tyranni,
1057 4348 1074 4382 a
1089 4327 1220 4399 Philippo
1238 4326 1344 4382 consti·
1422 4333 1423 4352 ³

223 4411 286 4476 tati,
298 4429 388 4465 rarum
393 4409 472 4480 potiti
481 4421 556 4464 sant:
574 4430 619 4464 sea
626 4412 716 4480 potius
728 4427 817 4464 eornm
829 4411 974 4464 ministerio
987 4411 1131 4484 Philippus
1141 4410 1207 4482 ipse.
1234 4410 1330 4464 Euros
1422 4415 1423 4492 l

223 4491 322 4564 itaque,
341 4491 372 4546 oh
384 4489 471 4546 cador
488 4489 688 4547 Atheniensium
699 4492 727 4548 in
745 4493 897 4550 seruitutem
914 4495 1030 4566 redacta,
1049 4511 1141 4551 eoram
1158 4491 1280 4550 libertati
1296 4485 1332 4546 nil
1422 4499 1423 4552 t
