2920 4950
520 297 761 364 PnuIPPIcI
781 297 824 376 m
865 249 870 260 ’
1182 299 1226 364 sn

115 457 230 522 Philippo
241 457 282 510 rel
296 454 433 530 oiritstihns
446 457 612 519 respondeant,
627 471 681 510 neni
699 459 732 509 st.
741 453 927 510 moirencum
942 453 1002 504 bene
1013 455 1120 519 cupiunt,
1138 463 1163 506 et
1179 457 1225 507 Ar·

106 536 223 600 1ιηίιιιιῐιιι
232 553 260 586 ιο
268 534 439 586 Messeniorum
447 551 499 582 cnm
507 533 618 598 Philippo
626 533 820 598 conspirationem
830 534 897 584 simul
905 540 930 582 et
941 533 1041 582 oderunt
1056 541 1081 582 et
1091 543 1228 596 suspectum

115 614 211 670 hebent,
225 628 304 676 neque
315 618 393 658 tamen
409 610 558 675 pronuntiare
572 612 666 668 nudent,
677 621 740 659 recte
756 611 834 660 lacere
851 611 1050 660 Lucedmmonios.
1084 612 1154 672 Quod
1167 627 1225 660 vero
1300 599 1302 608 ’

4 715 6 758 5
113 679 142 738 id
154 691 294 753 Philippum
301 689 392 746 nttinet,
401 687 446 735 etsi
457 705 500 750 spe
510 689 615 736 frustrati
628 694 691 746 sunt,
701 705 747 736 non
757 693 834 736 mmen
846 689 876 734 nb
888 703 917 735 co
928 687 1021 750 decepti
1034 704 1087 736 esse
1099 689 1225 737 ridentur:

114 767 245 829 Philippus
256 767 318 814 enim
330 780 407 827 neque
416 763 487 812 uilem
497 761 693 826 pollicitationem
705 762 782 812 literis
798 763 960 825 inscripserat,
975 772 1052 826 neque
1069 781 1113 827 per
1123 778 1178 813 suos
1189 765 1226 814 le·

115 851 182 906 fletos
193 843 321 906 quicquum
332 841 482 904 promiserat,
497 843 540 889 ssd
551 841 729 891 Atheniensium
741 841 836 903 quidum
848 839 872 888 in
891 855 958 904 spem
970 848 1092 890 erexerunt
1102 843 1227 905 populum,

4 931 5 938 ¹
113 920 163 970 iore
178 928 208 970 ut
219 910 349 983 Philippus
361 920 496 968 Phocenms
506 925 657 970 conservaret
671 925 695 968 st
706 919 868 966 Thebnnorum
878 919 989 968 ferocium
1003 919 1145 968 retunderet.
1166 923 1225 968 Prn-

114 1005 198 1060 pleree
211 997 398 1052 Demosthenes,
407 995 584 1058 responsionum
594 997 657 1044 sacta
670 995 797 1053 mentione,
808 1011 833 1042 se
845 1010 886 1043 ens
901 985 1009 1044 daturum
1028 996 1163 1058 pollicetur:
1181 997 1225 1045 sed

111 1078 205 1138 justum
216 1091 272 1124 esse
281 1075 325 1133 nit,
332 1081 358 1122 ut
369 1075 402 1122 sb
411 1073 475 1121 illius
485 1074 627 1121 difficultntis
636 1073 769 1121 unctoribus
782 1071 852 1120 etiam
861 1072 1026 1134 responsiones
1037 1073 1227 1135 exigentur,illia

115 1153 225 1202 nimirum
240 1152 281 1216 qni
294 1151 406 1215 populum
416 1153 561 1213 deceperint,
572 1161 596 1199 et
610 1153 680 1212 Pylas
692 1151 803 1212 Philippo
815 1151 956 1212 spernerint.
991 1152 1082 1212 Quibus
1093 1152 1171 1200 verbis
1183 1152 1225 1200 Ε-

115 1231 221 1280 sebinem
231 1231 335 1278 obscure
343 1227 490 1293 perstringit,
499 1232 548 1292 J'aru
557 1235 614 1286 tum,
623 1237 650 1276 nt
660 1229 733 1286 siunt,
745 1235 827 1276 contre
837 1243 889 1275 eum
900 1229 965 1276 salse
975 1228 1099 1290 legationis
1111 1229 1226 1284 actionem

4 1305 5 1312 ’
113 1319 210 1373 persus,
219 1323 290 1371 quarn
298 1315 353 1370 post
363 1307 475 1364 intendit,
489 1319 590 1371 sumque
600 1307 677 1358 multo
685 1309 738 1354 ente
749 1307 812 1368 npnd
822 1305 975 1356 Athenienses
987 1306 1123 1358 criminans.

424 1547 928 1582 W

341 1835 351 1850 ι
449 1733 896 1864 numosnunurs

398 2003 856 2106 PHILIPPICA
893 2005 945 2082 II.

161 2209 293 2282 l.,Cus1
314 2208 405 2268 verba
426 2206 510 2277 liunt,
528 2205 736 2280 Athenienses,
750 2205 788 2266 de
810 2205 847 2268 iis
868 2207 957 2267 rebus
980 2226 1053 2285 quas
1073 2207 1229 2291 Philippus

118 2305 195 2384 gerit
206 2314 238 2362 et
250 2310 358 2362 contra
370 2318 474 2380 pacem
488 2299 606 2358 molitur
619 2308 771 2378 perpetuo,
785 2300 874 2362 vestri
885 2299 1070 2364 defensiones
1083 2312 1114 2363 et
1128 2324 1228 2384 oequas

120 2407 149 2460 et
160 2397 310 2456 humanas
322 2412 462 2474 apparere
476 2392 573 2464 video,
589 2410 763 2472 semperque
775 2393 891 2473 probari
905 2394 1049 2454 orationes
1063 2415 1162 2456 eorum
1177 2399 1228 2477 qui

119 2489 294 2568 Philippum
312 2485 489 2558 accusarint,
511 2485 593 2546 brevi
611 2495 711 2546 tamen
729 2495 763 2546 ut
781 2485 878 2547 dicam
892 2487 963 2546 nihil
988 2497 1067 2550 recte
1092 2490 1154 2569 geri
1176 2503 1228 2554 aut
1301 2495 1303 2502 ’

118 2580 266 2662 ejusmodi
279 2588 316 2640 ut
327 2579 367 2640 sit
379 2578 443 2640 ilius
458 2578 558 2640 audire
573 2598 669 2658 operm
683 2578 827 2659 pretium:
850 2580 903 2640 sed
917 2601 953 2642 eo
971 2581 1033 2662 jam
1047 2591 1111 2644 tota
1124 2600 1228 2664 tespu·

118 2675 201 2736 blica
211 2673 344 2734 deducte
356 2680 412 2745 est,
425 2683 459 2733 ut
472 2691 531 2751 quo
544 2672 639 2750 magis
655 2682 685 2732 et
699 2671 864 2732 euidentius
881 2683 1032 2734 ostensum
1047 2676 1134 2738 inerit
1157 2677 1228 2738 Phi-

118 2769 235 2848 lippum
245 2778 276 2828 et
294 2783 399 2846 pacem
412 2765 567 2827 nobiscum
581 2765 688 2826 luctam
701 2765 811 2827 violare
833 2775 864 2826 et
883 2766 996 2828 Graecis
1011 2769 1146 2829 omnibns
1160 2771 1230 2834 insi·

120 2862 207 2934 dinri,
227 2879 264 2919 eo
277 2856 423 2921 difficilius
437 2857 475 2918 sit
489 2857 613 2918 suadere
627 2857 699 2936 quid
719 2858 767 2937 agi
790 2861 954 2934 conveniat.
997 2861 1032 2919 In
1053 2879 1146 2924 causa
1163 2863 1230 2926 haec

119 2963 200 3026 suut,
214 2951 377 3031 quodcum
390 2971 492 3011 omnes
506 2950 539 3024 ii,
560 2950 766 3024 Athenienses,
787 2953 837 3030 qui
851 2972 903 3031 per
916 2953 1049 3029 injuriam
1062 2954 1130 3034 plns
1143 2976 1229 3035 aequo

118 3046 345 3126 concupiscunt,
367 3043 445 3104 lacto
463 3043 618 3104 coercendi
640 3043 699 3104 sint
717 3053 749 3104 et
769 3045 944 3120 actionibus,
959 3065 1018 3106 non
1040 3047 1230 3124 orationibus,

119 3143 247 3222 primum
270 3156 325 3198 nos
350 3135 399 3216 qui
424 3146 598 3216 suggestum
618 3136 843 3199 conscendimus
857 3137 921 3198 hoec
940 3138 1098 3200 decernere
1115 3149 1146 3201 et
1158 3129 1228 3206 suu·

118 3234 201 3304 dere,
225 3241 306 3292 metu
327 3239 433 3290 vestros
456 3228 634 3302 offensionis,
656 3229 837 3303 dubitamus,
857 3251 924 3310 quse
946 3241 1045 3292 autern
1065 3233 1114 3294 ille
1136 3245 1231 3315 gerat,

117 3345 210 3408 quam
224 3323 335 3385 atrocia
348 3332 379 3383 et
391 3321 499 3401 gravia,
512 3343 549 3384 ea
563 3341 843 3384 commemoramus:
865 3323 973 3384 deinde
992 3345 1046 3388 vos
1069 3327 1229 3402 auditores,

118 3421 156 3482 ad
174 3437 265 3500 aequa
284 3435 353 3477 cum
374 3415 431 3494 ipsi
455 3414 582 3476 dicenda
604 3425 668 3475 tum
692 3409 889 3476 dicente'alio
907 3415 1110 3498 intelligendu,
1124 3423 1230 3484 melius
1324 3461 1326 3467 ι

117 3512 262 3590 Philippo
287 3508 382 3588 parati
407 3507 489 3581 estis,
510 3507 550 3568 ad
578 3527 614 3568 ea
640 3527 709 3567 vero
732 3528 800 3587 quoe
831 3529 910 3569 nunc
935 3511 973 3570 ab
1001 3511 1052 3572 illo
1088 3525 1230 3593 geruntur

117 3603 317 3686 imffldienda,
329 3600 447 3664 omnino
459 3601 530 3661 estis
544 3601 653 3682 ignavi.
694 3601 801 3664 Euenit
823 3603 910 3682 igitur
930 3603 1013 3678 illud,
1037 3607 1153 3685 opinor,
1178 3628 1230 3668 uc·

114 3698 250 3764 cessario
268 3706 299 3757 ct
318 3696 443 3756 fortasse
464 3695 551 3755 etiam
570 3705 670 3756 recte:
694 3705 729 3755 ut
747 3695 852 3776 quibus
870 3696 900 3756 in
923 3698 1011 3758 rebus
1026 3698 1141 3778 utrique
1162 3720 1228 3760 ver·

117 3791 224 3858 sarnini
238 3799 270 3851 et
283 3788 452 3862 elaboretis,
468 3787 498 3848 in
519 3788 566 3847 his
588 3785 672 3848 elteri
694 3788 793 3848 ulteris
816 3789 970 3868 pressistis,
985 3791 1150 3850 actionibus
1166 3791 1227 3866 illc,

117 3911 171 3952 ros
195 3883 391 3948 orationibus.
433 3884 537 3962 Itaque
552 3880 577 3940 si
592 3865 670 3941 nuIic
682 3872 770 3942 ¹etiam
781 3883 911 3961 aequiora
920 3883 1017 3942 dicere
1026 3883 1229 3956 satishabetis,

116 3983 205 4046 facile
219 3979 251 4041 id
269 3977 389 4057 quidem
402 3985 457 4049 est,
471 3975 613 4053 nulloque
632 3974 733 4036 labore
755 3985 874 4034 constat
886 3979 898 4034 ι’
924 3976 981 4048 sin,
1008 3984 1042 4034 ut
1061 3973 1111 4034 hic
1134 3974 1231 4038 status

116 4095 216 4138 rerum
226 4070 401 4150 corrigetur,
410 4068 624 4149 providendum
636 4077 690 4138 est,
700 4087 737 4126 ne
750 4067 982 4146 imprudentibus
996 4068 1082 4127 nobis
1096 4071 1230 4132 omnibus

118 4177 185 4230 runt
198 4165 230 4224 in
246 4163 387 4232 deterius,
400 4181 474 4220 neve
488 4161 602 4220 infinita
617 4160 717 4239 aliqua
739 4159 888 4218 immineat
901 4159 986 4218 nobis
1005 4162 1148 4240 potentia,
1162 4185 1231 4224 cum

119 4281 179 4340 qun
198 4259 238 4318 ne
261 4254 402 4333 congredi
416 4253 535 4332 quidem
556 4253 667 4323 licebit,
690 4271 750 4312 non
772 4251 876 4312 eadem
890 4253 964 4314 ratio
993 4265 1040 4313 est
1065 4275 1132 4335 quae
1150 4259 1231 4335 prius

120 4355 174 4414 luit
186 4347 376 4420 consulendi,
397 4345 450 4406 sed
474 4357 505 4406 et
528 4355 657 4406 oratores
683 4364 785 4404 omnes
803 4355 834 4404 et
856 4365 908 4406 vos
924 4346 1071 4410 auditores
1086 4353 1234 4430 oportebit

122 4448 233 4536 optimu
245 4454 276 4506 et
291 4441 431 4504 salutaris
445 4439 589 4530 lucillimis
603 4449 633 4500 et
641 4438 863 4518 jucundissimis
877 4439 1032 4504 anteferre.
