2946 4954
224 281 283 348 tto
439 315 442 322 ι
649 286 705 356 DE
726 283 917 358 'CORONd.

221 457 311 536 igitur
322 437 373 537 per
385 469 501 520 omnem
510 459 600 520 vitam
613 478 685 522 usus
699 481 764 522 sum
779 461 908 537 fortuna,
924 477 960 523 ao
974 441 1066 540 multa
1080 461 1138 522 alia
1151 479 1218 540 quse
1233 461 1271 522 de
1281 459 1335 522 ills

222 553 333 655 possim
347 551 444 611 dicere
457 556 658 632 praetermitto,
672 558 782 615 veritus
797 577 834 616 ne
846 556 1000 636 quospiam
1012 535 1169 627 offendam,
1184 555 1254 614 dum
1269 565 1336 616 me·

223 643 321 723 ipsum
335 644 433 704 effero.
1046 675 1048 678 ·

264 739 314 796 79.
335 737 381 796 Tu
395 757 464 798 vero
478 738 520 797 vir
534 739 630 818 gravis
650 751 737 819 atque
752 741 825 801 alios
840 758 1005 820 conspuens
1019 739 1085 800 vide
1106 759 1173 799 cum
1187 739 1244 800 hac
1265 758 1332 800 mea

223 829 361 890 ‘collatam
376 831 496 909 qualem
515 831 642 892 habuisti
664 833 828 892 fortunam:
850 834 888 892 ob
909 849 997 910 quam
1012 832 1123 892 scilicet
1136 850 1211 910 puer
1224 851 1331 910 magna

222 922 252 980 ιιι
273 931 405 1002 egestate
423 923 568 983 educatus
590 945 632 998 es,
652 919 712 982 una
731 944 800 984 cum
819 935 904 1004 patre
924 923 996 1002 ludo
1015 924 1163 983 literarum
1185 923 1330 996 assidens,

223 1023 419 1073 atramentum
430 1024 537 1089 terens,
552 1035 674 1076 scamna
688 1017 818 1096 spongiis
832 1035 971 1095 purgans,
982 1014 1190 1094 paedagogium
1200 1035 1329 1090 verrens,

222 1106 324 1166 famuli
338 1107 412 1180 vice,
426 1125 486 1165 non
500 1109 582 1185 pueri
595 1107 725 1187 ingenui,
738 1109 876 1176 functus3
896 1107 939 1165 vir
953 1115 1051 1165 autem
1064 1107 1161 1166 factus
1176 1107 1261 1166 matri
1275 1107 1331 1165 ini·

224 1199 307 1259 tianti
316 1199 406 1259 libros
417 1201 562 1261 recitabas
573 1201 687 1281 aliaque
697 1201 807 1262 fraudis
818 1201 1011 1261 instrumenta
1021 1199 1108 1258 simul
1119 1199 1329 1274 concinnabas,

196 1315 200 1322 ’
223 1303 313 1352 noctu
327 1312 378 1352 eos
391 1293 441 1371 qui
454 1292 643 1354 initiabantur
657 1291 842 1370 hinnulorum
854 1292 981 1372 pellibus
997 1293 1172 1376 succingens
1187 1305 1217 1352 et
1229 1293 1328 1353 vinnm

222 1385 258 1445 iis
272 1381 438 1474 effundens,
453 1397 483 1445 et
496 1389 618 1469 expians
637 1409 697 1462 eos,
714 1379 744 1449 et
756 1389 820 1448 luto
833 1397 864 1447 et
875 1387 986 1448 furfure
1000 1383 1167 1466 detergens,
1187 1397 1217 1446 et
1230 1388 1329 1467 expia-

217 1478 301 1540 tione
316 1467 437 1560 peracta
450 1497 502 1544 eos
517 1503 635 1564 surgere
653 1479 776 1556 faciens,
790 1491 821 1543 et
836 1481 932 1541 dicere
943 1481 1064 1586 jubens
1073 1479 1144 1539 effu
1154 1480 1188 1562 gi
1216 1500 1245 1538 m
1255 1482 1289 1539 el
1299 1501 1328 1552 a,
1351 1499 1359 1510 ¹

223 1575 356 1654 reperi
383 1574 566 1649 meliora,
593 1576 738 1636 neminem
759 1576 889 1662 unquam
903 1583 963 1634 tam
977 1573 1094 1632 immani
1108 1591 1181 1632 voce
1198 1572 1328 1634 ululasse

225 1664 376 1770 gloriatus,
378 1669 499 1746 -quod
522 1684 579 1746 ego
593 1687 695 1728 verum
709 1657 849 1726 arbitror:
871 1667 960 1726 nolite
975 1664 1053 1745 enim
1075 1664 1241 1724 existimare
1261 1685 1328 1725 eum

129 1777 137 1840 ·¹
224 1759 276 1848 qui
298 1768 359 1817 tam
383 1761 463 1820 clare
482 1759 629 1839 loquatur,
651 1777 710 1818 non
730 1747 843 1820 ululare
865 1759 953 1818 etiam
974 1741 1183 1838 clarissime÷,
1204 1758 1329 1818 interdiu

224 1869 293 1909 vero
313 1852 468 1928 praeclaros
490 1853 556 1912 illos
579 1852 693 1912 thiasos
711 1871 763 1932 per
782 1852 844 1911 vias
863 1851 996 1928 agitabas
1015 1833 1153 1908 foeniculo
1172 1858 1203 1908 et
1221 1851 1331 1930 populo

224 1935 386 2018 ιιιιιιιιιιιοι,Ἀ
400 1945 554 2024 anguibus,
570 1965 644 2024 quos
659 1945 772 2024 parcias
795 1942 913 2014 vocant,
932 1942 1108 2022 compressis
1129 1951 1159 2001 et
1172 1962 1262 2021 supra
1278 1963 1328 2002 ca-

224 2043 279 2112 put
292 2033 375 2096 elatis
379 2037 610 2118 ,clamitausque
629 2057 706 2098 evoe
714 2035 844 2110 saboe
864 2045 894 2096 et
904 2043 1022 2095 carmen
1033 2035 1105 2093 rllud
1114 2034 1333 2115 saltanshyes

223 2136 332 2186 attes
356 2138 458 2197 attes
485 2130 595 2212 hyes,
611 2141 722 2220 auspex
738 2139 768 2188 et
787 2139 957 2188 antecursor
970 2135 1000 2186 et
1017 2125 1162 2208 bederiier
1183 2128 1214 2186 et
1226 2129 1329 2188 vanni

224 2220 268 2278 fer
282 2229 312 2279 et
326 2219 431 2281 similia
444 2223 482 2282 ab
494 2224 621 2283 aniculis
635 2223 788 2302 salutatus,
803 2219 967 2281 mercedem
970 2217 1093 2298 probis
1113 2229 1265 2322 reportans
1286 2221 1329 2279 in·

224 2312 333 2372 tritaet
347 2314 493 2375 scriblitae
504 2325 534 2376 et
549 2316 675 2377 mellitas
691 2295 855 2394 placentas,
870 2313 975 2390 quibos
994 2311 1080 2370 rebus
1095 2311 1161 2388 quis
1181 2331 1241 2371 non
1263 2330 1331 2372 eum

222 2421 291 2464 vere
310 2407 430 2466 beatum
444 2409 584 2488 praedicet
597 2412 758 2488 beatamque
773 2405 919 2465 so'rtunatn
940 2402 1026 2478 ejus?
1049 2399 1210 2486 Postquam
1231 2415 1329 2464 autem

224 2495 253 2555 ln
267 2499 455 2596 popularium
475 2493 575 2562 album
596 2503 752 2580 inscriptus
767 2518 809 2572 es,
824 2516 942 2578 quoquo
963 2494 1053 2555 modo
1071 2494 1103 2552 id
1118 2491 1329 2558 fueritS-mi'tto

225 2590 301 2648 enim
315 2587 422 2667 hoc---‚¹
438 2596 491 2654 sed
504 2585 661 2674 postquam
675 2593 832 2674 inscriptus
852 2611 896 2662 es,
907 2589 1009 2666 statim
1021 2573 1250 2674 pulcherrimum
1265 2609 1327 2650 sus

226 2682 329 2766 cepisti
348 2704 465 2759 munus,
480 2698 514 2746 ut
526 2687 632 2746 infimis
648 2686 864 2766 magistratibus
880 2683 975 2742 scriba
988 2699 1069 2741 esses
1084 2690 1115 2740 et
1133 2681 1326 2743 subserviret.

185 2848 194 2863 ¹
226 2761 342 2844 deinde,
357 2785 389 2834 ut
410 2769 467 2837 hoc
482 2779 570 2838 etiam
587 2795 713 2838 munere·
721 2778 877 2837 defunctus
891 2793 932 2847 es,
945 2775 980 2854 iis
1001 2775 1134 2854 omuibus
1153 2793 1281 2852 quorum
1297 2787 1335 2836 tu·

136 2937 138 2944 ¹
227 2863 326 2922 alios
318 2884 435 2938 rucusas
449 2871 512 2950 ip'se
525 2861 711 2966 perpetratis,
728 2870 801 2930 nihil
816 2867 928 2942 medius
944 2847 1044 2927 fidius
1049 2885 1150 2946 eorum
1173 2887 1240 2946 quse
1263 2869 1325 2928 olim

226 2975 244 3015 a
257 2965 285 3016 te
300 2952 366 3018 a'ct'a
380 2967 449 3021 sunt
462 2959 639 3070 posteriore
631 2963 697 3023 vita
718 2960 911 3033 dedecorasti,
933 2959 987 3019 sed
1002 2959 1070 3018 eum
1092 2959 1221 3039 teipsum
1233 2961 1325 3042 histri-

226 3045 334 3112 onibus
348 3054 405 3115 illis
419 3058 469 3134 qni
474 3047 642 3136 mugitores
664 3053 917 3152 cognominantur,
933 3049 1060 3133 Simylo
1065 3063 1095 3112 et
1116 3053 1241 3127 Socrati,
1255 3066 1325 3114 mar·

226 3145 299 3206 cede
311 3147 484 3225 locavisses,
489 3143 638 3244 tertiarum
650 3145 786 3258 partium
794 3160 841 3215 act
842 3170 874 3209 or
887 3168 963 3222 eras,
973 3149 1049 3208 ficus
1065 3160 1096 3208 et
1109 3135 1181 3208 uvas
1195 3155 1227 3209 et
1240 3151 1326 3210 olvas

144 3243 150 3249 ”
226 3238 380 3316 colligens,
394 3252 538 3339 tanquam
548 3263 695 3324 pomanus
706 3262 741 3302 ex
754 3243 854 3302 aliems
864 3241 975 3309 fundis
989 3239 1109 3321 plura
1085 3242 1123 3300 ob
1134 3241 1198 3302 haec
1208 3243 1327 3302 vulnera

226 3329 372 3408 accipiens
387 3351 474 3414 quam
486 3331 829 3406 in'iissscertaminibus,
824 3355 853 3394 ιιι
875 3329 980 3412 quibus
993 3353 1053 3407 ¹vos
1073 3334 1109 3393 de
1127 3335 1325 3414 vitadimica·

226 3420 295 3489 stist
309 3435 373 3484 erat
383 3421 685 3488 enim'interneeinum
699 3417 730 3488 ei
743 3419 926 3510 implacabile
934 3423 1021 3485 'vobis
1034 3443 1101 3484 cum
1115 3428 1327 3532 spectatoribus

226 3511 346 3583 bellurn,
363 3520 497 3596 aquibus
512 3541 578 3579 cum
593 3511 687 3580 multa
700 3517 819 3580 vulnera
822 3515 989 3596 acceperis,
1002 3526 1083 3576 recte
1096 3536 1146 3577 eos
1145 3519 1213 3623 qui
1225 3519 1330 3578 insueti
1397 3529 1407 3536 ‘

223 3607 467 3684 sunthuJusmodr
474 3607 671 3690 periculorum
679 3622 712 3672 ιιι
722 3612 837 3672 timidos
848 3609 959 3670 irrides.
981 3609 1088 3668 Sed
1051 3609 1147 3699 missis
1136 3609 1330 3717 ἶιιι,ιιιιοιιιιιι

223 3699 344 3779 culpam
357 3702 431 3786 quis
442 3703 476 3762 in
488 3715 709 3801 paupertatem
705 3701 837 3788 conferre
851 3699 955 3808 queat,
973 3701 1011 3760 ad
1025 3720 1065 3780 ea
1076 3679 1196 3782 veniam
1210 3705 1332 3763 crimina

227 3791 294 3868 qu'ae
313 3793 343 3853 in
355 3807 451 3856 mores
465 3807 531 3888 tuos
546 3791 734 3872 conveniunt.
758 3798 831 3856 Eam
846 3796 922 3855 enim
926 3795 1007 3874 reip
1027 3774 1268 3855 administrandae
1278 3811 1331 3876 rte-¹

224 3882 335 3945 tionem
349 3895 469 3952 secutus
483 3911 527 3962 es,
533 3879 702 3968 postquam
716 3890 747 3950 id
781 3885 877 3968 'noque
898 3907 972 3994 opus
988 3887 1069 3968 venit
1086 3887 1159 3946 tibi
1152 3906 1182 3947 ιιι
1201 3869 1332 3950 menteni

226 3983 259 4032 ιιι
281 3981 454 4061 susciperes,
476 3977 556 4042 uude
576 3981 697 4042 florente
703 3907 907 4088 quidemt
856 3993 907 4061 pat
908 3981 950 4041 ria
971 3961 1078 4061 leporis
1098 3981 1189 4040 vitam
1204 3983 1332 4056 viveres,

225 4065 347 4144 horreris
369 4095 403 4134 ae
428 4069 562 4166 tremens
579 4086 610 4138 et
628 4067 777 4174 ιιιιιιιιιιιιιι
805 4083 864 4134 noir
886 4065 1010 4134 verbera
1031 4069 1210 4158 exspectaus
1222 4075 1269 4134 ob
1286 4093 1334 4137 ει

187 4243 195 4252 ¹
222 4169 350 4238 quorum
370 4161 441 4224 tibi
447 4161 582 4256 eqnseius
595 4168 668 4230 eras
678 4165 823 4252 flagitia,
833 4167 987 4229 sedeunt
992 4164 1122 4226 adreisa
1142 4167 1193 4226 alii
1213 4168 1334 4230 sortus
1364 4201 1376 4210 =

224 4253 385 4328 uterentur,
398 4257 481 4317 lelex
496 4271 525 4320 et
535 4247 636 4322 alacer
650 4257 693 4320 ab
702 4255 865 4320 omnibus
858 4257 1036 4337 cei-nereus:
1057 4268 1089 4317 at
1101 4278 1153 4336 qur
1144 4253 1285 4318 mille'
1256 4263 1335 4321 ervi

223 4348 280 4406 bus
294 4347 459 4408 interfectis
467 4353 634 4429 exsultavit,
643 4349 756 4430 qualra
747 4362 803 4412 rste
808 4349 879 4410 ab'
863 4371 896 4410 ns
901 4369 956 4430 qur
964 4351 1190 4432 supersuntpatr
1196 4355 1335 4414 meruit?

220 4440 302 4500 ‘Cum
314 4440 429 4506 multa
422 4441 509 4520 igitur
523 4445 579 4504 ‘alia
588 4445 724 4517 habeam,
732 4463 800 4524 quae
808 4444 912 4524 delato
923 4445 1035 4524 possim
1046 4444 1334 4528 dicetqprsptereot
