2886 4946
256 276 312 340 stt
664 272 723 334 DE
742 271 930 333 CORONA.

251 435 319 494 esse
331 428 440 510 possiti
460 445 513 488 vos
526 427 575 508 qni
588 425 680 488 multu
693 437 724 488 et
737 426 858 506 quidem
866 423 1020 500 merito'de
1038 422 1095 484 illis
1108 422 1191 502 quari
1202 422 1347 502 poteratis

252 533 486 603 proptereaque
498 519 692 602 superioribus
705 519 883 599 temporibus
893 518 924 578 in
937 537 989 578 vos
1002 515 1194 600 deliqperant,
1207 534 1272 574 non
1284 509 1347 576 rno-

254 613 463 694 dopraeteritas
480 613 598 693 injurias
616 631 674 672 non
697 612 842 672 reeordari
863 629 959 690 neque
979 600 1113 670 homines
1132 606 1237 688 injuria
1258 606 1347 668 lasus

254 707 389 772 daseoere
412 707 465 768 scd
487 707 575 768 etiam
598 725 768 766 conservare
790 693 1004 765 cernebamini:
1026 702 1189 780 exquibus
1213 699 1347 780 gloriam,

253 797 497 874 bencwlentiam,
508 799 647 876 honorem
660 798 738 878 apud
751 817 852 858 omnes
863 796 934 856 estis
948 794 1088 878 assecuti.
1128 793 1224 872 Atqui
1237 795 1347 856 multos

250 891 312 970 jam
325 909 361 952 er
373 890 407 950 iis
419 890 470 972 qni
481 892 512 951 in
525 890 672 970 republica
684 889 790 952 versati
800 898 870 949 suut
880 887 995 949 coronis
1003 906 1069 948 esse
1082 906 1101 948 a
1112 885 1195 948 robis
1209 881 1348 962 donatos,

254 994 493 1046 noruntomnes:
513 985 597 1066 cujus
609 1004 679 1045 vero
699 983 771 1044 alius
794 1002 883 1063 opera
901 972 1230 1062 ciritas'ipsacoronam
1243 999 1348 1048 canses

255 1087 325 1164 cute
336 1078 385 1151 sit,
398 1077 554 1139 consiliarii
575 1079 691 1157 inquom
709 1087 740 1136 et
752 1075 886 1147 oratoris,
905 1084 1099 1155 preterquam
1112 1093 1188 1148 mea,
1201 1093 1292 1136 nemo
1306 1083 1350 1137 est

256 1173 306 1252 qui
315 1172 444 1252 proferre
453 1180 550 1250 queat.
740 1178 744 1186 '
762 1224 764 1229 ,

295 1266 346 1322 28.
369 1264 412 1322 Ut
432 1264 519 1342 igitur
539 1274 569 1326 et
587 1262 754 1332 maledicta,
772 1280 838 1340 quse
862 1260 918 1320 iste
939 1259 969 1318 in
989 1259 1119 1318 Euboeos
1139 1265 1173 1323 ct
1187 1257 1348 1338 Byzantios

256 1353 369 1428 effutiit,
383 1373 450 1414 cum
464 1354 560 1434 siquid
573 1353 647 1414 iorte
660 1353 791 1433 asperius
805 1354 841 1412 ab
855 1349 913 1411 illis
928 1360 1030 1411 contra
1042 1369 1096 1410 nos
1105 1358 1203 1410 auum
1217 1352 1256 1410 sit
1268 1370 1347 1411 com-

256 1448 443 1518 memorabat,
456 1465 550 1507 meras
568 1465 630 1506 esse
650 1445 811 1505 calumnias
829 1441 992 1516 ostendam,
1013 1461 1072 1503 non
1094 1465 1130 1504 eo
1149 1441 1246 1503 solnm
1269 1443 1347 1522 quod

170 1527 175 1538 ’
255 1538 329 1600 salsa
341 1538 506 1600 ιιιιιι-Ιιιιι
520 1539 596 1601 enim
610 1538 684 1602 scire
692 1539 755 1618 jam
767 1557 821 1598 vos
834 1535 1017 1608 existimo-,
1033 1535 1086 1596 sed
1103 1537 1195 1615 quod,
1208 1545 1243 1596 nt
1256 1537 1347 1596 maxi·

255 1648 302 1690 me
314 1649 384 1692 vera
392 1639 501 1702 essem,
515 1644 613 1690 tamen
625 1631 668 1691 ita
678 1641 712 1690 nt
720 1650 777 1711 ego
793 1649 844 1690 eas
852 1629 1019 1690 moderatus
1032 1649 1098 1690 sum
1107 1650 1152 1690 rer
1160 1631 1281 1693 tractam
1291 1631 1347 1690 uti-

254 1711 481 1794 lissimnm'init'
495 1739 586 1782 unum
602 1713 829 1802 atque'alterum
842 1741 910 1803 quas
924 1721 1003 1802 apud
1016 1739 1070 1782 ros
1091 1720 1158 1781 cnm
1176 1719 1348 1806 reipublice

255 1812 347 1892 gloria
360 1805 444 1892 gesta
456 1813 603 1874 suntvolo
619 1834 774 1894 exponere,
796 1825 883 1894 atque
906 1815 1072 1892 espancis.
1112 1812 1191 1872 Nam
1202 1823 1346 1872 etunnm·

253 1923 398 1984 quemque
414 1895 550 1984 privatim
563 1915 601 1982 ,et
622 1904 766 1966 civitatem
784 1915 899 1983 oportet
920 1903 1035 1984 publice
1059 1903 1099 1962 ad
1126 1905 1348 1984 preclarissimus

256 2015 323 2075 qua
333 1997 387 2056 sibi
400 2006 518 2056 exeunt
528 1997 662 2078 exempla
680 1997 806 2075 reliques
819 2012 933 2073 semper
952 1995 1083 2056 actiones
1100 1997 1200 2056 conari
1213 1996 1347 2077 dirigere.

256 2087 428 2167 vosigitur,
442 2088 647 2160 Athenienses,
660 2109 728 2149 curu
743 2085 956 2148 lacedemonii
968 2095 1046 2146 terra
1068 2087 1199 2168 marique
1215 2090 1348 2153 domina·

257 2189 369 2253 rentur,
382 2189 530 2259 totamque
546 2169 671 2266 Atticam
685 2180 830 2260 prefectis
843 2199 878 2240 ac
887 2173 1029 2258 praesidiis
1043 2177 1238 2262 undequaque
1252 2185 1348 2245 obses·

256 2291 319 2333 sam
342 2280 484 2346 tenerent,
505 2271 657 2342 Euboeam,
677 2267 852 2351 Tanagram,
872 2269 1016 2331 Braotiam
1033 2289 1158 2344 omnem,
1182 2271 1347 2352 Megaram,

256 2364 403 2446 AEginarn,
428 2364 566 2438 Cleonas,
591 2373 712 2425 caeteras
732 2363 843 2426 insulas
864 2361 1015 2437 haberent,
1035 2383 1103 2424 unm
1119 2363 1226 2426 civitati
1239 2377 1344 2428 nostra

255 2475 316 2516 non
328 2456 435 2519 moenia
449 2477 509 2518 non
521 2475 610 2516 naves
623 2467 732 2528 essent,
747 2457 785 2517 ad
797 2456 960 2520 Haliartum
973 2452 1085 2534 egressi
1098 2457 1168 2518 estis
1186 2460 1344 2540 iterumque

256 2568 316 2609 non
333 2549 429 2609 multis
442 2559 511 2630 post
523 2549 626 2609 diebus
641 2549 679 2608 ad
693 2549 876 2621 Corinthum,
889 2567 949 2628 quo
967 2557 1097 2629 tempore
1109 2551 1218 2612 multas
1231 2554 1344 2632 quidem

257 2642 375 2720 injurias
389 2641 408 2701 ii
421 2641 471 2728 qni
484 2651 547 2702 tom
562 2643 698 2704 vivebant
718 2641 914 2702 Athenienses
934 2637 1082 2716 recordari
1099 2653 1129 2703 et
1141 2644 1271 2721 objicere
1283 2665 1343 2726 pos·

257 2743 324 2794 sent
336 2742 399 2792 turn
417 2732 575 2794 Corinthiis
598 2743 659 2792 tum
672 2733 818 2794 Thebanis
832 2735 870 2794 ob
885 2753 922 2795 ea
934 2755 1000 2814 qnae
1011 2733 1089 2796 bello
1101 2735 1246 2800 Decelico
1261 2737 1344 2799 admi·

256 2837 365 2885 aersnt:
387 2827 440 2886 scd
463 2845 522 2888 non
548 2827 590 2892 ita
611 2827 752 2896 fecerunt,
773 2826 843 2905 quin
865 2826 989 2888 multum
1015 2827 1115 2888 abluit.
1133 2881 1138 2894 ,
1168 2830 1268 2910 Atque
1292 2831 1342 2890 hoc
1429 2869 1430 2876 ι

256 2925 421 2997 utrumqne,
444 2917 589 2988 AEschine,
611 2937 704 2996 neque
724 2937 777 2998 pro
787 2920 862 2978 bene
875 2917 913 2978 de
927 2939 960 2978 se
973 2913 1081 2979 meritis
1094 2920 1243 2981 faciebant
1255 2943 1340 3002 neque
1429 2915 1430 2930 ἶ

256 3028 293 3068 aa
312 3009 441 3088 periculo
458 3028 553 3068 vacua
572 3029 635 3068 esse
651 2999 818 3069 'cernebant
868 3008 909 3068 At
922 3029 982 3068 non
995 3009 1104 3068 ideirco
1117 3020 1218 3072 tamen
1233 3015 1340 3076 desere·

135 3131 140 3138 ·
257 3103 389 3161 banteos
403 3101 453 3179 qui
468 3093 506 3160 sd
517 3110 549 3161 s'e
559 3101 761 3180 confugerant,
775 3102 845 3180 quin
858 3120 912 3179 pro
926 3100 1018 3180 gloria
1028 3091 1179 3162 ethonore
1200 3105 1230 3164 in
1248 3107 1339 3168 discu-
1428 3125 1429 3185 l

257 3193 336 3252 mine
348 3213 380 3252 sc
394 3192 519 3272 objicere
531 3187 698 3270 cupiebant,
706 3201 788 3276 recto
800 3203 831 3251 ct
842 3191 1036 3271 pulcherrimo
1044 3192 1090 3252 usi
1101 3193 1235 3256 consilio.
1257 3199 1339 3258 Narn-

258 3305 316 3364 que
329 3285 463 3346 omnibus
485 3283 651 3344 horninibus
673 3282 740 3342 vitm
759 3284 900 3343 terminus
917 3303 995 3345 mors
1009 3295 1066 3358 est,
1078 3284 1126 3345 vel
1140 3285 1271 3352 sicavea
1282 3291 1338 3369 quis

258 3396 291 3438 se
305 3378 367 3456 ipse
381 3377 548 3438 conclusum
561 3386 680 3437 teneat:
700 3374 778 3436 viros
787 3395 856 3436 vero
868 3371 958 3438 fortes
967 3377 1092 3438 honesta
1105 3397 1220 3459 semper
1230 3382 1340 3465 aggredi
1426 3449 1427 3454 η

259 3477 383 3548 oportet,
400 3483 483 3547 spem
501 3481 570 3528 ante
584 3489 617 3528 se
635 3470 743 3528 bonam
756 3463 965 3548 proponentes,
978 3469 1075 3530 subire
1085 3479 1183 3530 antem
1195 3475 1338 3551 quodcun-

165 3599 169 3608 -
259 3581 317 3641 qne
330 3557 402 3620 deus
416 3561 531 3620 dederit
544 3579 692 3640 generose.
720 3560 795 3620 Huc
808 3559 956 3620 ludebant
968 3561 1058 3622 sesai
1074 3562 1212 3641 majores,
1223 3565 1340 3644 hecqni

258 3655 396 3714 intervos
409 3662 494 3712 aetatc
508 3653 578 3712 estis
593 3649 773 3732 grandiores,
788 3653 839 3733 qni
853 3651 1101 3725 Lacedoem'onios,
1125 3672 1220 3734 neque
1240 3655 1338 3718 amicos
1425 3689 1426 3692 ¹

258 3767 353 3826 neque
365 3745 488 3806 beneda
502 3746 582 3804 vobis
595 3745 724 3819 meritos,
733 3746 804 3824 quin
817 3745 971 3806 multarum
984 3754 1014 3805 ct
1024 3745 1193 3824 graviumin
1202 3749 1337 3811 civitatem

210 3843 213 3851 '
260 3837 569 3915 nostramiajnriarum
583 3846 895 3918 auctores,‚poaqnam
916 3836 1050 3900 Thebani
1063 3839 1337 3904 victoriaminbsn-

261 3931 329 3994 etris
348 3927 498 3994 consecuti
512 3930 554 3990 de
562 3929 656 3992 medio
674 3931 779 3991 tollere
790 3931 888 4006 conati
898 3939 981 4010 sunt,
994 3933 1232 4009 abstitistir„nou
1245 3938 1337 3999 robore

262 4019 412 4101 gloriaque
430 4023 483 4084 illa
496 4041 556 4103 qua
567 4032 629 4082 tum
642 4019 786 4085 florebant
796 4023 934 4084 Thebani
945 4025 1099 4104 patema
1112 4039 1209 4108 neque
1221 4047 1271 4110 pro
1278 4027 1336 4108 qni-

260 4112 492 4182 bushorninibns
505 4125 536 4175 et
547 4113 646 4196 qualia
657 4124 724 4196 post
737 4117 773 4175 ab
786 4117 821 4176 iis
834 4115 964 4177 admissa
973 4117 1114 4180 storbon
1127 4122 1282 4200 periculum
1292 4137 1339 4178 esa

262 4203 334 4262 sctis
346 4202 460 4270 [adituri
476 4203 658 4287 'aptatae
697 4208 800 4288 ltaque
813 4208 859 4268 bis
873 4209 958 4269 lauhs
972 4209 1087 4272 Grauis
1099 4213 1233 4276 omnbus
1246 4211 1335 4272 decla-

261 4297 359 4367 rastis,
381 4316 443 4369 vos,
467 4299 557 4377 siquis
583 4299 693 4362 eoram-
709 4303 740 4362 in
759 4322 812 4364 vos
830 4305 1016 4384 quantumuis
1036 4307 1164 4385 grauiter
1186 4307 1335 4387 deliquerit,

261 4381 437 4449 madian
450 4389 589 4460 amaras
600 4388 667 4453 eum
681 4395 746 4464 aliis
758 4395 788 4468 ip
801 4395 1039 4473 rebus'retinere,
1053 4398 1098 4461 m'n
1115 4400 1231 4480 aliquod
1241 4400 1269 4460 is
1280 4398 1333 4460 dis-
