2912 4946
4 4393 8 4530 j

244 307 303 403 raa
618 305 677 368 'ru
696 295 911 400 ¹a'ttttoattttt
933 307 973 370 tr.
1022 372 1025 376 ,

240 480 363 540 eamque
377 479 498 522 uxorem
512 460 554 521 illi
566 461 737 542 despondit,
748 483 794 524 me
806 461 961 544 reroapud
969 477 1071 524 omues
1078 464 1277 528 eommuniter
1285 483 1338 526 una

241 574 309 614 oum
321 554 447 634 pecunia
457 554 596 632 deposuit
615 566 646 616 et
658 555 809 616 mandarit
826 565 860 616 ut
873 566 905 617 et
918 555 1040 616 domum
1055 555 1188 621 locarent
1206 569 1238 618 et
1256 561 1338 638 patri-

242 647 331 708 monii
345 645 538 708 conservandi
552 647 701 727 adjutores
712 657 822 722 esseut,
835 657 904 708 mm
920 649 1006 711 simui
1020 659 1051 708 et
1062 648 1248 730 Therippidoe
1262 661 1337 712 octo·

230 739 324 824 ¹ginta
335 739 401 803 illas
415 738 508 812 mitras
518 739 640 828 legaret,
652 751 684 806 et
696 739 745 808 isti
758 749 821 800 tum
835 748 957 804 matrem
971 759 1067 808 meam
1081 741 1280 834 desponderet
1292 763 1337 814 oe·

237 832 355 918 tugiuts
365 831 450 902 mittit
462 829 581 906 additu,
591 841 653 900 tum
665 853 711 894 rue
719 833 750 900 in
760 832 823 914 ejus
835 853 934 922 genua
942 832 1113 922 imponeret.
1135 835 1269 904 Quorum
1278 836 1336 910 iste,

238 926 368 985 omnium
390 925 540 985 hominum
559 917 816 996 sceleratissimus,
831 925 942 986 nullius
962 927 1105 1000 rationem
1122 927 1230 1002 reddit,
1250 917 1336 1018 quarr-

238 1035 328 1097 quam
341 1017 387 1077 his
401 1016 617 1076 conditionibus
628 1018 701 1078 meis
714 1019 820 1098 opibus
831 1020 959 1098 potitust
972 1019 1035 1093 sed,
1045 1029 1204 1099 postquam
1217 1013 1337 1100 pecunia

237 1109 317 1170 omni
336 1128 403 1168 eum
423 1109 688 1188 contutaribusme
701 1110 857 1183 fraudavit,
872 1131 951 1172 nune
966 1111 1194 1172 misericordiam
1215 1121 1335 1174 vestram

236 1202 414 1282 implorabit,
421 1203 471 1280 qui
487 1221 542 1261 nec
554 1202 744 1282 septuaginta
753 1204 847 1262 minas
856 1203 1005 1282 aequantia
1014 1204 1117 1264 tertius
1124 1202 1188 1284 ipse
1199 1205 1338 1267 restituit:

235 1295 344 1364 deiude
355 1295 402 1360 his
410 1293 482 1375 ipsis
492 1295 580 1362 etan
591 1295 669 1368 idam
678 1295 799 1370 iusidias
810 1294 943 1368 tetendit
966 1295 1336 1380 cuusnintssautono

148 1463 151 1468 f
228 1397 340 1462 eontra
357 1406 409 1454 eos
430 1386 630 1468 instituissem,
651 1385 814 1468 effecerunt
835 1397 869 1448 ut
881 1387 920 1455 tle
933 1386 1147 1472 permutatione
1165 1387 1335 1462 facultatum

234 1487 298 1547 dies
311 1485 383 1556 milri
396 1485 555 1560 (lineretur,
573 1496 616 1560 pt,
638 1485 663 1544 si
682 1484 1042 1564 quidempetmutassem,
1063 1483 1138 1561 mihi
1157 1505 1218 1556 non
1237 1485 1335 1559 ,litlettt

229 1579 281 1658 jus
298 1597 395 1638 meum
415 1579 453 1638 ab
477 1579 518 1638 eis
535 1577 682 1658 persequi,
701 1577 782 1656 quod
803 1577 870 1638 lites
889 1577 977 1636 etiarn
997 1578 1192 1683 permutqntis
1218 1577 1333 1639 fierent:

235 1671 280 1730 siu
295 1671 367 1731 nihil
379 1669 644 1756 horum'ieoissem,
659 1681 693 1731 ut
707 1669 746 1728 de
759 1689 789 1733 re
804 1669 886 1729 tenui
903 1687 1026 1737 munera
1044 1669 1163 1750 publica
1189 1672 1334 1732 sustinens
1387 1711 1391 1720 ·

233 1764 349 1841 penitus
372 1763 542 1823 eonfieerer.
578 1763 676 1841 Atque
697 1761 726 1820 in
747 1781 783 1821 ea
802 1781 834 1821 re
852 1779 972 1840 operam
992 1761 1112 1822 navavit
1131 1761 1190 1821 illis
1206 1763 1331 1844 Thrasy·

226 1857 339 1934 laetus
363 1855 579 1942 Auaqsrssius,
618 1855 686 1934 ago
709 1874 788 1924 soro,
816 1853 897 1924 nula
915 1853 1018 1924 tabita
1044 1873 1145 1926 tatto
1170 1874 1270 1928 rerum
1289 1875 1331 1930 ta·

232 1951 322 2022 tione.
336 1950 500 2030 permutari
513 1949 644 2027 sudent,
657 1948 712 2016 sed
727 1947 805 2016 illud
818 1947 937 2026 excepi,
950 1945 1066 2017 uniti
1079 1946 1229 2027 rodoan
1244 1948 1331 2029 istae·

230 2055 308 2112 trare
326 2044 438 2109 linerat.
480 2043 568 2110 Quod
579 2059 646 2109 uum
660 2050 827 2121 negaretur,
841 2051 995 2120 ettempus
1007 2040 1140 2113 instaret..
1153 2059 1193 2112 tro
1207 2041 1331 2120 mirarer

231 2136 604 2208 aetionibrrmbiirnuuus,
613 2135 813 2214 oppigneratis
822 2133 1054 2202 mousson
1063 2151 1095 2203 rs
1106 2151 1177 2204 rora
1185 2132 1331 2206 optim

230 2247 297 2288 nam
313 2227 444 2289 actiones
453 2227 482 2286 in
496 2227 570 2286 istos
581 2226 664 2305 apud¹
673 2236 801 2286 vestram
814 2225 904 2285 iidem
919 2224 1066 2306 deponere
1080 2226 1228 2288 volebam.

270 2323 300 2380 5.
322 2322 373 2379 An
386 2339 446 2380 non
461 2319 560 2398 igitur.
568 2318 630 2397 jam
651 2319 720 2387 iude
743 2319 781 2378 ab
801 2317 884 2388 initio
905 2318 1071 2398 insignibus
1085 2317 1196 2399 injuriis
1210 2339 1276 2380 sum
1290 2321 1331 2382 af-

230 2414 351 2477 fectus?
372 2434 410 2474 an
433 2432 492 2473 non
505 2412 672 2473 luculentis
688 2413 777 2473 etiam
792 2413 917 2485 damnis,
931 2412 1001 2472 dum
1020 2412 1069 2492 jus
1092 2432 1190 2474 meum
1203 2414 1330 2494 postulo,

229 2507 267 2568 ab
280 2507 322 2568 eis
335 2505 470 2572 affiniori
489 2507 568 2582 Quor
588 2507 658 2566 sero
676 2515 816 2576 uestrum,
830 2523 890 2564 noa
913 2517 943 2564 et
965 2504 1016 2564 isti
1035 2506 1103 2584 jure
1124 2505 1280 2580 invideret,
1303 2517 1331 2568 et

228 2600 321 2662 nostri
334 2599 530 2672 misereretur,
542 2599 592 2678 qui
604 2586 704 2658 rideat
715 2597 764 2658 isti
774 2596 814 2658 ad
824 2606 976 2677 aeeeptum
991 2617 1009 2657 a
1022 2597 1267 2678 suiapareatibus
1281 2619 1330 2680 pa-

227 2693 394 2754 trimonium
413 2691 538 2770 amplius
552 2691 661 2751 decem·
670 2691 813 2751 talentum
827 2709 909 2750 meas
924 2709 996 2770 opes
1010 2709 1077 2770 quae
1100 2701 1193 2751 tantm
1212 2691 1330 2752 fuerunt

228 2783 395 2856 accessisse,
409 2801 463 2842 nos
477 2802 546 2843 vero
556 2802 616 2842 oon
626 2783 715 2868 modo
723 2782 851 2869 paternis
862 2781 948 2843 bonis
958 2781 1114 2856 excidisse,
1122 2783 1175 2842 sed
1187 2782 1236 2846 his
1245 2785 1336 2844 etiam·

216 2896 294 2957 'qum
317 2895 395 2936 nunc
418 2875 527 2935 tradita
547 2885 617 2936 sunt
642 2875 766 2936 istorum
787 2875 974 2954 improbitate
996 2894 1063 2934 esse
1077 2874 1242 2955 spoliatosl
1264 2877 1329 2946 Quo

224 2987 295 3030 veru
322 2989 378 3028 uos
399 2968 582 3046 recipiemus,
608 2967 634 3028 si
659 2987 711 3028 vos
732 2967 778 3033 hir
800 2967 839 3026 rie
866 2967 955 3026 rebus
983 2966 1068 3027 aliter
1089 2987 1180 3048 quam
1202 2987 1259 3049 pro
1274 2987 1329 3029 ex·

225 3061 409 3141 spectatione
436 3069 538 3120 nostra
557 3059 734 3118 sententiam
757 3055 877 3118 deretini
898 3056 946 3116 Ad
960 3075 1035 3118 eane
1048 3077 1116 3137 qum
1131 3058 1329 3133 meditandas

219 3141 502 3234 oppigneravimuai
524 3151 584 3211 Sed
598 3151 773 3212 creditorum
791 3165 828 3210 aa
848 3159 926 3212 runt.
967 3150 1016 3221 Ad
1028 3161 1152 3212 cataras
1172 3153 1329 3232 reliquias?

226 3245 281 3304 Eae
302 3265 372 3306 vero
388 3246 471 3305 istius
494 3245 576 3317 fient,
597 3245 622 3304 si
646 3243 788 3304 mulctam
807 3243 921 3303 solvere
942 3262 1093 3322 cogemur.
1137 3246 1249 3320 Nolite,
1276 3249 1329 3307 Ju-

224 3338 316 3411 dioes,
327 3337 418 3397 nolite
440 3355 494 3396 nos
507 3336 538 3396 in
553 3342 638 3412 tanta
649 3335 729 3411 mala
744 3335 905 3418 perdicere,
924 3354 1019 3414 neque
1041 3347 1166 3396 matrem
1180 3349 1213 3398 et
1233 3359 1284 3398 me
1301 3347 1330 3398 et

225 3447 355 3504 sororem
378 3430 428 3510 qui
450 3449 551 3490 sumus
571 3429 700 3516 indignis
725 3428 839 3508 accepti
858 3426 954 3490 modis
968 3428 1128 3508 negligite:
1150 3449 1226 3510 quos
1245 3443 1329 3511 pater

219 3536 335 3584 tronea
348 3520 547 3602 spenreliquit,
562 3521 616 3581 red
636 3520 758 3583 aiteram
778 3529 918 3600 tanquam
940 3510 1142 3602 oenophoro
1161 3523 1234 3588 dote
1253 3524 1329 3584 dao-

223 3607 288 3676 rum
308 3615 450 3676 talentum
465 3615 535 3676 data
552 3624 721 3694 nupturam,
738 3613 860 3676 alteram
876 3613 927 3674 isti
945 3614 1098 3675 hominum
1117 3617 1329 3678 omnium-ere·

220 3709 374 3776 deliasimo
397 3709 482 3770 minis
501 3707 655 3787 octoginta
671 3707 754 3788 daos
770 3707 964 3781 'adorandam
989 3727 1038 3768 me
1059 3725 1131 3770 ueto
1150 3710 1235 3774 uobis
1263 3729 1331 3772 sue·

205 3807 372 3880 ‘'cessorem
390 3819 493 3863 eomm
510 3819 668 3860 munerum
685 3799 828 3860 'futurum
850 3819 918 3879 qum
939 3801 1005 3881 ipae
1028 3801 1174 3864 murts
1196 3804 1330 3865 abisset.

219 3895 383 3956 Subvenite
399 3893 488 3988 igitur
506 3891 778 3966 nobissubreuite,
797 3903 863 3953 tum
871 3893 1074 3973 justitiae-tum
1085 3904 1184 3970 vestra
1195 3896 1331 3978 iptorum

218 3980 324 4061 eausa,
337 3996 400 4047 tum
413 3993 545 4067 *propter
563 3995 618 4046 nos
641 3996 813 4066 patremque
833 3985 1018 4046 deiunomm.
1055 3986 1246 4049 &onsemte
1269 4006 1332 4063 ma

221 4081 395 4140 miseremini
416 4073 495 4138 mei:
515 4088 673 4160 postquam
700 4077 748 4138 isti
774 4079 894 4157 cognati
920 4079 1015 4139 nostri
1037 4079 1147 4140 miserti
1163 4099 1224 4140 non
1248 4093 1332 4156 sunt

215 4171 260 4233 ad
273 4180 400 4232 vestram
420 4172 508 4232 iidem
521 4171 727 4252 eonfflglmus.
749 4171 895 4254 Olpseoro,
905 4173 1038 4232 obtestor
1057 4185 1113 4252 per
1132 4173 1252 4247 liberos,
1276 4195 1333 4255 per

214 4267 337 4336 ‘promsi
346 4263 549 4344 perquioquid
563 4264 647 4324 vobis
662 4265 808 4323 bonorum
823 4275 878 4324 est.
900 4263 1240 4337 sternutamentis
1255 4281 1332 4346 neg-

129 4367 131 4371 ·
216 4355 301 4436 digito
318 4373 378 4433 me,
398 4356 592 4435 nequedreite
601 4365 750 4438 utmater,
760 4356 848 4418 etiam
857 4356 1031 4451 ieliquaspe
1043 4359 1250 4426 sustemandoe
1261 4359 1335 4420 situ

207 4447 417 4522 ,inrstrata'se
437 4447 509 4528 quid
528 4447 847 4530 indignumpatiatur:
868 4467 936 4532 qua
954 4456 1038 4513 aunt
1051 4446 1116 4514 iore
1133 4453 1219 4531 putat
1233 4461 1272 4512 ut
1284 4471 1333 4514 me
