2932 4952
236 279 295 338 408
478 333 483 342 ,
527 269 698 339 CONTRA
720 271 1053 337 nnlsrocun‘run.

235 431 352 493 civitate
371 431 528 505 donarunt,
545 433 626 511 quod
640 450 708 494 eum
723 432 867 492 *honorem
887 429 1088 500 esseabunue
1108 444 1246 509 magnum
1268 443 1339 507 qi.

227 524 396 585 stimerent.
418 523 531 583 Rursus
547 523 708 597 Perdiccae,
723 524 871 586 Barbarici
890 525 961 584 belli
974 524 1157 604 temporibus
1178 525 1209 583 in
1229 525 1343 582 Mece-

234 615 324 684 ⁴donia
345 616 489 695 regnanti,
509 618 567 694 qui,
583 615 870 678 Barbarns'Plataeis
891 616 1062 676 recedentes
1082 616 1240 686 ceciderat,
1260 613 1346 676 effe-

234 717 374 787 ceratque
388 718 422 768 ut
434 709 511 787 regis
535 707 689 768 Persarum
704 708 804 768 clades
824 709 938 786 integra
956 717 1045 781 esset,
1058 728 1119 767 non
1141 709 1348 768 decreverunt

234 801 344 875 abduci
356 800 444 860 licere
455 819 532 872 eum,
545 800 569 859 si
582 801 647 878 quis
659 800 840 874 Perdiccam,
854 800 945 880 quiin
959 811 1087 860 vestram
1102 799 1223 879 gratiam
1236 797 1358 862 inimi·s

234 892 319 969 citios
338 891 417 972 regis
441 892 597 952 Persarum
616 903 796 971 susceperat,
816 891 989 960 occidissem
1012 891 1066 952 sed
1082 901 1196 951 tantum
1214 890 1347 950 civitate

235 984 392 1044 donarunt.
415 983 492 1057 Nam
505 982 561 1042 illis
572 985 753 1062 temporibus
766 1003 910 1044 consensu
922 983 1084 1042 mortalium
1093 982 1220 1042 omnium
1230 991 1346 1041 tantus

235 1075 329 1136 honos
352 1076 510 1161 putabatur
524 1075 711 1135 Atheniensis
731 1075 855 1136 civitatis
869 1075 920 1154 jue
933 1073 1064 1154 adipisci,
1076 1085 1112 1133 nt
1132 1093 1184 1153 pro
1205 1092 1241 1132 eo
1259 1092 1345 1132 con·

234 1168 398 1247 sequendo,
413 1166 539 1227 tautain
560 1186 614 1226 nos
629 1167 772 1227 beneficia
791 1166 923 1227 conferre
945 1167 1071 1226 vellent:
1092 1185 1171 1224 nunc
1192 1166 1278 1224 idern.
1298 1167 1348 1228 ita

232 1259 442 1331 contemnitur,
453 1269 487 1318 ut
495 1258 673 1322 hochenere
682 1259 777 1320 ornati
784 1259 869 1319 multi
876 1258 1070 1338 pluribusvos
1077 1258 1163 1318 malis
1171 1257 1346 1332 affecerint,

235 1370 323 1432 quarn
337 1351 429 1428 aperti
443 1350 555 1410 hostes.
805 1345 808 1353 ’

244 1493 247 1502 .
268 1447 326 1504 62.
348 1443 451 1521 Neque
475 1461 544 1502 vero
572 1443 630 1503 boc
650 1443 744 1503 solum
765 1462 870 1502 munus
896 1454 1005 1503 nostres
1026 1443 1105 1504 urbis
1128 1445 1273 1520 abjectum
1312 1453 1346 1504 et

233 1535 290 1596 vile
303 1536 412 1596 factum
427 1545 482 1608 est,
503 1535 557 1594 sed
573 1547 605 1596 et
624 1537 847 1607 ceteraomnia,
860 1546 977 1616 propter
999 1537 1217 1596 exsecrabilium
1232 1545 1263 1596 et
1280 1557 1344 1596 ne-

232 1629 371 1690 fariorum
385 1637 540 1700 oraturum,
556 1628 606 1708 qui
624 1629 695 1690 talia
714 1639 824 1690 temere
840 1629 980 1703 scribunt,
1003 1631 1233 1710 improbitatem
1256 1649 1346 1708 quo·

233 1741 297 1782 rum
311 1721 432 1782 avaritia
444 1731 475 1782 et
484 1721 585 1781 sordes
599 1721 629 1780 in
643 1731 708 1782 tam
716 1722 891 1790 immensum
905 1731 1104 1794 excreverunt,
1119 1733 1152 1782 ut
1165 1721 1298 1782 honores
1313 1733 1347 1783 et

190 1891 197 1904 ·
233 1814 356 1894 proemia
365 1814 514 1886 vestratis,
528 1824 669 1893 tanquam
683 1814 703 1872 ii
715 1814 765 1892 qui
778 1807 906 1872 m'inutas
920 1833 966 1887 res
981 1824 1012 1873 et
1024 1834 1114 1893 supra
1126 1814 1244 1874 modum
1258 1813 1345 1874 viles

234 1905 450 1976 auctionantur,
466 1904 507 1964 sic
519 1903 661 1973 vendant,
674 1903 711 1963 de
719 1904 813 1983 pretio
824 1903 1022 1978 detrahentes,
1033 1916 1064 1963 et
1074 1904 1173 1965 multis
1181 1905 1217 1964 ob
1227 1906 1346 1966 eadem

233 1996 285 2056 illa
297 1995 404 2055 lucella
416 1995 614 2078 scriptitantes
627 1996 767 2072 quicquid
777 1995 897 2054 omnino
906 1997 1079 2074 optaverint.
1104 1997 1232 2056 Primum
1242 1999 1344 2070 enim,

193 2141 198 2148 .
234 2098 270 2152 ut
282 2107 300 2146 a
312 2086 467 2166 postremis
478 2085 634 2155 ordiamur,
647 2085 873 2146 Ariobarzanem
887 2087 980 2160 illum,
993 2107 1056 2158 uon¹
1067 2089 1161 2167 ipsum
1176 2097 1293 2148 tantum
1311 2101 1347 2150 et

234 2183 300 2259 ejus
314 2178 389 2237 filios
404 2195 528 2238 numero
538 2188 598 2236 tres
611 2177 873 2253 omuibusdignati
888 2188 1154 2256 eumquaecunque
1167 2179 1344 2255 voluerunt,

235 2273 289 2332 sed
304 2281 335 2332 et
346 2270 421 2329 duos
434 2269 606 2349 Abydenus,
618 2268 821 2329 infestissimos
835 2267 1061 2328 Atheniensium
1074 2271 1186 2342 hostes,
1199 2271 1344 2336 homines

234 2361 472 2442 improbissimos,
483 2362 509 2422 ei
523 2361 727 2436 adjunxerunt,
743 2359 903 2439 Philiscum
917 2369 948 2420 et
960 2360 1104 2439 Agarum.
1128 2363 1253 2436 Rursus,
1266 2385 1344 2428 eum

235 2455 407 2516 Timotheus
422 2455 519 2514 officio
530 2454 647 2514 functus
660 2469 804 2532 ergarus,
818 2461 847 2511 et
860 2471 922 2511 rem
939 2453 1016 2512 bene
1030 2455 1159 2532 gessisse
1178 2455 1344 2533 videretur,

234 2559 429 2630 praeterquam
450 2545 529 2626 quod
545 2546 571 2608 ei
593 2563 708 2606 summa
724 2545 821 2606 omnia
846 2545 999 2618 dederant,
1020 2545 1188 2624 adjecerunt
1201 2555 1343 2612 vauctarii
1398 2599 1404 2608 ,

235 2642 297 2700 vice
307 2641 394 2713 duos,
407 2638 623 2698 Phrasieridem
637 2647 667 2698 et
685 2635 906 2716 Polysthenem,
925 2636 1057 2696 homines
1076 2641 1277 2717 (nequeenim
1293 2644 1343 2703 in-

236 2731 324 2812 genui
338 2717 418 2805 sunt)
431 2730 573 2810 perditos,
587 2739 619 2790 et
626 2729 736 2790 talibus
746 2757 748 2764 ⁴
757 2728 936 2789 facinoribus
947 2738 1074 2808 opertos,
1085 2749 1103 2790 a
1114 2751 1341 2812 quorumcum-

235 2823 444 2885 memoratione
458 2821 546 2882 homo
564 2822 704 2882 cordatus
718 2821 881 2882 abhorreat.
903 2821 992 2880 Nunc
1005 2832 1165 2900 postremo,
1179 2837 1341 2904 postquam

237 2909 459 2994 Cersohleptem
469 2914 515 2974 his
527 2913 639 2994 dignati
653 2922 733 2985 sunt,
748 2933 814 2992 quse
826 2913 902 2992 ipsis.
911 2914 1093 2987 videbantur,
1108 2925 1137 2974 et
1146 2935 1185 2976 ea·
1195 2937 1244 2978 res
1255 2940 1339 2982 sum·
1392 2966 1397 2975 .

236 3011 292 3092 nris
306 2997 583 3085 studiis'agebatur,
604 3007 679 3066 duos
700 3006 727 3065 ei
741 3006 917 3092 adjungunt,
938 3005 1072 3080 alterum,
1085 3009 1136 3085 qui
1154 3019 1242 3070 tanta
1257 3013 1341 3076 mala

234 3103 316 3176 fecit,
326 3109 436 3179 quanta
446 3098 610 3178 audivistis,
620 3097 753 3170 alterum,
765 3117 852 3177 quem
861 3105 978 3176 prorsus
988 3099 1236 3161 nemohominurn
1246 3107 1341 3179 norit,

237 3196 372 3275 quisnam
387 3193 434 3264 sit,
444 3191 600 3278 Eudercen
610 3190 736 3250 nomine.
759 3191 861 3268 ltaque
872 3190 942 3252 dum
953 3190 995 3249 ita
1005 3190 1048 3264 fit,
1062 3211 1129 3269 qure
1144 3213 1254 3273 magna
1265 3197 1339 3258 olim

235 3289 430 3358 habebantur,
444 3303 526 3344 nunc
542 3284 623 3361 parvi
637 3283 827 3356 aestimantur,
845 3291 935 3341 atres
949 3282 979 3340 in
994 3283 1057 3342 dies
1070 3294 1196 3362 vagatur
1207 3288 1340 3367 longius,

236 3367 332 3458 neque
341 3378 405 3457 jem
417 3377 481 3436 haec
504 3375 660 3436 sufficiunt.
682 3375 770 3443 Quod
794 3365 851 3434 nisi
871 3374 942 3434 hnc.
956 3374 1073 3454 singula
1093 3379 1249 3452 cavebitis,
1264 3385 1338 3442 satit

236 3481 359 3554 apparet
374 3472 447 3542 sore,
461 3479 494 3529 ut
512 3469 629 3529 illorum
643 3468 765 3546 pretium
780 3477 811 3528 et
823 3466 916 3546 gratia
930 3468 1023 3526 omnis
1038 3468 1200 3530 exolescet.

275 3568 326 3625 53.
348 3560 439 3647 Quod
448 3579 517 3622 vero
531 3561 567 3620 ad
579 3569 692 3619 tantam
703 3558 911 3636 turpitudinem
925 3577 973 3618 res
985 3559 1133 3639 prolapsae
1153 3572 1235 3636 sunt,
1248 3584 1337 3626 uerno

235 3641 331 3738 magis
344 3656 374 3714 in
387 3643 477 3732 culpa
486 3661 533 3712 est
545 3669 698 3730 quam⁴vos
711 3651 777 3729 ipsi,
795 3650 1000 3721 Athenienses,
1016 3652 1041 3710 si
1054 3653 1161 3732 veritas
1182 3655 1272 3716 libere
1293 3659 1338 3719 di-

235 3749 331 3811 canda
350 3756 414 3814 θεῖς
436 3763 504 3810 nam
519 3743 723 3821 delinquentes
744 3743 847 3822 punire
863 3742 1026 3816 destitistis,
1045 3753 1076 3803 et
1088 3746 1235 3824 supplicia
1247 3751 1337 3814 etiarn

235 3842 352 3904 civitate
375 3836 564 3915 emigrarunt.
595 3835 688 3912 Atqui
707 3835 890 3896 considerate
911 3855 970 3914 quo
987 3847 1076 3916 pecto
1096 3840 1190 3900 nostri
1210 3842 1337 3920 majores

233 3954 288 3996 eos
309 3933 363 3993 ulti
386 3932 455 4002 sint,
486 3949 503 3989 a
531 3929 638 4008 quibus
662 3927 767 4008 injuria
786 3927 1006 3988 afficiebantur:
1027 3948 1099 3988 num
1122 3932 1225 3991 eodeni
1245 3939 1337 3998 modo

234 4045 293 4104 qno
306 4035 370 4084 vos.
403 4021 450 4083 Illi
463 4019 700 4092 Themistoclem,
715 4019 817 4078 animis
832 4020 981 4084 elatiorem
998 4035 1087 4100 quem
1108 4024 1140 4082 in
1157 4023 1252 4086 libera
1264 4029 1337 4089 civi.

234 4125 296 4190 tate
314 4115 380 4174 ferri
401 4124 511 4194 posset,
532 4111 660 4171 Medicas
681 4111 853 4188 proditionis
877 4113 1060 4186 damnatum,
1083 4116 1155 4174 urbe
1174 4117 1336 4195 ejecerunt.

236 4207 332 4286 Cimo,
352 4205 431 4283 quod
444 4203 567 4284 patriam
580 4201 749 4282 reipublicae
766 4202 890 4264 formam
904 4206 933 4264 in
951 4225 983 4264 se
997 4215 1218 4280 transmutaret,
1241 4213 1335 4274 tribus

235 4309 352 4358 tautum
366 4297 487 4356 calculis
500 4313 616 4374 prenarn
635 4295 739 4373 capitis
751 4294 865 4374 effugit,
889 4297 1103 4377 quinquaginta
1121 4299 1241 4362 talentis
1257 4305 1335 4366 inul-

237 4381 403 4472 'etatus-est.
429 4385 495 4446 Hoc
506 4385 596 4446 modo
611 4385 778 4450 tractabant
790 4386 866 4448 viros
879 4387 918 4450 de
932 4409 964 4450 se
978 4399 1041 4449 tarn
1050 4391 1191 4470 preclare
1201 4394 1334 4458 meritos.
