2932 4952
518 251 692 354 course
712 275 881 336 Minium.
1194 284 1251 346 sos
1342 305 1348 321 ι

143 426 237 486 aedilis
249 427 379 497 fuissem,
393 430 577 490 contumelias
592 441 705 492 tautum
714 432 776 510 ejus
790 433 920 492 facinora
934 432 1064 492 damnari
1073 434 1247 512 potuissent.

131 519 242 591 Nunc,
257 519 282 578 si
295 520 377 604 ,quis
390 522 587 586 eumvioletae
602 524 752 603 religionis
766 524 894 595 damnet,
918 535 997 585 recte
1008 586 1010 590 ,
1020 525 1092 590 mihi
1113 523 1245 588 facturus

111 655 115 661 .
131 609 297 675 ridebitur.
311 612 425 690 ‚Neque
439 615 516 673 enirn
532 625 609 676 certe
623 616 681 674 hoc
694 615 847 694 ignoratis,
860 636 912 675 vos
925 616 997 676 istos
1009 618 1115 696 ¹choros
1129 619 1245 680 univer·

140 721 190 760 sos
206 703 429 784 ethymuosssin
445 706 552 766 Bacchi
565 706 704 776 honorem
725 708 886 780 instituere,
901 727 960 766 non
975 711 1063 770 modo
1078 732 1114 770 ex
1129 711 1243 791 legibus

128 793 386 867 ,Bacchanalibus
403 797 456 856 sed
474 797 559 856 etiam
579 818 615 858 ex
630 799 796 872 oraculis,
789 799 945 876 inquibus
969 791 1110 867 universis
1134 814 1242 864 nostrae

131 888 204 946 urbi
218 887 363 956 divinitus
370 889 426 948 hcc
440 909 506 950 esse
519 892 760 976 promulgatum'
752 893 916 966 ιιιιιειιίιιιὶι,
934 913 993 952 ιιοιι
1007 893 1103 954 minus
1117 895 1242 977 Delphis

61 979 63 984 ’
138 989 227 1058 q'uam
243 981 390 1054 Dodones,
404 991 437 1040 ut
451 983 555 1042 choros
575 984 707 1044 instituat
726 984 783 1044 ritu
804 984 923 1064 patri0,.
931 996 962 1045 et
975 1005 1055 1046 vicos
1076 987 1190 1063 lustret,
1212 999 1242 1050 et

138 1093 264 1134 coronas
278 1085 383 1153 gestet.
411 1076 471 1147 Sed
485 1095 556 1155 cape
569 1077 635 1158 ipsa
649 1077 780 1152 oracula,
794 1089 825 1138 et
837 1077 937 1140 recita.

579 1289 785 1351 ORACULA.

288 1444 291 1448 ·
385 1431 478 1494 impero
487 1431 644 1518 Erechthidis,
657 1414 785 1505 Pandionis
798 1433 863 1479 urbis
874 1433 983 1491 alumnis,

324 1548 334 1558 ,
374 1493 430 1566 ι(ὶιιὶ
441 1506 510 1553 solito
520 1483 607 1568 regitis
615 1523 707 1568 semper
718 1523 784 1554 secra
793 1509 867 1568 petria
878 1511 952 1563 cultu,

384 1583 418 1629 Ul
429 1583 517 1630 Bacchi
528 1599 641 1630 memores
643 1583 742 1646 ,amplis
751 1584 884 1656 regionibus
896 1585 960 1632 urbis

383 1657 503 1706 Primitiae
514 1660 607 1707 Bromio
619 1660 704 1708 celebri
713 1661 821 1708 tribuetis
832 1663 928 1718 honore,

384 1736 455 1782 Sacra
466 1736 513 1783 uris
523 1736 590 1798 liunt,
599 1751 665 1784 come
676 1739 707 1786 sit
718 1737 825 1786 redimita
837 1739 938 1786 coronis.

164 1894 237 1938 Sacra
245 1907 289 1953 pro
298 1891 397 1939 sanitato
405 1893 458 1940 liant
467 1901 492 1940 et
503 1901 556 1940 vota
566 1893 622 1942 Jovi
634 1879 751 1956 supremo,
763 1896 872 1951 Herculi,
884 1896 986 1958 Apollini
999 1897 1107 1959 prrcsidi:
1121 1914 1164 1960 pro
1175 1902 1235 1947 bons

130 1969 231 2024 somena,
249 1968 354 2028 Apollini
366 1968 527 2029 romprtelrtrc
539 1971 642 2026 Lstcuoe,
660 1973 750 2026 Dianae,
768 1973 824 2019 item
841 1973 985 2033 incumpitis
1005 1980 1106 2022 crateres
1118 1978 1234 2024 statuendi

130 2032 184 2091 suut
195 2053 220 2090 et
230 2045 295 2090 chori
306 2045 416 2100 ducendi,
427 2053 450 2092 el
460 2061 551 2092 coronoe
562 2049 688 2106 gostaudae,
699 2049 745 2096 ritu
757 2049 833 2109 patric
845 2049 943 2098 sublatis
954 2049 1020 2110 Puris
1030 2051 1134 2098 munibus
1143 2055 1234 2102 dextris

130 2128 155 2169 et
166 2121 279 2177 sinistris,
287 2121 317 2168 ed
328 2121 397 2169 diros
408 2122 522 2182 divasque
533 2123 642 2170 coelestes
654 2133 744 2196 omnes,
753 2132 778 2171 st
788 2126 901 2172 donorum
911 2126 1086 2174 recordandum.

444 2249 655 2349 'caucum
681 2253 910 2348 nouorum.

153 2433 248 2493 Populo
259 2431 398 2495 Atheniensi
409 2433 476 2481 Jovis
487 2432 550 2480 lilius
558 2431 635 2496 jubet.
650 2409 786 2492 ¹Propterea
796 2401 858 2492 duod
871 2411 963 2492 ternpus
976 2430 1123 2478 solennitatis
1135 2437 1230 2493 prseter-

127 2508 238 2565 misistis,
249 2509 355 2556 delectos
368 2509 458 2572 [jubet]
472 2509 615 2557 sacrificulos
630 2507 699 2561 milti,
720 2504 760 2566 qui
772 2506 829 2554 Juui
842 2507 952 2556 'I'omsrio
963 2513 1011 2554 tres
1027 2509 1109 2565 hoves,
1118 2508 1231 2570 binusque
1260 2527 1261 2532 ¹

31 2630 39 2642 ,
126 2601 179 2632 oum
192 2585 293 2646 sin'gulis
307 2600 373 2640 oues,
390 2585 494 2632 offerant.
518 2584 565 2639 Qut
582 2584 665 2631 Diouae
676 2597 747 2644 porro
758 2583 842 2630 horem
860 2589 883 2630 ol
902 2583 959 2631 elias
971 2584 1092 2640 uictirnus,
1105 2593 1129 2632 el
1146 2601 1229 2634 aeresm

125 2677 238 2720 incusam,
246 2660 350 2726 offoeuat.
364 2661 566 2724 Quiqueinsuper,
574 2661 598 2708 id
606 2659 802 2722 douariuur‚quud
810 2657 1093 2724 populus'Atltonieu'sium
1103 2661 1231 2722 dedicavit,

125 2737 230 2802 efferunt.
380 2803 381 2806 Ἴ
475 2805 476 2808 ¹

536 2945 538 2950 .
605 2885 742 2944 ALlUD.

64 3022 72 3027 ‘
120 3067 123 3074 ,
147 3013 221 3062 doris
232 2997 408 3082 hliusDodoure
412 3016 499 3075 jubel:
512 3013 607 3062 Baccho
617 3013 713 3074 publico
725 2991 893 3073 sumptuosiora
901 3011 1014 3067 iacienda,
1026 3019 1049 3058 et
1061 3007 1172 3059 craterem
1185 3013 1227 3059 uti·
1308 3050 1315 3082 f

123 3091 247 3159 scendum,
259 3097 283 3137 et
300 3091 382 3138 choros
395 3091 527 3138 ducendos:
550 3089 655 3150 Apollini
666 3089 777 3135 malorum
787 3088 910 3150 depulsori
926 3089 1071 3136 mactandum
1084 3091 1175 3145 horem,
1186 3105 1225 3136 co·

121 3181 238 3227 renesque
249 3167 373 3228 gestandus
385 3173 430 3214 lam
444 3168 518 3214 servis
529 3164 724 3228 quaningonuis,
733 3173 880 3226 etporunum
891 3165 951 3212 diern
962 3165 991 3210 ab
1000 3180 1071 3226 opere
1083 3165 1210 3212 feriundum
1221 3182 1227 3212 r

122 3243 180 3293 tovi
191 3244 267 3292 ctesic
277 3245 361 3291 bovem
373 3243 450 3291 elbum
458 3243 645 3315 immolandum(¹

165 3382 212 3438 16.
234 3381 320 3452 Sunt,
331 3380 535 3450 Athenienses,
548 3390 578 3440 et
587 3381 652 3440 haee
662 3390 692 3442 et
703 3379 861 3440 eliamulta
871 3379 935 3439 urbi
943 3379 1084 3459 praeclara
1094 3381 1223 3444 oracula.

120 3472 200 3541 Quid
213 3472 302 3551 igitur
314 3471 383 3532 inde
397 3473 482 3552 vobis
492 3473 690 3552 colligendum
704 3471 770 3533 esti
795 3473 861 3532 Hoc
875 3472 1030 3532 nimirum:
1051 3473 1162 3552 relique
1176 3461 1224 3534 sass

117 3584 171 3625 cra
185 3563 252 3647 diis,
267 3565 317 3643 qui
331 3565 361 3622 in
376 3565 498 3646 singulis
517 3565 643 3626 oraculis
665 3563 837 3650 nominatim
859 3564 1070 3643 exprimuntur,
1092 3555 1154 3624 lieri
1171 3565 1222 3643 ju·
1243 3589 1245 3594 ·

115 3661 202 3734 beat,
216 3657 339 3736 choreas
353 3669 450 3730 autern
464 3659 582 3738 ducere,
596 3657 746 3738 patrioque
757 3658 815 3716 ritu
830 3667 944 3736 gestare
956 3676 1090 3728 coronas,
1103 3657 1221 3736 reliquis

114 3751 255 3812 omnibus
267 3751 519 3811 vaticinationibus
534 3761 674 3830 tauquam
688 3749 880 3831 appendicem
894 3749 1018 3810 addunt.
1042 3749 1154 3808 Chorus
1168 3750 1222 3828 igi-

113 3855 165 3906 tur
182 3843 347 3922 omnesqui
361 3843 538 3903 conveniunt
551 3853 582 3902 et
595 3863 648 3902 uos
660 3843 761 3902 oediles
774 3833 890 3910 constat
908 3842 966 3901 illis
988 3842 1102 3914 diebus,
1116 3841 1221 3919 quibus

113 3937 155 3998 ad
170 3936 276 3995 ludum
297 3936 484 3996 convenimus
497 3927 534 3996 ex
554 3935 637 4018 liis-ce
661 3935 797 4006 oraculis,
814 3955 866 4014 pro
881 3935 969 3994 saeris
983 3934 1079 3992 ornari
1094 3937 1220 4010 coronis,

110 4049 171 4089 nec
183 4028 280 4104 miuus
291 4028 415 4106 eumqui
426 4038 590 4108 postremus
604 4027 744 4112 omniurn,
757 4047 845 4106 quam
859 4026 909 4105 qui
920 4025 1013 4084 victor
1023 4034 1069 4084 est
1082 4025 1198 4089 futurus
1211 4049 1219 4088 ι
1296 4079 1298 4084 ,

110 4120 162 4182 die
174 4129 274 4180 autem
288 4119 432 4198 victoriali
445 4131 507 4180 tum
521 4119 640 4179 demum
649 4138 702 4198 pro
717 4140 782 4180 sese
796 4127 953 4178 coronetur
965 4117 1066 4176 victor.
1093 4118 1151 4187 Qui
1165 4119 1218 4199 igi-

108 4224 161 4274 tur
175 4213 206 4271 in
221 4211 348 4292 aliquem
362 4211 490 4292 echoro,
502 4223 554 4272 aut
567 4211 693 4282 aedilem,
709 4211 775 4270 odio
788 4210 968 4297 impellente,
983 4209 1129 4288 impetum
1139 4211 1219 4284 facit,

106 4307 219 4389 inipso
233 4304 391 4381 certamine
404 4305 577 4382 praesertim,
592 4314 623 4363 et
636 4304 684 4364 dei
696 4303 816 4382 templo,
831 4322 898 4361 eum
911 4321 948 4360 ne
961 4297 1044 4361 aliud¹
1055 4297 1142 4382 quam
1157 4301 1217 4362 'vio-

105 4399 193 4458 lasse
204 4391 378 4476 vreligionem
393 4396 546 4459 dicenust
568 4395 646 4455 Illud
655 4396 748 4455 etiam
763 4394 852 4469 scitis,
863 4415 926 4469 vos,
944 4414 1110 4474 quanquam
1126 4393 1218 4454 velitis
