2886 4946
378 627 532 690 uranum
555 612 860 690 succursurum
882 625 927 684 ru
949 623 1205 686 ounmoumu

570 734 652 794 eno
678 732 1021 794 uncnnoromma

285 893 486 947 hsosnmmourr,
503 905 571 952 quum
590 891 620 936 ed
639 891 738 938 Leuctra
756 889 853 938 Boeotise
866 889 976 950 oppidum
994 888 1050 936 uicti
1070 886 1222 942 s'l'hebsuis,
1241 890 1338 946 propter

252 968 368 1017 Arcadum
378 967 541 1023 deiectionem,
552 965 591 1027 qui
610 981 636 1012 se
653 966 682 1012 ad
701 966 821 1013 Thebanos
840 967 992 1022 contulerant,
1003 964 1026 1011 in
1045 980 1126 1025 magno
1138 962 1242 1024 periculo
1254 967 1340 1017 esseut,

251 1045 423 1094 Atheniensium
431 1044 518 1092 snrilio
526 1043 655 1090 conservati
666 1051 726 1090 sont.
760 1045 824 1098 Post,
832 1043 862 1090 iis
870 1041 1041 1089 discriminibus
1052 1040 1201 1104 propulsatis,
1217 1052 1340 1100 recupero·

251 1133 360 1182 tsqum
373 1120 545 1184 portepristins
555 1120 665 1182 potentis,
677 1117 838 1181 Megslopolim
852 1119 958 1166 Arcsdia
968 1119 1049 1166 urbem
1065 1118 1205 1174 invaserunt,
1221 1116 1339 1179 postulate

251 1215 295 1262 per
306 1199 395 1260 legatos
407 1198 435 1245 sb
447 1197 627 1246 Atheniensibus
635 1196 687 1260 ejus
697 1196 753 1244 belli
765 1196 884 1243 societate.
916 1195 1032 1242 Miserunt
1043 1200 1067 1240 et
1078 1193 1253 1254 Magnopolis
1264 1193 1339 1240 Athe·

251 1293 302 1331 nse,
319 1275 358 1338 qni
374 1274 485 1324 soritium
500 1280 612 1334 peterent.
646 1273 814 1320 Demosthenes
830 1272 902 1334 igitur
918 1271 1099 1320 Atheniensibus
1111 1277 1191 1318 suntor
1202 1276 1287 1326 est,ne
1297 1270 1335 1316 sei

254 1351 359 1400 exscindi
370 1350 545 1414 Megalopolim,
557 1352 592 1398 uel
601 1365 658 1412 opes
666 1347 890 1397 Lacedaemoniorum
898 1363 1002 1396 crescere
1013 1348 1136 1409 patiuntur,
1144 1363 1197 1394 oum
1207 1347 1239 1396 sit
1249 1363 1263 1394 e
1274 1361 1340 1408 repn-

253 1427 313 1476 hllos
323 1428 357 1476 eis
366 1427 448 1476 terrori
458 1443 503 1476 nou
514 1443 567 1476 esse
575 1427 771 1474 bcedoemooem.

581 1873 1018 1962 DEMOSTHENIS

441 2088 564 2165 PRO
619 2087 1158 2164 MEGALOPOLITIS

701 2287 895 2394 ORATIO.

298 2473 325 2528 1.
347 2467 502 2530 Urarnun
514 2465 584 2524 mihi
597 2483 719 2544 peccare
732 2464 878 2538 videntur,
894 2465 1098 2539 Athenienses,
1112 2475 1172 2525 tam
1185 2465 1205 2524 ii
1220 2463 1270 2546 qui
1285 2466 1340 2524 Ar·

257 2560 388 2630 cedibus,
403 2579 490 2636 quam
503 2558 522 2616 ii
536 2558 586 2636 qui
601 2557 830 2617 Lacedaemoniis
852 2558 1083 2636 patrocinantur:
1103 2570 1244 2637 tanquam
1266 2558 1339 2618 enim

257 2652 294 2709 ab
306 2650 450 2708 alterutris
461 2649 549 2721 missi,
559 2667 618 2707 oon
632 2648 719 2707 nostri
731 2649 809 2708 cives
823 2649 890 2722 sint,
903 2649 978 2728 apud
994 2667 1067 2727 quos
1079 2649 1121 2708 illi
1134 2649 1247 2728 utrique
1261 2649 1339 2727 lega-
1432 2697 1433 2708 t

257 2741 364 2800 tionem
385 2743 502 2813 obeunt,
517 2742 557 2800 sie
576 2751 675 2800 mutuo
690 2761 721 2800 se
736 2751 875 2802 accusant
887 2751 917 2802 et
934 2743 1128 2803 criminantur.
1157 2742 1191 2803 Id
1209 2743 1288 2821 quod
1302 2744 1340 2801 le·
1432 2751 1433 2764 ¹

257 2833 333 2911 gatis
346 2831 566 2911 relinquendum
580 2832 650 2892 suit:
672 2851 770 2893 eorum
783 2834 860 2893 enim
875 2833 924 2913 qui
937 2835 1089 2894 consilinm
1101 2835 1149 2894 hic
1161 2835 1339 2913 pollicentur,

256 2921 381 2984 officium
394 2934 449 2999 est,
463 2925 565 2984 animis
578 2934 709 2984 neutram
723 2926 753 2983 in
765 2935 875 3005 partem
889 2925 1103 2999 inclinantibus,
1116 2927 1214 2986 dicere
1228 2937 1338 2986 senten·

255 3016 322 3094 tias,
337 3028 367 3076 et
380 3018 442 3076 sine
460 3018 691 3078 contentionibus
705 3019 856 3096 exquirere
871 3018 1035 3096 quidnobis
1049 3018 1173 3078 maxime
1185 3019 1337 3079 conducat.
1431 3063 1432 3080 r

181 3179 184 3188 Ι
255 3107 342 3168 Nunc
356 3110 397 3169 sic
411 3109 544 3188 equidem
558 3109 698 3182 existinm,
714 3109 770 3168 nisi
784 3110 957 3170 nudassent
974 3111 1130 3190 Atticeque
1146 3110 1337 3190 loquerentur,
1370 3137 1374 3144 ·

254 3200 315 3259 fore
328 3201 444 3272 multos,
459 3201 508 3279 qui
521 3220 572 3260 eos
585 3201 690 3277 partim
703 3198 833 3260 Arcades
848 3221 921 3274 esse,
934 3202 1038 3282 partim
1051 3201 1183 3262 Lacones
1197 3212 1339 3282 putarent.

253 3283 319 3350 Etsi
332 3302 428 3352 antem
437 3294 531 3368 video,
543 3312 630 3371 quam
643 3291 755 3352 difficile
768 3293 806 3353 sit
814 3293 924 3374 optima
933 3295 1073 3354 suadere:
1093 3315 1131 3354 oe
1142 3314 1210 3354 cnm
1221 3315 1273 3355 vos
1286 3314 1338 3354 una
1430 3331 1431 3374 t

255 3384 372 3463 decepti
385 3387 446 3446 sitis
454 3398 484 3447 et
498 3387 545 3446 alii
555 3387 612 3447 alin
624 3387 729 3458 velitis,
745 3387 806 3461 hat,
817 3388 842 3447 si
854 3389 918 3466 quis
926 3387 1050 3448 mediam
1063 3389 1140 3448 viam
1152 3397 1263 3460 teneat,
1277 3405 1338 3450 vos-

188 3539 192 3544 ,
255 3493 312 3553 que
323 3495 382 3534 rem
392 3497 568 3556 cognoscere
580 3478 745 3557 gravemini,
760 3489 832 3539 utet
845 3481 953 3539 neutris
964 3481 1141 3559 gratificetur
1146 3501 1155 3549 ;
1177 3481 1250 3540 etin
1264 3491 1338 3540 uuo·

254 3585 375 3644 rumque
389 3568 456 3627 odia
469 3571 610 3628 incurrat:
630 3581 819 3631 veruntamen
832 3572 894 3651 ipse
909 3573 996 3645 malo,
1012 3573 1036 3632 si
1048 3573 1122 3633 forte
1136 3573 1178 3633 ita
1197 3573 1337 3644 ceciderit,

253 3658 370 3738 ineptos
381 3658 481 3730 videri,
500 3679 586 3736 quam
602 3661 715 3721 omissis
732 3663 777 3722 his
794 3684 860 3742 quae
875 3664 945 3723 mihi
962 3665 1085 3724 maxime
1095 3664 1231 3724 videntur
1246 3684 1338 3727 essee
1429 3709 1430 3720 ,

252 3751 409 3829 republica,
423 3750 586 3829 permittere
599 3761 632 3810 ut
647 3753 766 3831 quidam
780 3775 833 3814 uos
848 3756 1004 3835 decipiant.
1038 3757 1082 3816 Ac
1100 3767 1207 3818 coetera
1225 3759 1336 3838 quidem

252 3853 366 3920 postea,
381 3844 405 3903 si
414 3852 510 3902 vestra
523 3844 655 3902 voluntas
670 3846 750 3916 leret,
763 3847 877 3907 dicam:
898 3868 977 3908 nunc
988 3869 1058 3908 uero
1073 3850 1143 3929 quid
1160 3851 1337 3930 potissimum

254 3937 389 4011 expedire
403 3935 573 4006 existimem,
588 3956 709 3996 exorsus
723 3940 760 3997 ab
772 3940 818 4000 his
838 3961 904 4020 quae
918 3961 1019 4002 omnes
1033 3941 1219 4017 confitentur,
1237 3945 1335 4004 docere

254 4020 398 4101 incipiam.
1022 4099 1030 4112 N

294 4115 323 4171 2.
348 4114 441 4174 Nemo
451 4119 538 4196 igitur
551 4119 667 4197 negabit
681 4139 745 4180 esse
755 4143 770 4182 e
780 4125 930 4203 republica
938 4135 968 4185 et
982 4126 1220 4188 Lacedaemonios
1229 4125 1334 4188 et'lhe·

252 4205 346 4264 banos
360 4203 431 4264 istos
445 4227 506 4268 esse
524 4210 661 4270 infirmos.
692 4212 780 4274 Nunc
795 4226 891 4276 autern
912 4217 936 4276 is
952 4237 1045 4277 rerum
1060 4227 1154 4280 status
1169 4230 1224 4294 est,
1240 4221 1263 4280 si
1280 4237 1334 4297 qua

253 4296 341 4358 modo
350 4297 558 4377 conjecturaex
567 4305 612 4364 his
626 4324 692 4382 quae
706 4327 785 4387 saepe
799 4310 878 4388 apud
891 4330 942 4370 vos
951 4311 1064 4390 jactata
1078 4322 1148 4372 sunt
1165 4314 1230 4392 capi
1243 4313 1333 4382 debet,
1427 4343 1428 4350 κ
