2886 4946
211 285 268 340 142
455 279 513 338 DE
532 277 799 348 RHODIORUM
819 275 1063 337 LIBERTATE.

209 433 359 494 demoniis
372 434 477 494 referre
491 445 614 513 queant:
635 453 688 494 ros
698 452 777 512 saepe
790 432 917 494 viceritis
926 431 1041 510 Regem
1054 429 1221 500 Persarum,
1233 425 1305 488 victl

210 545 249 586 ne
258 525 348 586 semel
362 525 479 604 quidem
490 526 552 586 sitis
565 525 610 584 vel
625 543 643 584 a
656 524 745 586 servis
756 524 846 604 Regia
855 525 902 585 vel
916 525 953 584 ab
966 523 1015 584 illo
1028 524 1107 601 ipso;
1129 539 1197 580 nam
1211 517 1306 580 sicubi

209 618 332 678 fortasse
345 617 411 676 Rex
420 618 483 676 urbi
497 617 553 676 fuit
566 617 703 696 superior,
714 627 765 676 aut
777 616 948 676 Graecorum
967 613 1181 676 scelestissimis
1195 620 1225 670 et
1239 629 1307 688 pru·

211 709 353 768 ditoribus
367 709 505 768 intereos
518 709 720 787 largitionibus
734 708 877 787 corruptis
891 718 943 766 aut
957 706 1039 766 nulla
1051 705 1110 764 alia
1127 703 1244 764 ratione
1255 723 1308 762 su-

210 801 305 881 perior
319 801 391 869 tuin
413 821 448 864 ac
465 821 503 860 ne
522 801 553 860 id
571 801 665 879 ipsum
686 800 802 878 quidem
825 800 852 860 ei
875 799 1001 879 profuit;
1023 796 1210 875 cognoscetis
1229 794 1306 854 enim

212 912 280 954 cum
293 913 344 972 per
353 893 588 953 Lacedaemonios
602 891 679 951 urbis
694 903 800 951 nostrae
813 911 884 971 opes
894 890 1055 960 minuisset,
1069 889 1166 968 ipsum
1176 907 1195 946 a
1206 886 1309 945 Clear-

211 985 268 1046 cho
281 995 311 1045 et
326 985 404 1064 Cyro
413 985 443 1044 in
454 985 536 1064 regni
545 986 589 1044 sui
603 984 758 1044 discrimen
767 984 936 1044 adductum.
980 983 1084 1058 ltaque
1101 999 1198 1058 neque
1208 978 1309 1056 palam

209 1077 392 1155 vicit,neque
406 1078 432 1136 ei
453 1077 564 1136 insidioe
577 1076 757 1155 profuerunt.

255 1172 302 1228 ll.
323 1167 417 1230 Video
427 1179 525 1230 autem
539 1187 558 1227 a
570 1180 696 1228 vestrum
708 1169 882 1247 quibusdam
897 1167 1066 1248 Philippum
1076 1177 1109 1226 ut
1123 1164 1231 1224 nullius
1242 1179 1309 1241 pre-

212 1261 244 1322 tii
255 1261 402 1320 hominem
416 1261 525 1340 negligi
539 1275 738 1340 soepe‚'regem
749 1272 846 1320 autem
858 1261 1023 1332 Persarum,
1041 1268 1076 1318 ut
1086 1267 1236 1337 potentem
1253 1255 1309 1314 ho-

213 1355 289 1412 s'tem
302 1353 407 1430 quibus
418 1352 523 1414 inferre
537 1353 646 1412 bellum
660 1352 826 1425 instituerit,
840 1352 998 1413 formidari.
1018 1351 1108 1430 Atqui
1122 1351 1147 1409 si
1157 1369 1214 1408 nec
1226 1348 1310 1406 illum

214 1454 248 1503 ut
261 1443 509 1504 contemnendum
522 1445 707 1517 ulciscemur,
717 1454 747 1502 et
756 1443 823 1504 huic
833 1454 867 1503 ut
875 1443 1050 1504 formidabili
1059 1441 1311 1502 omniaconoede-

216 1556 294 1610 mus,
308 1537 495 1614 quibuscum,
509 1539 715 1610 Athenienses,
725 1536 935 1616 praeliabimurl

259 1631 306 1689 lt.
321 1630 489 1698 Suntetiam
500 1629 618 1707 quidam
627 1629 706 1708 apud
714 1649 768 1688 nos
775 1629 804 1687 in
815 1629 1008 1690 defendendis
1016 1639 1119 1692 contra
1126 1649 1179 1688 vos
1189 1628 1311 1688 aliorum

216 1723 312 1782 causis
335 1722 477 1793 acerrimi,
495 1722 602 1800 quibus
620 1742 676 1800 ego
696 1721 753 1780 hoc
777 1721 870 1779 solum
894 1721 1042 1793 suaserim,
1064 1730 1247 1780 ut'vestrum
1262 1720 1314 1799 jus

218 1823 322 1874 contra
336 1814 409 1873 alios
430 1813 505 1872 tucri
524 1815 670 1886 studeant,
688 1833 747 1890 quc
759 1813 815 1892 ipsi
834 1813 918 1892 primi
936 1814 1010 1894 juris
1031 1816 1219 1874 observantes
1233 1812 1315 1873 vide-

218 1917 320 1975 antur:
342 1908 501 1967 absurdum
515 1909 592 1967 enim
609 1918 655 1967 est
668 1908 697 1966 in
706 1907 822 1982 justitie
841 1927 909 1966 eum
930 1927 1065 1968 sermone
1084 1927 1137 1966 vos
1152 1906 1314 1978 instituere,

217 1999 267 2078 qui
281 2019 395 2078 eaquae
409 2004 491 2074 justa
504 2010 573 2059 sunt
585 1999 648 2078 ipsc
661 1998 811 2078 negligat:
833 1999 973 2078 injustum
988 2013 1085 2058 autern
1099 2008 1155 2070 est,
1169 2017 1316 2058 accusan-

219 2092 263 2152 dis
273 2092 364 2162 vobis,
378 2111 436 2150 uon
450 2092 532 2152 vobis
544 2090 746 2164 defendendis,
756 2102 887 2170 paratum
900 2111 935 2152 ac
945 2091 1117 2162 meditatum
1126 2111 1192 2150 csse
1201 2091 1311 2158 civem;

216 2184 295 2264 agite
308 2204 376 2245 vero
389 2203 441 2263 per
454 2184 533 2244 Deos
546 2184 739 2256 considerate,
753 2203 805 2245 cur
822 2185 942 2245 tandem
955 2184 1090 2264 Byzantii
1105 2204 1192 2244 nemo
1206 2184 1315 2262 estqui

217 2297 268 2336 eos
283 2288 400 2337 moueat
412 2296 448 2336 ne
463 2276 680 2336 Chalcedonam
696 2277 862 2356 occupent?
888 2297 955 2355 qum
967 2288 998 2338 et
1011 2277 1087 2355 regis
1101 2286 1157 2350 est,
1171 2286 1203 2336 et
1216 2286 1316 2338 vestra

220 2369 289 2430 olim
306 2369 370 2440 fuit,
385 2379 417 2444 et
432 2369 514 2428 nullo
532 2372 569 2428 ab
584 2369 626 2428 eis
644 2362 711 2449 jure'
729 2369 918 2436 vendicabat
939 2388 1013 2430 neve
1036 2369 1238 2449 selymbriam,
1251 2389 1317 2448 quae

220 2462 378 2541 aliquando
398 2463 536 2522 societate
550 2462 699 2521 vobiscum
713 2464 870 2539 conjuncta
884 2462 949 2534 fuit,
964 2463 1002 2522 ad
1023 2481 1105 2522 suern
1124 2462 1180 2541 ipsi
1196 2462 1317 2537 jurisdi-

219 2557 346 2616 ctionem
356 2553 523 2632 pcrtrahant
534 2555 673 2614 ethorum
685 2573 755 2632 agro
765 2554 897 2633 Byzantii
907 2554 1012 2615 limites
1021 2554 1204 2614 constituant
1216 2566 1318 2616 contra

216 2646 422 2728 jusjurandum
437 2656 467 2706 et
484 2646 592 2718 foedus,
612 2647 642 2705 in
656 2665 713 2724 quo
727 2646 773 2706 sui
788 2647 861 2723 juris
874 2666 924 2706 eos
936 2667 1003 2708 esse
1018 2647 1244 2725 scriptumest?
1265 2666 1317 2706 cur

131 2795 135 2806 ,
218 2742 288 2800 item
302 2758 389 2798 nemo
411 2738 476 2811 fuit,
490 2738 540 2818 qui
559 2738 697 2816 Mqusolo
717 2738 762 2798 vel
776 2739 891 2798 vivente
905 2740 951 2800 vel
970 2739 1112 2798 defuncto
1133 2739 1318 2800 Artemisiam

221 2831 364 2902 docuerit,
385 2831 477 2890 Coum
492 2841 523 2890 et
543 2829 682 2890 Rhodum
695 2850 755 2890 non
772 2851 838 2890 esse
854 2831 1042 2911 occupandas
1059 2842 1148 2910 atque
1168 2831 1242 2891 alias
1256 2832 1318 2910 ejus

222 2924 337 3002 generis
351 2923 482 2983 civitates
504 2922 647 2983 Graecas?
668 2923 773 3003 quibus
794 2925 881 2984 etiam
904 2925 969 2986 Rex
992 2925 1119 3004 ipsorum
1132 2925 1271 2984 dominus
1292 2924 1320 2982 in
1432 2943 1433 2956 ¹

221 3015 330 3094 foedere
344 3016 442 3088 cessit,
462 3026 493 3075 et
505 3025 623 3096 propter
642 3035 715 3093 quas
735 3017 828 3075 multa
841 3017 971 3096 pericula
985 3026 1015 3076 et
1028 3017 1170 3096 preclara
1189 3016 1321 3076 certami-

222 3128 263 3180 na
283 3109 399 3168 illorum
418 3119 580 3187 temporum
600 3107 698 3167 Graeci
713 3108 875 3167 subierunt.
904 3111 999 3187 Atque
1019 3121 1053 3168 ut
1063 3109 1187 3168 maxime
1201 3108 1262 3168 sint
1273 3108 1321 3187 qui

220 3202 350 3278 utrisque
363 3200 419 3259 illis
431 3201 496 3260 hoec
504 3200 614 3271 dicant,
629 3209 660 3260 at
673 3201 722 3279 qui
735 3201 816 3262 hisce
829 3211 961 3280 pareant,
973 3212 1006 3261 ιιι
1018 3214 1151 3282 apparet,
1162 3221 1223 3261 non
1237 3211 1320 3261 sunt:

223 3311 279 3370 ego
298 3313 367 3353 vero
381 3294 468 3352 etiam
475 3293 591 3372 justum
604 3312 669 3354 esse
683 3313 800 3366 censeo,
814 3303 847 3352 ut
865 3293 1047 3353 Rhodiorum
1061 3295 1186 3374 populus
1203 3295 1321 3354 restitu-

223 3393 307 3452 atur;
328 3383 359 3443 id
372 3405 442 3444 vero
452 3387 568 3446 tametsi
576 3386 691 3464 justum
704 3406 764 3446 non
778 3397 867 3459 esset,
881 3407 948 3446 cum
958 3407 1024 3466 quae
1034 3388 1083 3448 isti
1093 3397 1188 3466 agrmt
1199 3389 1323 3460 intueor,

225 3475 408 3536 suadendum
427 3496 493 3536 esse
507 3477 618 3557 opinor,
636 3488 670 3537 ut
682 3480 846 3540 reducatur.
887 3479 947 3538 Cur
960 3480 1079 3538 tandem
1092 3479 1144 3539 idl
1165 3482 1323 3552 Quoniam,
1430 3459 1431 3490 ἶ

224 3568 250 3634 si
264 3587 378 3637 omnes,
394 3567 597 3643 Athenienses,
611 3570 706 3630 colere
717 3571 859 3648 justitiam
873 3570 1076 3645 instituissent,
1085 3583 1170 3652 turpe
1185 3574 1263 3634 foret
1273 3594 1324 3636 vos

224 3662 304 3724 solos
315 3663 352 3722 ab
367 3680 403 3720 ea
415 3653 579 3738 abhorrere,
601 3663 677 3722 Cum
690 3683 758 3724 vero
769 3663 867 3723 caeteri
880 3683 981 3724 omnes
993 3663 1034 3724 ita
1046 3684 1078 3724 se
1090 3675 1195 3744 parent
1203 3672 1254 3741 jus
1267 3667 1322 3726 vio

178 3777 185 3788 ·
225 3753 285 3816 lare
298 3763 332 3814 ιιι
345 3754 469 3834 possint,
477 3752 502 3812 si
512 3753 565 3812 soli
580 3754 650 3812 nihil
664 3766 843 3834 occupantes
851 3756 901 3836 jus
914 3756 1116 3835 praetendatis,
1123 3778 1190 3818 eam
1199 3779 1258 3838 ego
1267 3777 1324 3820 non
1429 3765 1430 3774 ’

224 3844 366 3923 justitiam
382 3846 455 3906 sed
448 3845 591 3924 rgnaviam
605 3846 799 3908 existimarim.

271 3941 317 3998 13.
330 3941 425 4001 Vrdeo
434 3949 541 4011 autem,
549 3950 584 4000 ut
591 3960 698 4019 quique
709 3941 811 4002 armati
823 3952 900 4017 sunt,
912 3944 952 4004 ita
962 3946 1049 4004 etiam
1057 3966 1108 4006 eos
1114 3967 1165 4026 yus
1173 3965 1259 4006 suum
1267 3946 1325 4006 edi

227 4020 310 4107 pisci,
326 4040 355 4087 et
366 4031 455 4110 hujus
470 4051 510 4091 rer
502 4031 688 4111 'exemplum
706 4033 789 4092 vobis
803 4036 939 4104 omnibus
952 4048 1055 4098 notum
1068 4039 1175 4100 referre
1189 4056 1322 4118 possum.

229 4119 300 4179 Duo
312 4119 425 4180 foedera
436 4124 534 4185 Graeci
543 4145 611 4184 curu
625 4124 709 4204 Rege
719 4125 874 4186 Persarum
887 4128 1007 4202 habent,
1018 4151 1054 4190 ea
1065 4152 1132 4210 quae
1146 4141 1250 4190 nostra
1259 4131 1321 4194 urbs

229 4209 309 4282 fecit,
324 4229 389 4286 quae
402 4214 526 4285 universi
546 4217 688 4285 laudaut;
710 4227 741 4278 et
762 4228 830 4307 post
846 4239 883 4278 ea
896 4221 1108 4286 Lacedaemonii
1129 4224 1321 4302 deinceps,ea

230 4301 363 4361 nimirum
375 4320 441 4379 quae
453 4304 589 4382 culpant;
612 4309 739 4387 atquem
753 4310 798 4371 his
812 4332 871 4370 uon
885 4313 981 4372 idem
969 4334 1019 4393 Jus
1030 4315 1163 4396 utrisque
1178 4315 1318 4378 delinitum

229 4406 293 4458 est.
304 4412 372 4453 nam
383 4394 582 4472 pnvatrJurrs
575 4422 605 4459 ιιι
615 4403 824 4482 rebuspubhcra
833 4425 1018 4468 communem
1028 4409 1234 4488 aequalemque
1244 4423 1319 4468 usura
