2946 4954
201 267 259 324 ³02
512 259 734 327 ADVERSUS
757 263 979 326 LEPTINEM.

165 427 168 432 '
196 405 448 496 reprehendenda,
463 433 529 476 cum
544 415 736 476 demonstrari
750 417 857 495 poterit
869 419 936 478 illo's
950 417 1033 478 vobis
1049 437 1112 478 esse
1133 418 1296 480 feliciores:

163 521 167 526 ’
197 508 337 588 quamdiu
359 517 457 566 sutem
472 524 524 566 vos
543 508 722 586 benignitate
745 510 865 574 deorum
887 509 980 588 magis
1004 530 1093 589 quam
1110 509 1155 570 illi
1176 511 1297 581 floretis,-
1332 577 1335 585 ,

198 603 259 662 sive
270 617 439 667 communes
453 599 584 660 actiones
595 610 773 679 spectentur,
791 601 850 660 sire
865 601 1032 684 concordia,
1049 604 1109 662 sive
1123 613 1221 664 cetera
1235 623 1298 662 om-

197 684 336 771 nia,⁴quse
347 699 493 752 causaest
507 711 559 750 cur
568 691 672 752 vestris
681 693 827 769 ¹institutis
840 693 992 772 neglectis,
1002 693 1302 773 illapersequaminii¹
1316 767 1319 774 ‚

199 784 279 846 Nam
291 784 408 844 tametsi
422 782 482 854 illa,
496 783 520 840 si
537 784 610 842 ratio
624 793 782 887 spectetur,
797 785 916 846 meliora
928 785 1107 858 viderentur,
1128 796 1158 846 at
1171 787 1299 847 fortunae
1334 853 1338 860 ,

92 881 96 890 “
199 885 277 948 certe
290 893 392 945 causa,
406 894 495 978 quam
508 874 590 934 hisce
601 895 647 934 usr
657 875 810 954 propitiam
819 876 971 946 habuistis,
985 886 1084 936 nostra
1093 878 1216 938 retinere
1226 898 1298 939 con

196 968 342 1028 veniebat.
363 965 492 1038 Quodsi
506 965 619 1024 omissis
641 965 686 1023 his
701 967 836 1045 omnihus
851 966 882 1024 id
890 965 1051 1030 dicendum
1071 979 1126 1037 est,
1148 968 1261 1048 quod
1249 989 1300 1047 ιιι-
1325 1011 1331 1022 .

201 1074 278 1121 stum
293 1079 358 1122 esse
373 1057 538 1128 arbitror,
517 1078 560 1117 src
573 1078 629 1136 ego
643 1058 775 1118 dixerim.
804 1057 874 1118 Non
891 1047 1005 1138 justum
1020 1071 1079 1132 est,
1093 1061 1300 1132 Athenienses

200 1141 505 1226 Lacedaemoniorum,
520 1161 571 1209 aut
594 1150 803 1220 Thebanorum
826 1150 908 1228 leges
933 1151 1103 1229 praedicare,
1126 1153 1165 1212 ad
1182 1163 1300 1214 nostras

197 1245 288 1304 hasce
312 1242 550 1326 labefactandae:
572 1261 668 1319 neque
683 1234 909 1312 cousentaneum
913 1254 985 1316 est,
1005 1264 1072 1303 cum
1093 1264 1159 1303 eum
1173 1265 1224 1324 qur
1216 1245 1300 1304 tals
1334 1303 1338 1308 .

147 1359 149 1364 ·
199 1336 307 1417 aliquid
318 1335 396 1413 apud
406 1353 459 1410 nos
463 1317 698 1412 machinaretur,
695 1354 756 1412 per
766 1353 832 1411 quae
842 1333 883 1393 illi
886 1336 991 1414 magni
1002 1345 1072 1394 sunt
1074 1337 1314 1422 ,interemptum

199 1429 329 1494 velletis;
351 1446 454 1486 vocem
467 1437 575 1487 tamen
586 1429 650 1504 ejus
670 1427 826 1501 sustinere,
842 1428 891 1506 qui
906 1448 941 1488 ea
955 1428 1019 1489 tolli
1038 1440 1068 1488 et
1087 1431 1195 1490 aboleri
1203 1432 1304 1548 jubet,

200 1519 231 1580 in
246 1521 349 1601 quihus
359 1519 466 1598 Populi
480 1519 604 1579 felicitas
619 1519 763 1594 consistit.

240 1615 291 1690 24.
313 1613 496 1690 inpromptu
510 1611 565 1670 illis
579 1620 625 1671 est
639 1612 726 1671 etiam
738 1612 795 1672 alia
810 1613 893 1685 ratic,
909 1614 988 1692 apud
1002 1634 1056 1674 nos
1071 1583 1214 1696 majorum
1224 1587 1298 1696 quo-

201 1726 258 1786 que
281 1715 446 1780 nostrorum
471 1704 647 1784 temporibus
668 1704 811 1782 quosdam
831 1704 974 1783 praeclare
995 1726 1026 1764 se
1041 1708 1180 1786 gessisse,
1194 1710 1300 1786 quihus

199 1800 260 1859 tale
274 1797 345 1857 nihil
360 1797 487 1856 delatum
511 1796 558 1869 sit,
574 1796 627 1856 sed
647 1813 697 1855 eos
711 1798 780 1857 boni
802 1796 1011 1858 consuluisse
1004 1799 1224 1878 inscriptionem
1248 1801 1302 1859 ali·
1338 1857 1342 1862 .

202 1912 289 1972 quam
304 1893 333 1951 iu
345 1892 449 1950 statuis
464 1889 707 1949 Mercurialibus:
729 1900 759 1949 et
772 1891 896 1950 fortasse
907 1893 989 1952 vobis
1006 1892 1133 1972 aliquem
1151 1894 1264 1966 talem
1257 1916 1303 1964 ιιι-

202 1985 387 2070 scriptionem
415 1981 508 2048 exiis
535 1982 679 2044 recitabit
716 1983 790 2062 Ego
808 2001 887 2056 vero,
910 1983 1114 2059 Athenienses,
1133 1987 1233 2046 multis
1264 1989 1302 2048 de
1334 2041 1339 2046 .

202 2079 299 2138 causis
318 2076 383 2134 haec
405 2073 571 2154 reipublicae
583 2061 731 2146 inutiliter,
747 2086 835 2154 atque
857 2076 945 2136 etiarn
968 2077 1087 2158 injuste,
1106 2078 1165 2150 dici
1182 2089 1300 2150 censeo.

202 2169 317 2229 Nar'n
295 2189 319 2228 sr
333 2167 397 2247 quis
410 2167 475 2228 illos
490 2186 604 2245 quoque
617 2167 726 2228 honore
743 2167 878 2246 indignos
892 2168 983 2228 fuisse
997 2169 1113 2242 dixerit,
1128 2171 1217 2245 dicat,
1236 2172 1302 2251 quis

202 2265 308 2343 dignus
320 2263 374 2321 sit:
397 2256 541 2342 [sineque
555 2260 711 2334 anteillos,
724 2279 818 2337 neque
831 2270 900 2339 post
913 2262 1104 2352 quisquam]
1118 2265 1236 2341 quod
1212 2285 1238 2324 ιι
1251 2284 1302 2325 ne-

201 2356 312 2422 minem
322 2353 439 2414 omuino
456 2353 546 2425 dicet,
563 2352 700 2432 equidem
716 2352 794 2412 urbis
808 2362 918 2412 nostras
940 2354 1032 2414 vicem
1050 2353 1137 2414 doleo
1156 2357 1304 2428 neminem
1337 2411 1342 2416 .

202 2448 336 2510 omnibus
358 2445 474 2506 saeculis
498 2445 639 2520 beneficio
667 2446 789 2524 dignum
807 2445 973 2510 exstitisse.
1010 2447 1098 2507 At'
1076 2467 1104 2506 ιι
1113 2460 1303 2536 praestantes

81 2514 87 2524 ’
120 2574 140 2602 ,ν
200 2542 277 2600 viros
290 2557 341 2598 eos
354 2538 446 2605 fuisse
467 2535 613 2612 fatebitur,
627 2546 655 2594 et
669 2538 743 2606 nihil
761 2547 860 2612 tamen
881 2558 947 2596 esse
968 2549 1142 2598 consecutos
1157 2529 1304 2615 ostendet,

202 2633 349 2692 civitatem
363 2628 463 2705 utique
478 2636 599 2687 accusat
617 2607 845 2707 ingratitudinis.
879 2627 1040 2687 Plurimum
1060 2650 1129 2704 vero
1151 2633 1249 2704 abest,
1272 2645 1305 2693 ut

203 2723 285 2796 haec'
278 2732 319 2781 sta
331 2721 408 2790 sint:
431 2717 521 2776 sed
498 2736 523 2775 ει
537 2715 602 2794 quis
618 2717 760 2790 malitiose
776 2737 810 2776 ac
824 2718 1025 2780 fraudulenter
1038 2724 1222 2794 orationem
1205 2747 1246 2788 ιιι
1257 2747 1303 2798 res

137 2879 141 2892 ,
203 2837 262 2876 non
281 2801 487 2874 convenientes
501 2809 691 2882 transtulerit,
712 2809 795 2869 aliter
814 2800 945 2889 profecto
959 2813 1020 2872 fieri
1037 2833 1097 2874 non
1111 2825 1229 2894 potest
1235 2820 1304 2900 quin

203 2930 239 2970 ea
251 2907 376 2968 molesta
388 2913 419 2963 et
431 2893 558 2961 absurda
577 2893 720 2961 videatur.
753 2902 819 2980 Ego
832 2923 911 2973 vero,
927 2905 1009 2982 quod
1021 2927 1139 3012 aequum
1160 2921 1192 2968 et
1205 2921 1308 2978 verum

203 3012 265 3073 est,
269 3001 299 3074 ld
312 2999 350 3060 ad
364 3017 416 3056 vos
430 2994 536 3054 dicam.
559 2993 690 3054 Fuerunt
701 2995 842 3072 superiori
856 3005 944 3056 aetate
955 2998 1077 3056 multi'
1051 3000 1105 3059 vrri
1117 3011 1304 3090 praestantes,

203 3105 234 3155 et
248 3113 299 3154 eos
313 3092 399 3152 etiam
414 3099 475 3158 tum
489 3106 576 3166 resp„
587 3097 688 3170 nostra
710 3088 880 3148 honorarit:
901 3089 1027 3160 honores
1049 3091 1139 3171 igitur
1158 3105 1190 3153 et
1209 3109 1306 3160 cetera

147 3179 151 3194 ’
205 3187 303 3256 omnia
314 3184 434 3256 fiebant,
446 3199 499 3260 pro
512 3178 588 3238 illius
602 3179 697 3238 aetatis
709 3180 931 3250 consuetudine,
942 3202 1022 3242 nunc
1034 3204 1103 3244 vero
1112 3196 1219 3247 nostro
1228 3209 1306 3251 more

205 3286 345 3358 geruntur
358 3271 470 3333 eadem.
492 3271 559 3340 Qua
580 3271 667 3362 igitur
688 3271 745 3330 hoc
760 3271 797 3330 de
811 3288 901 3332 causa
914 3273 1006 3333 dicoi
1024 3274 1101 3343 Quia
1114 3277 1241 3350 dixerim
1253 3300 1306 3359 ego
1336 3295 1344 3328 ἐ

205 3371 271 3430 illos
285 3367 365 3438 nihil,
371 3365 462 3445 ¹quod
476 3364 648 3438 voluissent,
664 3363 815 3424 acivitate
835 3385 895 3424 non
909 3367 1091 3445 impetrasse.
1126 3369 1209 3440 Quo
1220 3392 1305 3450 argu·

206 3471 306 3532 mento
319 3456 488 3535 idcolligof
510 3455 586 3522 Quia
608 3455 790 3535 Lysimacho,
812 3457 864 3515 uni
885 3457 963 3526 illius
978 3460 1116 3538 temporis
1140 3463 1197 3542 qui
1209 3465 1309 3542 reipu-¹

204 3555 290 3615 hhcoe
297 3551 456 3631 profuerat,
465 3557 584 3622 centum
597 3547 626 3607 in
643 3548 777 3607 Euboea
765 3567 872 3626 jugera
887 3550 1157 3621 arboribusconsiti
1171 3555 1239 3628 soli,
1251 3565 1305 3615 tot·

205 3649 342 3725 idemque
366 3640 444 3712 nudi¹
462 3639 839 3718 dederuntpraetereaque
860 3647 989 3712 centum,¹
1001 3645 1117 3720 argenti
1146 3646 1256 3719 minas,
1278 3657 1310 3716 et,

207 3733 527 3820 quaternasdrachmas
538 3732 568 3798 iu
582 3729 645 3790 dies
661 3731 803 3809 singulos.
826 3736 871 3792 Ac
885 3735 923 3794 de
937 3734 986 3804 his,
994 3735 1155 3806 Alcibiadis
1171 3750 1303 3800 senatus·

207 3834 374 3893 consultum
387 3835 493 3896 exstat,
507 3823 538 3904 ἰιι,
550 3822 687 3901 quolraec
700 3823 808 3902 scripta
822 3835 900 3899 sunt.
933 3827 1017 3896 Tunc
1032 3829 1110 3888 enim
1125 3842 1227 3902 nostra
1240 3835 1309 3898 urbs,

208 3935 238 3983 et
251 3923 421 4005 pecuniiset
434 3936 505 3998 agro
525 3913 712 3974 abundabat:
734 3935 813 3976 nunc
829 3936 896 3976 vero
916 3918 1094 3988 abundabit;
1118 3920 1159 3982 sic
1174 3924 1251 3984 enim
1265 3925 1305 3982 lo·

209 4011 357 4095 quendum
378 4022 433 4090 est,
447 4023 477 4088 et
495 4029 556 4082 non
575 4006 807 4084 conviciandum.
841 4010 995 4085 Enimvero
1013 4031 1100 4089 quern
1120 4035 1182 4088 non
1198 4017 1305 4094 putatis
1324 4071 1327 4078 .

183 4155 185 4160 .
210 4127 290 4183 nuqc
310 4105 566 4190 ΚιιιιιιιιιιιΗιιιιιιιι
591 4114 702 4180 partem
727 4101 1126 4182 immunitati'praelaturumf
1151 4108 1193 4168 Ut
1212 4119 1310 4168 autem.

209 4204 308 4276 haece
323 4219 368 4259 me
382 4197 522 4272 veredici
536 4203 683 4278 appareat,
699 4213 770 4274 cape
786 4197 1069 4272 senatusconsultum
1084 4198 1174 4266 istud.
1195 4201 1306 4272 Recita..
