2912 4946
257 269 360 376 ase⁸
471 299 477 318 ι
514 227 1106 332 cournssareroarrounua

257 417 364 500 quihus
377 419 472 490 verbis
482 437 543 480 non
556 420 623 492 illos
636 420 773 498 loedebat,
787 423 1008 496 nou—licitum
1028 421 1106 484 enim
1119 420 1162 482 eis
1171 428 1237 492 erat,
1246 419 1326 498 mucis

257 513 385 587 nummis
396 511 484 585 datis,
499 533 535 574 ea
546 533 606 576 non
620 513 829 588 audires—sed
842 529 940 576 vestra
953 515 1093 594 suffragia
1100 515 1297 585 contemnebat,
1304 521 1327 574 et

259 623 343 664 suam
354 603 567 684 improbitatem
577 609 756 666 ostentabat.
771 607 965 686 Magistratus
973 627 1059 686 porro
1068 607 1118 684 qui
1124 615 1202 678 sorta
1210 613 1329 674 creantur,

257 695 419 766 lacerabat,
440 698 591 774 poscebat,
605 699 762 776 pecuniam
776 699 923 778 exigebat,
938 719 997 777 quo
1018 699 1162 758 malorum
1176 715 1272 775 genere
1283 715 1329 760 non

258 789 408 860 vexabat?
429 789 583 860 Postremo
600 801 699 852 autem
712 811 818 852 omnes
829 793 858 851 in
874 792 1031 852 tumultum
1053 802 1084 850 et
1097 789 1262 869 seditionem
1275 809 1329 848 ecn-

253 881 346 961 jicere
356 881 480 951 studuit,
494 881 576 942 falsis
587 881 677 942 literis
691 884 865 962 propositis:
887 882 1050 962 deniquein
1060 881 1189 950 omnium
1199 878 1330 960 perniciem

259 983 349 1034 natus
362 977 458 1047 est3'et
469 975 559 1036 talem
574 994 606 1036 se
619 995 685 1036 esse
697 985 760 1046 tnta
772 977 833 1036 vita
846 976 987 1036 declarat.
1009 975 1057 1036 Ita
1068 975 1146 1036 enim
1158 993 1218 1032 rem
1229 992 1329 1052 perpen-

259 1067 332 1136 dite,
363 1057 562 1128 Athenienses
582 1069 701 1136 omnino
715 1068 805 1128 vicies
827 1068 906 1127 mille
927 1076 1012 1128 eunt:
1034 1068 1137 1126 borum
1161 1065 1331 1142 unusquisque

259 1178 321 1220 uno
340 1159 443 1238 saltem
456 1161 577 1238 negotio
590 1159 726 1240 quopiam
740 1171 913 1240 occupatus,
927 1161 958 1220 in
978 1161 1041 1221 soro
1057 1160 1233 1233 obambulat,
1248 1158 1299 1218 siva
1309 1154 1333 1218 id

260 1273 331 1316 eane
346 1255 497 1334 publicum
517 1257 565 1328 sit,
580 1256 640 1316 eive
657 1243 812 1336 privatum.
844 1257 905 1316 lete
928 1265 1026 1316 autem
1043 1255 1116 1316 nihil
1134 1255 1280 1334 quicquam
1296 1272 1333 1312 os-

260 1349 383 1414 tendere
397 1349 492 1429 possit
501 1349 542 1414 rei
556 1347 715 1412 moderatae
733 1358 786 1411 aut
804 1349 948 1422 honestae,
960 1351 991 1408 in
1006 1351 1211 1427 quafversetur
1225 1355 1253 1406 et
1263 1345 1333 1404 vitam

261 1449 347 1520 agata
369 1460 428 1500 non
437 1440 555 1521 publico
569 1440 666 1520 aliquo
679 1442 759 1502 bono
769 1442 897 1508 aniumm
907 1451 1083 1520 occupatum
1093 1440 1201 1500 hahet:
1221 1457 1274 1498 non
1285 1437 1334 1507 arti,

260 1552 322 1598 uon
333 1533 531 1612 agriculturae,
546 1552 605 1593 non
619 1532 672 1592 ulli
686 1534 813 1612 quaestui
827 1533 944 1594 studet:
967 1551 1035 1592 cnm
1048 1531 1165 1592 nemine
1176 1531 1240 1590 ullis
1251 1529 1334 1594 hume.

260 1627 362 1690 uitatis
376 1637 428 1688 aut
445 1626 650 1688 familiaritatis
665 1626 768 1686 officiis
785 1635 830 1688 est
843 1625 1039 1706 conjunctus:
1061 1625 1114 1685 s'ed
1135 1644 1188 1703 per
1204 1624 1289 1682 iorum
1300 1621 1335 1677 ,ine

261 1719 341 1780 cedit
353 1719 461 1798 viperee
483 1711 583 1791 iactat,
597 1728 650 1778 aut
662 1718 838 1798 scorpionis,
850 1727 950 1782 erecto
966 1718 1079 1791 eculeo,
1096 1717 1156 1778 huc
1180 1727 1264 1793 atque
1281 1711 1335 1770 illuc

260 1811 407 1884 saltitare,
427 1808 675 1894 circumspectans
703 1813 750 1872 cui
770 1812 976 1883 calamitatem,
1003 1822 1056 1872 aut
1072 1811 1275 1879 ‚maledictum
1295 1816 1336 1866 aut

260 1904 371 1968 malum
385 1903 506 1988 aliquod
521 1903 635 1986 offerat,
658 1925 718 1983 quo
738 1905 768 1965 in
787 1905 921 1966 timorem
940 1910 1086 1980 conjecto,
1106 1923 1241 1966 nummos
1260 1909 1335 1960 exter·
1371 1949 1374 1958 ,

261 2003 370 2074 queat:
396 2014 451 2056 nec
465 1996 626 2074 ingreditur
640 1995 671 2056 in
688 1996 778 2058 ullam
792 1997 940 2074 publicam
955 1998 1139 2069 tonstrinam,
1153 2008 1207 2057 aut
1225 2009 1336 2074 myropa

261 2091 343 2164 lium,
358 2099 410 2154 aut
423 2089 495 2151 alias
509 2091 660 2150 officinas:
683 2091 735 2150 sed
753 2090 1163 2169 insociabilis,.vagahundus,
1184 2111 1202 2149 a
1221 2103 1335 2164 congres-

261 2185 344 2246 sibus
354 2183 522 2254 abhorrens,
534 2203 595 2242 non
609 2183 714 2262 gratia,
727 2203 788 2244 nnn
802 2183 939 2256 amicitia,
948 2203 1007 2242 non
1018 2182 1080 2242 ulla
1090 2183 1232 2262 praeditus
1241 2189 1337 2240 estne·

261 2277 355 2338 derati
367 2276 493 2354 hominis
507 2276 694 2354 cogitatione,
709 2278 764 2337 sed
773 2277 807 2336 iis
816 2277 970 2336 comitibus
981 2295 1054 2355 quoa
1062 2271 1337 2355 pictoreslemuribus

177 2404 182 2415 ι
261 2370 428 2449 adjungunt
440 2368 519 2448 apud
532 2370 650 2440 inferos,
665 2369 748 2442 diris,
761 2369 976 2442 maledicentia,
985 2369 1106 2442 invidia,
1120 2369 1271 2450 seditione,
1283 2383 1338 2424 cca*

259 2461 393 2523 tentione
405 2461 533 2540 stipatus
543 2461 664 2520 incedit.
692 2463 788 2526 Quem
802 2462 892 2540 igitur
905 2481 962 2522 nec
975 2462 1133 2522 infernales
1144 2461 1219 2522 deos
1227 2461 1337 2539 placatos

260 2554 428 2624 habiturum
441 2552 596 2614 verisimile
614 2564 670 2626 est,
684 2554 738 2612 sed
756 2555 796 2615 ad
808 2554 912 2633 irn'pioe
926 2555 1088 2633 relegatum
1108 2554 1139 2614 iri
1160 2565 1276 2635 propter
1288 2550 1339 2608 viu

261 2646 488 2726 improbitatem,
497 2665 567 2705 eum
576 2665 633 2705 vos
644 2645 863 2726 delinquentem
873 2647 964 2719 nacti,
977 2667 1037 2708 nen
1048 2646 1138 2707 modo
1147 2667 1214 2707 non
1223 2641 1338 2724 punietis,

261 2738 317 2798 sed
335 2738 594 2818 uaajoribusetiam
610 2737 697 2796 donis
712 2748 846 2798 ornatum
867 2739 1035 2810 absolvatis,
1050 2750 1192 2817 tanquam
1212 2741 1282 2798 bene
1293 2753 1339 2793 me·

229 2811 242 2832 ⁸
261 2829 369 2890 ritumi
391 2829 448 2888 Oui
461 2830 539 2890 enim
557 2849 610 2890 vos
624 2832 750 2909 unquam
765 2830 963 2904 concessistis,
983 2831 1008 2890 si
1021 2831 1192 2910 reipublicae
1206 2829 1306 2899 debuit,
1316 2833 1340 2882 ul

261 2925 378 3004 mulcta
388 2943 448 2982 non
462 2923 561 2999 soluta
575 2923 642 3002 pari
658 2924 857 3001 insaniverat
878 2941 945 2985 cum
959 2923 1092 2983 ceteris?
1115 2923 1253 2984 Nemini·
1264 2923 1341 2987 Quare

262 3035 317 3081 nec
327 3015 376 3076 isti
390 3034 468 3074 nunc
482 3015 646 3085 concedite,
658 3015 711 3074 aed
724 3014 837 3092 punite,
852 3024 885 3076 et
893 3015 1060 3094 exemplum
1074 3016 1104 3075 in
1118 3013 1284 3076 eumedite.

204 3105 210 3114 ’
264 3163 267 3172 2
306 3111 353 3171 12.
369 3108 485 3186 ,Operae
498 3106 756 3185 presumentem
777 3115 833 3178 est,
854 3106 1060 3190 Athenienses,
1080 3117 1111 3168 et
1132 3118 1234 3168 cetera
1253 3104 1341 3164 audire.

263 3200 428 3264 Namzcum
439 3199 550 3260 atrocia
563 3197 622 3260 sint
640 3217 706 3276 quse
722 3198 811 3258 ωοάο
827 3199 994 3277 Lycurgum
1009 3200 1187 3260 referentem
1201 3195 1340 3261 audivistis,

246 3303 351 3371 'atque
365 3292 440 3354 adeo
450 3363 452 3371 Ι
461 3290 497 3352 ad
513 3310 614 3352 eorum
629 3290 811 3352 atrocitatem
832 3291 904 3352 nibil
917 3291 1037 3372 adjungi
1055 3292 1160 3371 possit,
1174 3301 1270 3370 nemra
1280 3287 1343 3370 paria

262 3385 331 3456 illie,
346 3395 376 3444 et
394 3385 430 3452 ab
451 3383 557 3444 eodem
575 3384 710 3462 proiecta
724 3382 923 3466 esse'ingenio
942 3384 1132 3462 reperientur.
1164 3383 1342 3460 Proeterquam

264 3477 342 3539 enirn
356 3475 435 3555 qaod
450 3472 614 3553 patremin
636 3495 757 3536 carcere.
777 3475 936 3556 desertum,
959 3476 1073 3538 Eretria
1092 3475 1255 3554 digressus,
1275 3483 1303 3534 ut
1316 3489 1343 3532 es

264 3569 392 3640 Phaedro
408 3566 573 3636 audivistis,
591 3577 736 3628 mortuum
756 3567 862 3645 impius
883 3561 937 3630 istd
961 3579 992 3628 et
1011 3566 1139 3628 nefarius
1162 3587 1226 3630 non
1241 3563 1343 3644 sepeliit,

263 3682 359 3742 neque
368 3661 403 3746 'tis
411 3659 649 3742 quisepelierant
659 3669 793 3738 sumptus
802 3659 1058 3730 iuuerisrestituit,
1071 3660 1170 3722 sedet
1184 3661 1260 3722 diem
1272 3656 1345 3718 diritr

263 3751 553 3835 praeterquamquod
567 3771 669 3834 manus
683 3773 702 3812 a
714 3762 805 3813 matre
819 3775 879 3814 non
893 3753 1047 3826 abstinuit,
1059 3764 1098 3816 ut
1106 3754 1199 3822 modo
1213 3774 1229 3814 e
1241 3753 1344 3812 testibus

265 3846 431 3918 audivistis,
444 3854 475 3925 et
495 3852 624 3908 sormam
640 3863 741 3916 suam,
762 3865 822 3906 non
846 3845 966 3924 quidem
989 3865 1170 3928 germanam,
1187 3846 1243 3906 sed
1259 3839 1292 3906 er
1306 3841 1347 3903 illa

263 3957 443 4018 quocunque
469 3935 557 3998 modo
570 3938 902 4014 'susceptam—omitto
928 3937 1005 4000 anim
1026 3937 1132 4010 hoe-,
1163 3939 1218 3998 sed
1239 3951 1345 3997 sororem

265 4043 375 4102 temen,
389 4047 510 4108 peregre
524 4028 727 4088 abducendum
741 4029 882 4104 vendidit,
896 4039 929 4090 ut
940 4031 1043 4099 asserit
1056 4029 1119 4109 ejus
1126 4031 1347 4105 judiciicrirneu

265 4143 325 4204 qno
339 4141 406 4182 eum
419 4123 516 4185 bonus
530 4120 578 4180 ille
596 4120 694 4192 irater,
708 4121 771 4200 ejus
786 4141 877 4182 causa
893 4121 1032 4198 facinoris
1047 4124 1209 4195 accusavit,
1224 4124 1273 4202 qui
1284 4139 1347 4181 anne

260 4218 294 4280 ei
308 4214 556 4295 patrpeinabitur:
577 4213 694 4288 adhaec
708 4233 776 4292 quaa
786 4203 948 4288 taliasrint,
961 4215 1041 4274 aliud
1055 4215 1212 4289 nefarium,
1226 4235 1244 4275 o
1258 4215 1295 4276 dii
1306 4217 1347 4274 im·

266 4306 415 4376 mortales,
433 4304 546 4364 facinus
560 4305 708 4384 audietis..
728 4305 804 4366 Cum
818 4309 897 4367 enim
908 4309 1047 4386 ·periosso
1065 4326 1187 4368 carcere
1206 4317 1284 4368 esset
1300 4307 1347 4366 ela-

267 4417 350 4491 psus,
364 4396 403 4458 ed
415 4397 566 4476 mulierem
577 4397 882 4480 quandamccningit,
896 4400 1012 4462 nomine
1024 4400 1157 4472 Zobiatn,
1169 4421 1238 4463 cum
1250 4419 1304 4480 qua
1314 4397 1349 4460 ri
