2946 4954
224 370 228 375 ι
334 437 335 440 ¹
409 345 475 418 ,nr
495 343 608 410 urin
628 345 764 412 susm
785 345 1034 411 rnearrorvn.
1162 438 1164 445 Ι
1211 356 1267 414 rer
1407 381 1410 388 ·

167 501 297 574 sthenes,
313 520 350 560 er
364 518 441 575 mea,
455 512 489 560 nt
510 503 564 576 ais,
578 501 754 567 Philocratis
778 505 950 568 defensione
971 527 1039 568 cum
1060 505 1267 580 intellexisses,

166 614 219 654 nos
234 593 300 674 sani
315 593 387 653 nihil
409 593 506 673 ag'e're,
528 595 680 674 posteriori
702 595 843 677 legationi
864 589 902 658 ad
921 599 1129 680 jusjurandum
1149 600 1267 680 exigen-

166 687 236 746 dum
246 689 345 758 missae
359 685 538 748 interfuisti?
559 709 611 750 cur
625 709 688 749 eam
702 695 763 751 non
776 691 920 770 ejurastil
941 693 1009 754 Hoc
1022 703 1207 768 mementote,
1220 713 1269 755 me

162 783 332 861 promisisse
354 781 389 842 iis
413 797 488 862 quos
513 782 703 862 redemerant,
728 799 758 846 et
780 787 936 846 allaturum
958 790 1125 867 pecuniam,
1155 799 1186 853 et
1203 809 1266 864 eos,

165 873 354 951 quantumin
367 892 414 933 me
429 882 521 948 esset,
533 887 784 937 conservaturum.
826 877 897 938 Non
915 880 1157 952 committendum
1179 881 1269 960 igitur

165 978 239 1039 erat,
250 974 285 1025 ut
298 967 446 1038 mentirer,
457 978 488 1026 et
501 967 666 1034 desererem
677 969 860 1030 calamitosos
881 971 980 1040 cives;
1002 991 1098 1052 neque
1112 973 1200 1032 etiam
1215 974 1270 1048 ade

141 1059 287 1142 'modum
309 1059 467 1120 honestum
492 1069 543 1119 aut
562 1070 658 1122 tutum
680 1072 753 1137 erat,
775 1063 937 1125 detrectata
960 1064 1107 1144 legatione
1133 1066 1268 1144 privatim

163 1149 223 1210 illic
237 1153 381 1212 oberrare.
425 1151 503 1211 Nam
518 1152 574 1212 nisi
588 1154 653 1214 illos
667 1175 782 1216 servare
796 1156 967 1232 voluissem,
979 1157 1019 1218 dii
1031 1178 1077 1218 me
1092 1177 1268 1262 omnesper-

164 1244 237 1312 dant
250 1254 281 1302 et
299 1243 459 1315 eradicent,
473 1245 498 1303 si
513 1265 650 1324 magnam
673 1248 775 1306 mereri
798 1249 954 1326 pecuniam
968 1249 1136 1322 voluissem,
1150 1259 1184 1310 ut
1196 1261 1269 1327 isto,-

163 1336 267 1412 rumin
282 1336 428 1414 legatione
442 1337 558 1415 collega
572 1357 677 1398 essem.
695 1338 788 1419 Cujus
800 1341 844 1418 rei
858 1341 975 1419 signum
988 1341 1044 1403 hoc
1059 1353 1123 1411 est;
1137 1342 1217 1422 quod
1228 1343 1266 1404 ad

164 1429 279 1489 tertiam
293 1429 469 1508 legationem
484 1431 528 1490 bis
543 1430 676 1491 delectus
690 1451 709 1490 a
721 1431 814 1502 vobis,
837 1433 883 1492 bis
903 1433 1097 1514 jurejurando
1113 1423 1265 1505 recusavi,
1324 1488 1326 1493 .

163 1531 197 1580 et
208 1521 238 1580 in
250 1521 302 1592 illa
312 1521 491 1600 proiectione
514 1522 570 1582 illis
588 1541 639 1602 per
653 1523 752 1584 omnia
764 1523 806 1582 fui
820 1523 1003 1602 adversatus.
1046 1527 1122 1592 Quae
1135 1527 1223 1604 igitur
1236 1527 1267 1586 in

163 1613 313 1692 legatione
336 1613 393 1672 mei
415 1613 524 1674 arbitrii
542 1614 672 1687 fuciunt,
686 1615 744 1677 hoc
767 1637 798 1676 se
821 1617 910 1682 modo
923 1617 1006 1676 vobis
1030 1608 1214 1688 habierunt:
1236 1619 1268 1680 in
1350 1677 1356 1686 ,

162 1707 269 1786 quibus
284 1713 382 1764 autern
396 1703 455 1778 isti,
468 1715 501 1763 ut
515 1706 625 1784 plures,
638 1706 858 1784 vincebant,'ea
870 1708 969 1768 omnia
990 1708 1146 1787 perierunt.
1189 1709 1268 1775 Quin
1288 1741 1291 1748 f
1326 1765 1328 1772 i

143 1857 145 1860 .
162 1808 193 1858 et
208 1809 308 1857 cetera
321 1797 418 1856 omnia
430 1798 638 1858 convenienter
650 1799 697 1858 his
710 1809 777 1860 acta
786 1809 895 1874 essent,
909 1799 934 1860 si
948 1799 1013 1879 quis
1029 1800 1099 1858 mihi
1112 1803 1268 1880 paruisset.

90 1951 93 1956 ,
163 1889 271 1969 Neque
286 1891 362 1950 enirn
380 1910 436 1969 ego
459 1891 500 1950 ita
520 1891 632 1970 infelix,
651 1902 704 1952 ant
725 1912 838 1953 vaecors
860 1893 912 1969 fui,
934 1903 968 1953 ut
989 1893 1141 1972 pecuniam
1155 1892 1267 1968 darem,
1354 1919 1360 1924 ·

162 1977 233 2042 cum
247 1982 320 2042 alios
342 1982 624 2061 accipere‘vidsrem,
637 2005 690 2064 pro
713 2004 779 2044 meo
794 1986 882 2046 vestri
907 1985 1022 2045 studio:
1044 2005 1110 2064 quse
1125 1997 1223 2046 autern
1238 1997 1269 2048 et

162 2075 228 2135 sine
242 2075 382 2155 impensis
396 2075 501 2134 confici
514 2077 686 2155 potuissent,
697 2086 728 2136 et
740 2077 882 2137 universae
896 2077 1006 2136 civitati
1019 2077 1107 2156 longe
1117 2078 1187 2157 plus
1201 2098 1267 2158 pro·

161 2167 299 2239 fuissent,
318 2187 354 2226 ea
377 2167 439 2226 fieri
462 2168 633 2228 noluissem.
676 2169 740 2228 Imo
760 2168 832 2248 quid
854 2168 1033 2242 maluissem,
1049 2168 1268 2230 Athenienses?

163 2260 218 2322 sed
232 2281 278 2320 me
291 2259 449 2320 vincebant
462 2259 508 2334 isti
521 2260 667 2320 nimirum.
1058 2266 1100 2287 '⁴'‘··

205 2349 265 2412 5ss
277 2353 365 2431 Agite
376 2371 444 2412 vero
459 2352 532 2430 qnid
544 2353 620 2412 inter
644 2352 708 2415 haec
728 2353 784 2412 iste
800 2352 903 2430 egerit,
925 2361 956 2410 et
976 2351 1047 2430 quid
1072 2351 1266 2426 Philocrates,

162 2454 317 2526 spectate:
339 2446 406 2504 haec
419 2445 498 2504 enim
511 2445 587 2507 inter
602 2465 634 2504 se
647 2445 766 2517 collata,
780 2445 903 2504 clariora
923 2453 1018 2504 erunt.
1044 2429 1189 2504 'Primum
1209 2445 1265 2524 igi-

71 2595 79 2606 ,
162 2549 211 2598 tur
224 2539 393 2598 Phocenses
408 2548 437 2599 et
450 2538 575 2599 Alen'ses
590 2537 699 2596 foedere
710 2537 907 2610 excluserunt,
919 2547 948 2596 et
958 2536 1192 2617 Cersobleptem,
1204 2545 1266 2596 tutrt

163 2643 268 2692 contra
282 2631 441 2703 decretum,
456 2640 517 2690 turn
531 2641 634 2711 contra
646 2650 682 2690 ea
696 2649 762 2710 quse
787 2614 825 2688 ad
839 2649 893 2690 vos
917 2631 1011 2698 relata
1032 2639 1136 2690 erant:
1158 2629 1266 2692 deinde

161 2725 231 2794 loco
251 2743 367 2784 movere
388 2734 478 2804 atque
499 2724 652 2783 immutare
677 2723 841 2794 decretum,
865 2742 924 2802 quo
948 2721 1039 2803 legati
1066 2723 1265 2798 veniebamus,
1370 2721 1378 2729 “

163 2828 235 2895 sunt
254 2818 403 2900 aggressi:
424 2828 532 2898 postea·
549 2817 713 2890 Gordianos
734 2816 872 2896 Philippo
886 2817 981 2878 socios
1001 2817 1221 2904 inscripserunt,
1236 2822 1268 2878 et

162 2912 285 2990 scriptas
298 2931 316 2971 a
329 2930 375 2971 me
387 2909 486 2996 literas
506 2910 544 2969 ad
564 2929 616 2970 vos
630 2917 690 2970 non'
704 2909 862 2970 mittendas
883 2919 1071 2982 censuerunt,
1092 2909 1149 2989 ipsi
1167 2919 1265 2969 autem

167 3001 317 3064 vaecordes
340 3021 417 3064 suasr
430 3002 529 3062 literas
544 3002 702 3061 miserunt:
725 3010 869 3061 ettamen
891 3001 1051 3080 preclarus
1074 3001 1130 3059 iste
1153 3001 1197 3064 vir
1218 3019 1283 3066 me¹

162 3094 326 3182 pollicitum
341 3115 407 3156 esse
422 3094 558 3175 Philippo
581 3094 654 3153 dixit
673 3113 721 3154 me
744 3093 952 3174 rempublicam
966 3103 1094 3154 vestram
1108 3096 1267 3173 abrogatu-

162 3207 239 3258 rum,
254 3187 334 3266 quod
350 3187 415 3248 illas
436 3186 696 3266 reprehendebam,
710 3205 785 3266 quas
806 3206 865 3262 non
880 3186 970 3247 modo
991 3195 1093 3265 turpes
1118 3185 1268 3256 existima·

115 3273 117 3286 '
161 3281 242 3358 barn,
257 3280 310 3342 sed
329 3291 360 3341 et
376 3280 507 3353 verebar,
521 3278 567 3359 ne]
580 3279 682 3360 insons
703 3299 760 3358 ego
783 3279 855 3358 meo:
869 3279 985 3339 interitu
1008 3279 1125 3358 culpam
1149 3278 1266 3339 illorum

161 3374 283 3445 luerem,
305 3373 462 3434 AEscbines
487 3389 556 3432 vero
577 3391 728 3450 nunqnam
750 3371 864 3446 destitit
881 3371 1016 3450 privatim
1037 3371 1178 3450 congredi
1198 3392 1267 3435 cum

162 3465 311 3546 Philippo.
352 3465 396 3524 Ac
411 3474 508 3524 cetera
519 3465 638 3542 quidem
652 3474 748 3537 taceo,
772 3462 929 3543 Dercyllus
955 3473 1053 3524 autern
1077 3463 1180 3524 Pheris
1199 3483 1268 3524 eum

162 3567 252 3618 nocte
266 3557 393 3642 quadam
413 3556 588 3640 observavit,
604 3575 663 3615 non
677 3575 744 3634 ego,
760 3555 889 3632 adhibito
903 3574 995 3634 puero
1009 3555 1065 3616 hoc
1079 3555 1157 3630 me'o,
1172 3573 1266 3634 eoque

163 3651 357 3731 deprehenso,
370 3671 386 3710 e
401 3649 591 3712 tabernaculo
605 3649 731 3729 Philippi
745 3659 883 3722 exeunte,
896 3667 1020 3728 puerum
1039 3648 1110 3708 mihi
1131 3647 1266 3711 renunci-

164 3763 215 3805 are
225 3742 324 3822 jussit,
340 3753 370 3802 et
384 3742 479 3822 ipsum
493 3741 523 3800 id
538 3739 712 3801 meminisse.
741 3741 894 3821 Denique
916 3741 1045 3801 nefarius
1070 3741 1136 3812 iste,
1161 3749 1191 3798 et
1212 3739 1267 3798 im-

161 3833 290 3918 pudens,
304 3842 420 3894 noctem
435 3843 464 3894 et
478 3833 565 3906 diem,
580 3831 719 3911 digressis
733 3833 830 3908 nobis,
843 3834 984 3895 remansit
996 3831 1074 3912 apud
1088 3829 1266 3909 Philippum.

165 3928 206 3996 Et
227 3928 293 3987 hac
304 3947 371 3987 vere
388 3947 464 3987 ame
482 3925 538 3988 dici
552 3936 586 3986 ut
600 3936 749 4006 appareat,
761 3927 888 4007 primum
900 3945 956 4006 ego
967 3924 1070 4004 ipsein
1083 3921 1206 3986 tabellas
1219 3942 1265 3983 re·

162 4019 267 4094 seram,
281 4031 311 4080 et
330 4011 399 4081 meo
417 4019 547 4104 periculo
568 4019 766 4082 testificabor:
789 4020 895 4088 deinde
918 4027 1080 4078 ceterorum
1103 4016 1268 4095 legatorum

160 4113 297 4194 singulos
312 4114 418 4186 citabo,
433 4123 463 4175 et
476 4113 594 4176 omnino
608 4121 661 4173 aut
672 4113 834 4183 testificari,
849 4121 901 4172 aut
914 4111 1026 4190 ejurare
1040 4128 1156 4189 cogam.
1178 4103 1266 4179 Quod

161 4207 188 4267 si
198 4205 474 4290 ,ejurarintfperjurii
483 4226 535 4268 eos
548 4205 701 4268 manifeste
714 4207 744 4266 in
757 4213 917 4286 conspectu
930 4211 1028 4280 vestro
1043 4203 1223 4265 convincam.
