2932 4952
430 237 963 336 concurrereconcurrere
1179 261 1236 328 aar
1289 300 1291 304 .
1368 308 1369 311 κ

135 419 268 502 praedis,
282 421 353 486 nibil
364 439 466 490 eorum
480 425 605 505 denique
618 445 679 488 non
696 425 815 496 faceret,
829 444 896 503 quae
906 424 1002 486 homo·
1012 421 1099 484 nullis
1112 419 1241 499 legibus,
1317 394 1320 398 Ι
1347 417 1350 422 ’

138 515 227 574 nullis
247 517 345 576 ullius
343 517 520 597 ¹reipublice
541 517 674 579 honestis
701 517 841 577 institutis
865 525 897 579 e't
916 515 1069 595 disciplina
1085 515 1239 584 educatus,
1333 535 1336 542 ¹

136 607 330 688 principatum
341 620 454 684 nactus,
465 609 616 689 designare
625 619 732 692 queat
755 610 909 689 Lampsaci
918 609 1035 670 tandem
1050 607 1110 668 duo
1118 606 1237 685 quidam

135 699 268 768 homines
279 701 576 770 exstiterunt—alteri
588 702 791 780 Thersagoras
809 721 915 762 nomen
929 699 996 775 luit,
1015 699 1180 761 Execestus
1193 691 1239 758 al-

133 791 292 871 teri—qui,
301 793 380 854 idem
391 794 470 871 quod
482 793 594 858 laudati
607 793 649 852 illi
661 794 751 854 vestri
761 792 950 873 tyrannicidae
959 801 1132 863 statuentes,
1145 790 1239 854 Phili·⁴
1241 865 1243 868 ι

134 903 218 944 scum
232 885 420 952 occiderunt:
440 886 541 956 haud
534 886 650 966 injuria,
666 886 745 964 quod
759 885 860 964 patries
872 885 1033 946 libertatem
1048 883 1239 945 asserendam

14 987 15 990 ’
86 1009 87 1015 1
134 996 203 1039 esse
218 979 428 1042 existimarent.
451 979 538 1056 Quod
549 979 576 1038 si
588 980 654 1057 quis
666 979 785 1052 Philisci
800 977 960 1049 studiosus,
974 987 1037 1037 tum
1051 993 1117 1063 cum
1133 975 1262 1052 Parin-r¹

133 1069 204 1130 tltiis
218 1070 357 1136 militibus
371 1071 517 1151 stipendia
531 1071 665 1143 solveret,
683 1081 774 1130 totam
789 1071 1016 1150 Hellespontum
1032 1076 1156 1140 teneret,
1172 1087 1240 1126 om-.

132 1161 215 1246 nium
229 1163 386 1268 praesidum
402 1173 481 1225 esset
494 1163 700 1241 amplissimus,
717 1164 894 1242 scripsisset,
912 1160 1186 1264 quemadmodum
1178 1171 1233 1220 rste

127 1270 228 1323 nuuc,
247 1253 351 1332 siquis
373 1255 514 1316 occiderit
528 1254 699 1333 Philiscum,
716 1255 822 1313 abduci
835 1275 903 1313 eum
921 1274 937 1313 e
957 1253 1066 1333 ditione
1088 1253 1239 1312 sociorum·
1334 1261 1335 1272 ¹

132 1345 241 1410 liceat·
266 1362 317 1424 per
331 1347 403 1410 deos
418 1347 605 1420 immortales,
618 1347 737 1418 uidete
730 1368 767 1405 ιιι.
774 1357 914 1425 quantam
928 1345 1115 1425 ignominiam
1134 1347 1237 1405 civita

131 1445 194 1496 tem
205 1438 388 1517 conjecisset.
410 1440 540 1502 Profecti
552 1441 630 1500 enim
645 1441 842 1520 Thersagoras
861 1450 892 1498 et
913 1438 1078 1518 Execestus
1092 1438 1237 1510 Lesbum,
1255 1451 1260 1476 ¹

132 1531 193 1598 illic
207 1531 386 1593 habitarunt.
410 1533 538 1602 Quod'
516 1554 541 1594 ιι
556 1533 652 1613 quise
668 1533 789 1593 Philisci
801 1533 899 1592 liberis
915 1537 966 1592 au't
985 1533 1239 1604 amiciamanum.

130 1623 175 1684 eis
189 1623 349 1702 injecisset,
365 1625 457 1686 dediti
475 1634 573 1686 vestro
593 1616 849 1686 senatusconsulto
863 1625 1001 1684 luissent,
1015 1627 1166 1710 Quantum
1179 1625 1234 1702 igi·¹
1297 1655 1300 1659 .
1324 1627 1329 1640 “

34 1794 38 1803 Ι
130 1724 180 1776 tur
201 1716 339 1790 dedecus,
360 1717 564 1792 Athenienses,
578 1718 695 1797 publice
717 1727 885 1823 susceptum
906 1719 995 1788 esset,
1018 1737 1085 1790 oum
1109 1737 1161 1784 eos
1180 1717 1237 1794 qui

115 1889 117 1896 ι
132 1809 213 1888 apud
225 1829 279 1873 vos
290 1811 348 1870 tale
357 1811 471 1872 lacinus
483 1810 648 1879 ediderunt,
659 1820 688 1870 et
697 1811 778 1870 aereis
789 1810 893 1869 statuis
902 1821 932 1868 et
944 1811 1063 1869 summis
1071 1805 1236 1868 honoribus

131 1901 323 1966 ornaveritis·
345 1903 449 1962 suillos
464 1903 513 1980 qui
528 1903 584 1962 alio
597 1903 735 1981 quopiam
753 1901 783 1959 ιιι
797 1902 863 1960 loco
884 1901 959 1961 idem
975 1901 1052 1979 quod
1067 1887 1107 1970 bi,
1124 1902 1162 1960 de
1180 1921 1233 1980 pa·

131 1993 190 2052 tria
203 2013 260 2051 sua
281 2004 444 2065 senserunt,
465 1994 613 2056 deditione
628 1993 844 2052 damnassetisi
865 1995 910 2052 Ac
930 1994 1005 2052 illius
1026 1993 1143 2076 quidem
1157 1997 1231 2053 tem·
1296 2003 1322 2043 ’-

129 2105 213 2164 pore,
225 2085 348 2148 feliciter
361 2105 442 2146 sane
447 2106 505 2146 non
527 2086 635 2146 accidit
654 2096 687 2144 ut
702 2085 819 2164 decepti
833 2085 974 2164 flagitium
990 2086 1106 2162 aliquod
1126 2087 1235 2146 admit«

128 2179 251 2238 teretis:
271 2179 306 2236 in
315 2179 372 2238 hoc
382 2199 466 2251 vero,
479 2199 504 2240 ιι
496 2179 588 2237 mibi
594 2175 750 2282 parebitis,
764 2198 801 2238 ne
815 2177 845 2236 id
857 2198 913 2236 usu
927 2179 1025 2238 veniat
1040 2175 1235 2284 prospicietis*

131 2268 210 2336 Clam
225 2269 303 2330 enim
316 2280 440 2349 excepto
453 2271 581 2340 nemine,
593 2271 621 2328 in
638 2269 808 2330 universum
824 2270 962 2348 scriptum
978 2269 1025 2339 sit,
1042 2269 1066 2326 si
1079 2270 1143 2347 quis
1155 2271 1236 2330 occi-

128 2361 207 2423 derit
221 2362 437 2442 Charidemum,
452 2363 514 2422 fieri
524 2373 656 2442 qu'eatut
669 2383 740 2424 casu
752 2363 839 2422 etiam
859 2359 920 2422 tale¹
932 2362 1079 2442 quippiam
1094 2363 1236 2424 eveniret,
1288 2356 1292 2362 ’

166 2455 220 2520 36,
240 2453 332 2514 Nunc
357 2454 495 2533 deinceps
519 2455 548 2514 ιιι
572 2456 652 2516 facta
677 2455 845 2516 Charidemi
867 2455 991 2514 breuiter
1015 2455 1170 2534 inquiram,
1200 2467 1235 2531 et
1287 2489 1288 2494 ι

128 2562 277 2607 summam
287 2565 385 2607 comm
398 2545 622 2625 impudentiam,
636 2567 653 2606 a
667 2547 773 2626 'quibus
785 2547 930 2618 laudatur,
941 2548 1104 2606 ostendam.
1130 2549 1231 2607 Unum

128 2637 337 2708 autemqrobis
360 2638 432 2704 illud
445 2638 594 2717 polliceor,
619 2629 806 2717 sequerere
821 2640 974 2718 quisquam
991 2639 1235 2718 pollicitationeln'

128 2747 227 2788 meam
245 2732 323 2808 oe'gre
341 2731 423 2799 ierat,
446 2741 491 2790 me
510 2751 570 2790 non
583 2730 656 2790 illud
674 2733 762 2791 modo
776 2743 970 2804 ostensurum,
992 2733 1143 2811 indignum
1162 2755 1229 2794 eum

127 2822 348 2881 essecustodia
361 2824 401 2880 ab
417 2823 475 2884 isto
497 2823 625 2893 decreta,
649 2823 700 2883 sed
721 2825 921 2902 gravissimum
944 2826 1030 2884 etiam
1056 2826 1234 2904 supplicium

128 2913 281 2984 meruisse,
297 2915 320 2976 si
336 2915 423 2976 niodo
437 2915 573 2974 malevoli
594 2915 685 2987 vobis,
700 2929 729 2975 et
743 2917 924 2995 impostores,
940 2927 969 2976 et
982 2917 1164 2976 continenter
1177 2919 1230 2978 ad·

127 3015 294 3076 versantes,
314 3005 380 3087 jure
407 3007 578 3085 puniuntur.
617 3007 762 3066 Fortassis
783 3017 881 3066 autem
901 3017 1028 3066 vestrum
1045 3007 1231 3085 quibusdam,

128 3095 397 3168 considerantibus,
413 3098 536 3175 primum
556 3097 650 3156 civem
672 3119 738 3172 eum
760 3117 830 3158 esse
847 3099 968 3171 factum,
990 3089 1096 3158 deinde
1116 3120 1245 3175 rursum·

128 3186 229 3246 aureis
240 3187 364 3258 coronis,
378 3200 516 3266 tanquam
531 3189 567 3249 de
583 3191 731 3267 republica
743 3192 818 3250 bene
831 3192 974 3264 meritum,
983 3191 1162 3264 decoratum,
1176 3192 1231 3250 mi⁴
1256 3252 1261 3260 ,

128 3278 189 3336 rari
202 3267 357 3351 subit‘u'os
373 3282 461 3340 tantis
473 3281 503 3340 in
514 3284 602 3356 rebus
613 3293 672 3342 tam
686 3283 774 3342 facile
788 3303 853 3342 esse
864 3283 1015 3362 deceptos·
1037 3283 1084 3342 Ne
1094 3304 1163 3343 vero
1174 3285 1229 3343 du-

128 3369 240 3440 bitetis,
250 3371 319 3448 quin
330 3371 528 3452 deceptisitis.
551 3374 612 3432 Cur
620 3377 758 3435 autemid
766 3375 846 3434 vobis
858 3375 989 3433 accidere
998 3385 1229 3436 consentaneum

127 3462 180 3536 sit,
191 3481 347 3541 exponam.
370 3464 442 3542 Vos,
451 3465 656 3538 Athenienses,
666 3487 731 3525 cum
743 3467 835 3526 multa
845 3476 922 3538 recte
932 3467 1113 3546 intelligatis,
1124 3469 1234 3528 iisdem

126 3573 235 3633 parum
253 3565 432 3627 constanter,
457 3577 547 3635 quum
569 3578 640 3618 usus
665 3559 806 3638 postulat,
829 3558 971 3618 insistitis.
993 3557 1170 3640 'Cujusmodi
1184 3563 1233 3620 est

126 3646 315 3722 quod-dico?
337 3649 446 3726 Siquis
467 3668 518 3708 vos
540 3659 634 3728 roget,
651 3649 797 3728 quodnam
813 3651 906 3728 genus
921 3651 1068 3712 hominurn
1082 3673 1120 3712 ex
1135 3653 1228 3712 omni·

125 3739 187 3797 bus
202 3741 372 3799 mortalibus
383 3742 412 3799 in
423 3739 538 3800 civitate
550 3741 794 3819 improbissimum
808 3742 927 3822 putetis,
942 3765 996 3804 nec
1009 3745 1162 3822 agricolas,
1172 3765 1230 3806 nec

127 3841 317 3904 mercatores,
332 3852 385 3891 nec
396 3831 568 3903 metallicos
583 3844 636 3893 aut
649 3835 804 3914 quicquam
818 3837 877 3896 tale
891 3837 1113 3923 responderitis:
1136 3838 1225 3898 sed
1202 3859 1227 3898 ιι

126 3923 207 4001 quis
211 3943 260 3982 eos
262 3944 331 4018 ,qm
323 3924 475 4014 mercede
490 3926 629 3984 conducti
639 3927 860 4000 concionantur,
871 3938 902 3986 et
912 3929 1162 4010 ιιιοιιιιῖιιιιιιιι,
1175 3950 1228 3991 no·

126 4013 230 4085 minet,
245 4035 272 4074 er
282 4034 334 4074 vos
348 4015 449 4076 omnes
461 4037 630 4077 assensuros
639 4019 708 4078 satis
718 4039 787 4079 sero
810 4020 981 4078 Hactenus
975 4020 1061 4096 igitur
1071 4031 1150 4082 recte
1159 4043 1228 4082 sen·
1271 4041 1276 4048 ’

126 4106 200 4176 ιιιιι,
216 4106 360 4172 decatero
373 4129 431 4169 non
444 4110 523 4170 item.
539 4109 623 4168 Nam
639 4131 728 4190 quos
725 4111 854 4196 omilium
863 4093 1107 4215 improbissimos
1101 4117 1155 4192 rpsi
1171 4136 1226 4195 pu·

125 4197 207 4270 tatis,
220 4197 403 4271 biscreditis,
415 4200 533 4284 quando
539 4200 731 4306 judicandum
743 4211 797 4271 est,
809 4201 905 4280 qualis¹
914 4203 1117 4288 unusquisque
1130 4208 1167 4266 sit
1176 4227 1225 4266 ex·

122 4291 318 4360 istimandus:
333 4291 452 4362 bivero,
464 4305 551 4371 prout
559 4314 599 4353 ers
609 4289 759 4352 bonume
747 4293 953 4362 commodum
962 4306 1015 4366 est
1027 4316 1084 4356 ιιοιι
1095 4299 1225 4377 utaequr-

123 4397 174 4446 tas
188 4395 219 4443 et
232 4383 272 4442 rei
284 4384 397 4444 veritas
394 4385 543 4463 postulat,
558 4405 793 4464 unumquemque
808 4385 855 4444 vel
862 4386 990 4480 probum
1005 4389 1051 4462 vel
1063 4391 1239 4497 improbum
