2932 4952
517 225 685 346 coion
708 255 882 348 niumm.
919 255 923 264 ’
1196 290 1255 346 aas

156 457 223 516 quse
243 437 339 517 periit,
355 437 534 517 designasse·
550 441 742 513 existimaret,
764 442 913 520 iidemque
933 439 1028 500 verbis
1051 448 1255 500 accusatorum

154 531 330 601 adhibebat3
351 551 389 591 ne
403 541 465 592 tum
479 533 599 612 quidem
612 533 658 592 sic
678 533 837 593 decuisset.
879 532 1038 594 Moderata
1053 533 1131 591 enim
1146 531 1255 591 amico·

153 645 216 682 rum
231 625 394 702 poenahaec
408 635 463 699 est,
475 627 500 684 si
513 625 583 704 quid
595 627 723 686 atrocius
736 627 908 706 designasse
918 625 1081 697 videantur,
1089 624 1255 683 abillor'um

153 717 368 776 consuetudine
387 716 525 796 deinceps
545 727 577 777 te
596 734 762 796 segregare.
805 718 914 778 Ulcisci
935 727 1033 776 autem
1054 717 1253 796 etpersequi,

154 808 234 868 laesis
256 803 347 887 atque
368 807 491 868 inimicis
515 809 696 888 relinquitur.
738 808 800 870 Sed
822 810 880 870 ho'c
903 809 929 869 ei
950 827 1021 869 sane
1044 803 1254 870 condonemus.

153 901 205 958 Sin
219 909 318 960 autem
331 899 458 978 hospitio
472 901 535 980 ejus
550 921 646 972 usum,
660 905 691 961 'et
706 904 761 961 sub
776 902 909 981 ejusdem
922 909 1002 960 tecto
1016 911 1164 960 versatum
1179 921 1255 974 esse,

153 1003 297 1072 tanquam
310 993 404 1052 omnis
418 994 544 1054 criminis
558 993 700 1074 expertis,
712 995 873 1067 constabit,
895 993 946 1053 iila
957 1013 1026 1054 vero
1036 993 1151 1054 ‘dixisse
1166 1006 1254 1073 atque
1291 1055 1300 1064 ,

154 1085 296 1164 objecisse
311 1086 509 1145 calumniandi
527 1087 585 1146 mei
608 1107 717 1147 causa:
738 1107 837 1148 nonne
852 1086 963 1160 decies,
976 1087 1022 1146 rel
1036 1085 1134 1146 decies
1151 1087 1256 1148 millies

154 1179 265 1256 potius,
275 1178 342 1257 jure
357 1178 520 1258 meritoque
534 1179 701 1241 occidetur?
727 1185 729 1190 ’
743 1179 834 1258 Atqui
847 1199 895 1239 mc
910 1197 978 1238 vera
991 1178 1100 1250 dicere,
1115 1188 1145 1238 et
1161 1179 1255 1260 pridie

154 1290 243 1348 quam
262 1271 326 1330 haec
350 1271 525 1350 loqueretur,
541 1271 637 1332 istum'
651 1273 815 1333 accessisse
838 1283 869 1333 et
889 1291 1052 1332 sermonem
1075 1273 1253 1342 contulisse;

155 1362 355 1440 postridieque
382 1364 597 1442 iterum-quid
627 1384 694 1424 vero
719 1365 758 1425 ad
780 1357 1033 1444 summamistam
1057 1365 1254 1443 impuritatem

155 1456 226 1516 addi
239 1466 346 1534 potest,
361 1456 700 1524 Athenienscsi—domi
721 1458 803 1517 illurn
825 1458 1008 1529 convenisse,
1024 1467 1054 1518 et
1073 1457 1159 1537 juxta
1180 1459 1255 1518 assi·

156 1548 288 1619 dentem,
302 1549 422 1609 dextera
435 1550 554 1629 injecta,
565 1551 761 1630 praesentibus
775 1550 886 1623 multiS,
900 1560 968 1629 post
987 1550 1042 1610 ista
1055 1551 1145 1610 verba
1159 1549 1190 1608 in
1209 1571 1256 1610 se-

156 1649 239 1710 natu,
255 1640 362 1719 quihus
386 1641 588 1707 Aristarchum
612 1652 644 1701 ut
664 1641 842 1703 homicidam
858 1641 1014 1715 detulerat,
1028 1643 1262 1722 gravissimeque

154 1732 324 1793 criminatus
344 1734 451 1805 suerat,
470 1733 663 1814 adjurantem,
676 1736 797 1794 exitium
810 1736 906 1815 ipsum
920 1736 977 1795 sihi
995 1735 1213 1815 imprecantem,
1230 1737 1255 1796 si

155 1825 228 1904 quid
250 1826 287 1885 de
314 1825 366 1885 illo
388 1828 458 1886 mali
476 1827 609 1900 dixisset,
633 1847 687 1886 nec
714 1827 917 1891 reformidante
938 1826 1106 1908 perjurium,
1122 1829 1255 1907 quamvis
1330 1827 1334 1835 '

155 1923 219 1994 ejus
234 1918 276 1976 rei
285 1918 395 1977 conscii
410 1918 565 1987 adessent:
588 1939 625 1980 ac
645 1909 707 2000 per
720 1940 786 1980 eum
811 1922 958 1981 studuisse
981 1920 1074 1980 redire
1095 1939 1211 1980 mecum
1224 1921 1255 1982 in
1304 1988 1308 1998 ,

154 2009 349 2089 gratiam-uti
362 2020 494 2070 constet:
516 2011 605 2072 etism
618 2013 733 2083 horum,
744 2003 796 2072 cos
815 2014 866 2090 qui
888 2012 1055 2086 interfuere,
1069 2021 1160 2072 testes
1173 2014 1256 2074 vohis

152 2103 224 2164 cito.
267 2101 374 2162 Nonne
396 2122 465 2162 vero
480 2102 773 2182 'indignumfacinus
798 2113 854 2174 est,
872 2103 1079 2176 Athenienses,
1102 2123 1137 2165 ac
1158 2105 1256 2183 potius

154 2194 288 2274 impium,
310 2213 440 2254 asserere
459 2195 635 2258 homicidam
657 2215 723 2254 esse
741 2196 884 2268 eundem,
905 2215 939 2255 ac
963 2216 1075 2267 rursus,
1089 2197 1119 2256 id
1141 2217 1171 2259 se
1195 2218 1255 2258 non

155 2286 278 2357 dixisse,
288 2287 411 2366 ejurare,
421 2288 528 2365 cuique
539 2289 650 2348 caedem
658 2289 810 2371 objecerit,
821 2308 888 2348 cum
903 2288 955 2348 ilio
965 2289 1019 2348 sub
1034 2289 1139 2350 eodem
1148 2294 1255 2352 versari

155 2378 258 2442 tectoi
300 2379 387 2445 Quod
411 2380 435 2438 si
453 2371 510 2458 epo
532 2379 620 2440 istum
634 2380 780 2452 dimisero,
800 2388 897 2440 restro
921 2379 1058 2444 inistum
1083 2381 1255 2460 prejudicio

155 2472 284 2543 deserto,
299 2471 370 2530 nihil
383 2469 534 2551 delinquo,
555 2473 579 2533 si
603 2473 657 2533 diis
676 2467 784 2551 placet.
827 2471 878 2532 Sin
895 2471 944 2551 jus
967 2468 1063 2538 ineum
1086 2493 1256 2554 persequor,

155 2564 275 2632 ordines
286 2553 509 2638 deserui,'coede
523 2585 592 2634 sum,
601 2565 742 2644 pollutus,
756 2566 879 2625 metelli
893 2574 1008 2645 oportet
1021 2585 1037 2626 e
1051 2568 1157 2633 medio.
1188 2569 1255 2649 Ego

154 2677 225 2718 vero
238 2665 340 2716 contra
353 2657 463 2716 sentio:
476 2658 501 2718 si
514 2657 601 2718 istum
612 2658 797 2732 dimisissem,
809 2678 865 2731 mc,
875 2658 1080 2732 Athenienses,
1088 2659 1255 2722 relicturum

156 2749 248 2815 inisse
266 2749 389 2829 justitiae
416 2749 557 2821 ordinem,
580 2751 707 2829 mihique
729 2751 794 2830 jure
813 2751 889 2811 diem
910 2750 1064 2814 ¹homicidii
1090 2752 1255 2814 dicendum.

109 2894 114 2898 .
157 2841 237 2901 Nam
250 2841 280 2901 id
295 2842 320 2900 si
333 2841 481 2912 iecissem,
496 2862 556 2902 non
571 2842 671 2920 utiquc
685 2843 782 2902 vivere
796 2863 843 2902 me
858 2843 1015 2906 decuisset.

200 2935 249 2994 35.
272 2932 313 2991 Ut
326 2932 413 3011 igitur
426 2933 491 2994 hacc
505 2952 622 3013 quoque
635 2953 702 2994 rere
719 2954 737 2993 a
759 2955 806 2994 mc
829 2934 887 2996 dici
910 2945 1036 3010 constet,
1051 2938 1138 2997 etiam
1152 2937 1255 2998 horum

154 3045 233 3099 ,roca
246 3024 316 3084 mihi
329 3033 431 3086 testes.
525 3059 527 3064 v
599 3041 626 3062 ·'
1343 3018 1348 3025 ’

629 3155 794 3268 nassas.

111 3351 117 3359 ‘
153 3353 162 3362 “
181 3347 334 3410 Lysimachus
350 3347 512 3409 Alopecensis,
528 3347 617 3395 Demea
628 3346 759 3405 Sunionsis,
770 3349 857 3396 chares
867 3347 998 3404 Thoricinr,
1010 3349 1117 3398 Philemo
1127 3345 1256 3413 spnstuos',

154 3427 274 3475 Moschus
286 3424 439 3482 Pessionsis,
450 3425 534 3486 quibos
546 3425 691 3486 temporibus
702 3426 850 3472 Aristarchus
861 3426 954 3472 Moschi
963 3425 1025 3474 filius
1035 3429 1097 3490 opud
1107 3429 1213 3480 sanctuni
1219 3437 1256 3479 est

156 3504 259 3557 deictus,
269 3502 299 3549 de
311 3501 390 3548 occiso
399 3500 539 3561 Nicodamus,
551 3501 637 3548 scimus
649 3501 756 3557 Midism,
767 3502 807 3562 qni
826 3517 840 3548 a
860 3502 1029 3559 Demosthene,
1045 3504 1084 3552 cni
1099 3507 1256 3555 testimonium

61 3595 66 3600 ·
155 3579 267 3640 dicimus,
279 3583 407 3632 accusatur,
418 3577 448 3624 sd
458 3583 562 3644 secutum
574 3576 700 3639 ingressum
710 3578 799 3643 dicere,
814 3594 860 3625 non
878 3577 949 3625 sliam
967 3561 1039 3626 citum
1060 3597 1114 3630 esse
1132 3582 1255 3630 Nicodemi

154 3641 338 3710 interfectorem,
347 3669 415 3714 quem
432 3653 601 3709 Aristarchum,
613 3654 653 3715 qni
669 3654 693 3700 id
707 3655 797 3702 sucinos
808 3655 857 3701 suis
868 3655 971 3704 menibus
989 3663 1163 3718 perpetrasset3
1180 3645 1265 3722 pansi-'
1327 3695 1330 3704 .

155 3733 263 3791 linmqne
273 3731 368 3778 dedisse
380 3730 479 3785 senatui,
491 3737 517 3776 nt
527 3729 549 3775 in
563 3730 689 3777 Aristarchi
706 3733 769 3778 redes
787 3732 846 3778 iacto
862 3731 952 3792 impetu
964 3747 1016 3778 cnm
1027 3734 1256 3792 comprehenderent.
1271 3773 1273 3776 .

150 3808 220 3856 ‘Haeo
232 3814 307 3854 nutem
319 3807 347 3853 sd
360 3813 463 3853 senatum
477 3807 579 3863 dicebat,
590 3821 660 3867 quum
672 3806 748 3868 pridie
760 3821 811 3854 omo
824 3807 957 3855 Aristarcho
969 3815 993 3855 et
1003 3809 1124 3855 nohisouro
1138 3816 1201 3858 esset
1210 3827 1258 3859 om·

151 3891 235 3932 'notua
268 3875 359 3932 Scimus
370 3897 439 3944 porro
448 3881 555 3939 Midism,
566 3888 592 3929 ut
603 3897 617 3928 s
627 3889 708 3930 senato
723 3891 852 3932 recesserat
868 3890 892 3931 et
903 3899 931 3931 cn
942 3885 1012 3932 rerba
1023 3884 1124 3940 dixerat,
1136 3885 1212 3933 denno
1227 3888 1257 3935 sd

152 3961 319 4030 ¹Aristarchum
329 3959 469 4021 ingressum,
477 3958 557 4020 illique
569 3959 628 4023 [sic]
638 3959 780 4022 injicientem
789 3963 893 4010 dcxtrsm
902 3976 910 4020 ς
925 3968 950 4007 ct
958 3975 1009 4006 oum
1016 3960 1140 4009 devotione
1150 3963 1187 4010 soi
1195 3965 1259 4027 ospi-

153 4040 189 4102 tis
198 4041 313 4098 jurantem
323 4021 412 4083 nihilne
423 4035 446 4082 in
458 4042 539 4082 senatu
550 4036 606 4092 meli
617 4037 688 4084 deso
704 4038 803 4094 dixisse,
811 4044 881 4098 atque
893 4037 921 4083 sh
938 4035 1074 4092 Aristarcho
1094 4046 1220 4101 petentem,
1232 4049 1259 4090 ut

157 4115 206 4165 sihi
219 4101 398 4162 demosthenem
409 4111 580 4160 reconciliaret.

154 4241 239 4310 Quid
252 4240 341 4320 igitur
355 4238 425 4298 addi
437 4238 558 4319 potest?
572 4258 637 4318 quae
651 4240 735 4298 istius
749 4237 852 4297 similis
866 4237 930 4308 suit,
944 4248 997 4298 aut
1010 4239 1073 4300 fieri
1085 4251 1194 4320 potest,
1204 4243 1257 4302 im-

153 4333 312 4416 probitas?
321 4332 371 4413 qui
383 4332 532 4392 hominem
544 4331 756 4403 calamitosum,
770 4351 788 4390 a
800 4351 860 4408 quo
873 4331 955 4391 nulla
966 4352 996 4392 re
1009 4334 1099 4394 laesus
1112 4335 1258 4405 inerat,—

153 4427 262 4487 omitto
281 4421 378 4486 dicere
397 4425 573 4506 amicum-7
592 4423 723 4485 simulet
741 4422 978 4486 calumniandum
996 4427 1120 4502 censuit,
1130 4435 1161 4486 et
1173 4434 1258 4488 or'an-
