2932 4952
502 289 675 356 aornar
698 288 873 354 urorum.
1091 302 1093 308 ·
1183 293 1244 377 nr

88 433 92 440 ¹
138 462 200 506 uon
214 447 333 527 perinde
343 448 467 510 sonasse
481 469 536 532 per
548 450 717 530 sese-digna
730 447 837 521 videri,
846 457 880 508 nt
888 455 1046 528 propterea
1056 445 1086 506 in
1095 424 1241 527 judicium

119 541 121 545 ’
138 541 292 609 radiatum
313 561 350 602 ea
361 562 432 604 vero
445 543 552 618 dicam,
566 544 671 624 quibus
684 544 793 604 auditis
806 561 891 621 teque
905 559 1007 602 omnes
1021 540 1088 620 jure
1106 537 1245 620 indigna-¹

140 633 223 692 mini.
247 670 248 676 κ
266 633 393 694 Omnem
412 635 491 705 enim
509 636 646 706 modum·
658 633 813 696 excedunt.
829 631 1116 714 eaquaedeinneps
1135 632 1242 693 dicam.

142 725 191 784 Ac
204 743 243 784 na
257 745 397 788 accusare
410 727 529 807 quidem
543 747 777 808 enm'egoxnuno
786 753 789 782 z
798 725 1065 798 instituissem,nisi
1079 735 1141 786 tum
1155 726 1243 810 stiam

139 817 295 877 statim·.in
315 819 417 899 populi
440 831 593 881 conventu¹
612 821 823 922 coarguissern.
866 819 988 880 Sacram
1001 818 1079 878 eninr
1091 811 1246 880 vestem&

98 935 102 950 ·
141 929 212 970 nam
231 929 345 970 sacram
363 931 420 992 ego
443 931 509 973 esse
529 921 615 994 puto,-
627 915 715 994 quani
727 912 907 992 festigratia'
920 911 1198 992 pararis,quarndiu
1208 931 1245 974 ea

141 1013 431 1086 utare—aureasque
445 1029 580 1080 coronas,
600 1029 674 1089 quas
696 1029 881 1073 curaveram
881 1009 1051 1094 iaciendas,
1073 1021 1246 1072 ornamenta

142 1094 234 1171 chori,
259 1119 312 1178 per
329 1101 459 1173 insidias,
483 1102 692 1177 Athenienses,
711 1091 783 1162 mibi
804 1103 927 1182 perdere
944 1111 1068 1162 conatus
1084 1110 1139 1175 est,
1153 1112 1245 1178 nomn

143 1193 271 1254 aurificis
299 1195 379 1256 aedes
406 1215 574 1300 aggressus.
628 1199 675 1257 Ao
699 1197 827 1278 perdidit
843 1197 893 1258 ille
914 1198 1044 1276 quidem,
1065 1217 1125 1258 non
1145 1207 1246 1259 tamen

143 1303 268 1346 omnes:
289 1307 345 1346 nec
369 1288 446 1347 enirn
468 1290 573 1368 potuit.
614 1289 791 1368 Quanquam
805 1299 905 1350 autem
918 1308 1004 1349 nemo
1017 1298 1073 1362 est,
1088 1289 1186 1368 quise
1200 1289 1246 1350 di·

25 1434 28 1438 .
139 1388 194 1438 nat
216 1378 247 1437 in
270 1379 325 1439 bac
339 1380 454 1448 civitate
467 1401 599 1461 unquam
614 1382 652 1442 de
664 1401 811 1462 quoquam
825 1381 983 1455 audivisse,
998 1381 1049 1460 qui
1061 1381 1118 1441 hoc
1130 1382 1246 1446 facinus
1308 1415 1313 1422 -

144 1488 234 1530 ausus
247 1472 384 1532 fueritne
397 1475 581 1553 perpetrarit.
625 1476 685 1534 Iste
709 1485 808 1534 tamen
828 1475 884 1533 hoc
900 1491 960 1535 non
975 1483 1144 1548 contentus,
1157 1475 1247 1536 etiarn

144 1563 226 1622 ebori
236 1566 292 1624 mei
306 1567 487 1645 magistrum,
502 1567 710 1640 Athenienses,
724 1567 862 1647 corrupit.
885 1566 973 1635 Quod
984 1565 1040 1625 nisi
1050 1566 1246 1646 Telephanes,

143 1654 264 1726 tibicen,
286 1657 427 1737 singulari
443 1661 599 1739 probitate,
614 1660 683 1720 mihi
708 1671 770 1720 tum
792 1659 900 1739 optime
913 1658 1081 1721 consultum
1095 1659 1247 1736 voluisset,

144 1745 310 1827 fraudeque
321 1750 531 1824 animadversa,
546 1752 665 1812 homine
678 1751 730 1811 illo
742 1749 870 1830 repulso,
894 1750 1097 1810 instruendum
1118 1752 1173 1812 sibi
1194 1753 1247 1813 do·

145 1840 332 1919 cendumque
353 1842 475 1902 chorum
488 1845 671 1914 censuisset3
693 1865 732 1904 ne
745 1852 856 1904 certare
870 1843 988 1922 quidem
1001 1843 1140 1916 licuisset,
1155 1846 1248 1907 Athe-

145 1930 281 2001 nienses:
301 1934 355 1994 sed
368 1934 475 1995 chorus
487 1937 575 1997 ¹rudis
600 1947 630 1998 et
650 1937 808 2016 imparatus
832 1935 997 2005 introiisset,
1008 1957 1076 1998 cnm
1089 1938 1249 2016 ignominia

145 2033 251 2086 nostra
263 2024 401 2106 maxima,
441 2027 546 2107 Neque
560 2048 629 2089 vero
639 2028 687 2088 bic
698 2047 760 2087 snae
773 2026 951 2106 improbitati
964 2029 1085 2088 modum
1098 2030 1177 2100 fecit,
1193 2033 1250 2094 sed

145 2127 208 2177 tarn
220 2117 333 2198 infinita¹
345 2119 403 2179 fuit
415 2120 479 2200 ejus
497 2119 682 2200 protervitas,
694 2129 728 2179 ut
749 2129 920 2178 coronatum
940 2129 1095 2197 praetorem
1110 2141 1250 2203 corrupe-

145 2211 200 2280 rit;
222 2211 323 2272 aediles
338 2223 441 2273 contra
452 2233 499 2290 nte
512 2213 682 2290 concitarit3
696 2211 1070 2288 clamitando„minitando,
1080 2212 1249 2291 jurantibus

140 2303 292 2384 judicibus
307 2305 463 2382 adstando,
476 2325 572 2366 saenae
586 2303 879 2366 aditusobstruendo
893 2301 984 2378 clavis
998 2304 1166 2382 defigendo,
1177 2308 1249 2386 ‚ipse
1289 2329 1292 2340 ¹

145 2397 235 2458 homo
249 2399 389 2478 privatus,
403 2399 460 2458 rim
477 2399 626 2480 publicam
648 2399 755 2472 iacere,
772 2407 803 2458 et
824 2395 951 2458 infandis
970 2396 1111 2460 molestiis
1133 2401 1249 2464 affinem

146 2509 194 2552 me
208 2511 269 2552 non
282 2491 437 2553 destiterit.
522 2537 526 2544 .

154 2638 157 2647 ,
189 2585 218 2643 8.
240 2585 353 2665 Harum
381 2605 487 2657 rerum,
509 2605 576 2665 qum
598 2585 717 2666 quidem
737 2578 769 2647 in
789 2584 946 2666 prasentia
965 2583 1075 2664 populi,
1097 2595 1149 2646 aut
1168 2589 1248 2667 apud

142 2674 260 2755 judices
268 2677 301 2759 in
314 2677 427 2738 theatro
442 2687 517 2738 acta
539 2689 619 2751 sunt,
632 2679 686 2740 vo's
706 2678 786 2752 mibi,
800 2677 933 2750 ludices,
947 2697 1049 2740 omnes
1062 2687 1152 2738 testes
1163 2681 1250 2742 estis.

147 2769 302 2830 Enimvero
323 2772 490 2852 aequissima
501 2773 709 2852 verissimaque
725 2771 875 2848 censenda
888 2781 934 2831 est
946 2789 988 2844 ,ea
1007 2771 1131 2842 dicentis
1143 2773 1249 2844 oratio,

148 2864 237 2942 cujus
248 2863 354 2923 veritas
365 2882 465 2924 eorum
479 2864 530 2944 qui
551 2883 605 2943 pro
622 2865 757 2924 tribunali
772 2861 884 2924 ''sedent
895 2863 1068 2936 testimonio¹
1078 2867 1251 2942 comproba·

148 2963 222 3016 tur..
246 2952 391 3015 Praeterea
403 2956 546 3036 corruptis
554 2956 598 3029 iis,
613 2957 716 3035 quide
733 2955 889 3016 certamine
902 2954 1039 3026 ludorum
1050 2955 1127 3016 inter
1136 2965 1252 3017 actores

143 3045 304 3127 judicaturi
318 3057 412 3118 erant,
427 3047 487 3107 dno
504 3049 570 3128 baec
591 3058 734 3127 tanquam
746 3047 865 3127 fastigia
877 3046 1014 3126 quadam
1032 3046 1165 3106 omnibus
1189 3048 1250 3109 suis

146 3139 297 3219 praeclaris
311 3139 396 3200 factis
409 3141 557 3220 imposuit.
599 3140 688 3206 Quod
702 3149 733 3198 et
745 3159 848 3198 meum
857 3159 964 3217 eorpus
975 3137 1184 3212 contumeliose
1198 3160 1250 3208 re·

147 3231 239 3304 xavit,
252 3241 284 3290 et
297 3232 383 3298 tribui
392 3251 478 3306 meae,
486 3253 559 3312 quae
572 3233 603 3291 in
613 3231 770 3292 certamine
779 3231 910 3311 superior
923 3239 995 3302 erat,
1007 3230 1150 3310 inprimis
1160 3250 1253 3302 causa

147 3322 252 3384 fuitne
265 3323 384 3386 victoria
396 3325 549 3406 potiretur.
581 3323 629 3384 -In
648 3343 695 3382 me
713 3323 801 3402 igitur
823 3337 853 3383 et
870 3322 994 3383 tribules
1005 3342 1087 3384 meos
1103 3333 1251 3402 proterve,

147 3425 239 3496 atque
252 3415 283 3476 in
296 3417 404 3477 festum
425 3415 534 3478 nefarie
558 3415 712 3476 commissa
735 3434 787 3494 per
799 3415 908 3494 pistum,
924 3413 1131 3490 Athenienses,
1143 3416 1251 3494 quihus

148 3527 207 3588 ego
231 3518 397 3570 commotus
419 3528 494 3570 eum,
509 3507 589 3587 apud
617 3507 759 3588 populum
782 3505 1018 3577 aecusavthaec
1043 3518 1122 3579 suat,
1141 3519 1173 3568 et
1193 3509 1253 3584 alia

147 3599 263 3660 multa:
284 3601 420 3680 equibus
438 3618 623 3681 quascunque
647 3607 760 3678 potero,
783 3597 882 3658 statim
902 3596 985 3658 robis
1005 3600 1252 3674 commemorabo.

147 3691 278 3783 Possum
291 3705 390 3755 autem
402 3703 434 3754 et
445 3693 518 3754 alias
531 3692 659 3753 infinitas
677 3691 741 3771 ejus
755 3690 887 3770 injurias,
903 3703 935 3752 et
945 3692 1138 3755 contumelias
1150 3693 1251 3754 multis

145 3794 280 3846 vestrum
292 3786 398 3858 factas,
411 3796 443 3848 et
457 3783 617 3846 facinora
608 3783 732 3863 impuri
736 3783 819 3844 istius
843 3783 937 3845 multa
949 3793 980 3844 et
993 3784 1103 3866 Ιιιιιοιιι
1115 3801 1251 3846 narrare:

147 3899 217 3959 quae
231 3877 279 3938 alii
281 3863 427 3960 ,judiees
448 3887 529 3938 metu
552 3877 649 3950 istius,
662 3887 692 3936 et
713 3876 776 3956 ejus
797 3875 994 3949 confidentiae,
1007 3885 1040 3934 et
1051 3873 1207 3956 sodalium,
1221 3887 1253 3938 et

147 3989 250 4052 opum,
263 3981 294 4031 et
306 3969 482 4044 insolentias,
492 3989 528 4031 ao
540 3969 719 4051 reliquarum
732 3989 829 4030 rernm
850 3970 957 4048 quibus
977 3969 1038 4029 iste
1056 3966 1159 4048 pollet,
1173 3978 1251 4030 atto-

146 4065 214 4144 niti,
228 4083 284 4140 suo
299 4064 401 4125 dolore
419 4061 613 4152 dissimulato,
626 4063 817 4142 quieverunt3
840 4061 888 4120 alii
901 4058 1007 4120 ulcisci
1015 4058 1129 4139 jndicio
1143 4063 1252 4139 conati,

147 4158 224 4222 nihil
246 4157 425 4228 effecerunt:
447 4166 517 4226 sunt
537 4157 635 4229 etiam,
651 4156 701 4236 qui
718 4163 859 4235 proestare
876 4153 909 4218 id
928 4163 1015 4232 atque
1035 4155 1172 4236 expedire
1195 4158 1252 4218 sibi

146 4251 277 4314 sortasse
289 4252 353 4323 rati,
367 4271 435 4313 oum
450 4269 488 4312 eo
509 4249 714 4329 transegerint.
757 4246 845 4313 Quod
867 4243 918 4324 qui
939 4247 1035 4308 facere
1059 4265 1119 4310 non
1135 4269 1251 4318 recusa-

146 4333 229 4416 runt,
251 4345 286 4406 iis
305 4343 453 4436 quidem
444 4345 519 4428 ipsis
540 4353 587 4406 ert
609 4331 881 4420 satisfactumque
904 4349 1002 4400 autem
1024 4341 1252 4419 vindictaeque

146 4428 413 4517 remuneraretur,
427 4447 547 4520 propter
556 4435 677 4518 injurias
691 4444 722 4496 et
737 4433 793 4497 illis
807 4441 886 4510 tune,
901 4441 932 4496 et
945 4453 1025 4496 nunc
1038 4433 1118 4508 mihi,
1132 4433 1253 4497 ceteris·
