2886 4946
517 307 573 366 DE
595 307 781 369 CORONA:
1044 259 1049 274 ·
1147 311 1203 370 189

149 467 199 526 45.
220 467 490 546 Atque'antequam
505 480 603 548 aperte
615 469 725 529 bellum
740 488 906 550 gereremus
917 461 1052 548 Philippo
1065 463 1199 529 auxiliari

106 559 247 618 nefarium
261 561 393 640 profecto
407 560 472 634 tuit,
486 580 505 619 o
518 571 596 620 terra
607 561 705 640 diique
714 563 904 623 immortales!
924 560 1107 641 quisnegett
1126 579 1199 621 con-

8 681 9 686 *
108 661 151 711 tra
172 650 315 731 patriam:
337 651 390 712 sed
404 663 503 711 tamen
516 653 585 712 date
598 655 655 712 hoc
669 654 707 725 ci,
728 655 752 713 si
767 655 862 724 vultis,
877 653 955 714 date.
996 654 1106 712 Verum
1129 673 1196 712 cum

108 743 202 822 palam
213 745 276 824 jam
291 746 423 824 spoliatae
434 765 522 804 naves
535 756 646 815 essent,
663 748 862 807 Chersonesus
876 757 1061 820 everteretur,
1076 748 1105 807 in
1121 747 1199 806 Atti-

109 853 170 896 cam
183 836 343 896 homoist'e
357 838 515 909 invaderet,
531 857 626 916 neque
641 839 705 918 jam
724 839 848 918 amplius
868 839 1005 898 indubio
1027 859 1074 898 res
1094 851 1203 912 essent,

109 929 163 987 sed
176 929 285 987 bellum
310 939 464 1002 exarserat,
483 929 553 1008 quid
576 949 704 1008 unquam
723 949 776 1008 pro
797 929 880 990 vobis
901 929 994 1009 egerit
1017 929 1131 992 invidus
1154 931 1203 990 ille

107 1021 270 1079 iamborum
283 1021 482 1093 manducator,
496 1040 554 1080 nou
565 1030 663 1101 potest
676 1023 837 1092 ostendere,
852 1039 947 1099 neque
960 1031 1056 1081 exstat
1067 1021 1203 1100 plebisci-

108 1121 170 1170 tum
189 1112 282 1170 ullum
301 1132 395 1190 neque
417 1131 556 1192 magnum
578 1133 673 1192 neque
693 1133 814 1192 parvum
828 1113 909 1192 quod
922 1114 951 1171 in
965 1114 1035 1193 reip.
1049 1113 1203 1172 utilitatem

110 1203 264 1264 AEschines
284 1205 372 1264 fecit:
396 1204 440 1264 sin
456 1205 575 1282 aliquod
590 1226 646 1263 erre
660 1206 749 1278 dicat,
768 1209 830 1280 jam
853 1225 932 1263 nnnc
954 1206 1091 1264 ostendat
1108 1206 1203 1266 meis-

109 1314 167 1374 que
186 1296 265 1355 horis
292 1305 400 1356 utatur.
452 1297 511 1356 Sed
539 1297 652 1356 nullum
679 1307 733 1356 est
785 1297 874 1374 Atqui
903 1297 1070 1357 alterutrum
1103 1295 1202 1375 utique

107 1403 230 1448 necesse
258 1398 305 1447 est
329 1388 386 1461 vel,
413 1389 550 1466 quoniam
580 1389 609 1446 in
635 1389 668 1448 iis
693 1405 758 1467 quae
784 1408 803 1446 a
832 1408 881 1446 me
908 1399 992 1467 gesta
1028 1401 1095 1448 sunt
1133 1390 1204 1448 nihil

108 1489 222 1559 poterat
241 1480 462 1559 reprehendere,
485 1479 542 1538 alia
564 1481 651 1559 igitur
674 1498 816 1539 eumnon
845 1481 1017 1553 decrevisse,
1043 1481 1100 1552 vel,
1124 1482 1203 1559 quod

108 1572 236 1630 hostium
258 1572 418 1632 commodis
442 1571 580 1642 studeret,
602 1572 647 1630 his
668 1572 787 1631 meliora
808 1572 837 1630 in
858 1573 985 1631 medium
1006 1573 1135 1652 proferre
1150 1576 1208 1632 no-'

109 1664 208 1724 luisse.
250 1663 369 1722 Nihilne
394 1662 482 1741 igitur
503 1663 628 1736 dicebat,
649 1663 757 1722 nihilne
779 1664 954 1724 decernebat
974 1664 1038 1736 iste,
1064 1683 1130 1724 cum
1151 1665 1204 1724 ali-

110 1774 166 1834 qua
179 1756 211 1814 in
231 1774 264 1814 re
283 1756 382 1813 noceri
394 1755 477 1813 vobis
490 1754 597 1813 licuit?
638 1755 731 1816 Immo
745 1756 852 1816 nemini
872 1765 943 1814 tunc
961 1755 1008 1814 alii
1030 1757 1145 1816 dicendi
1159 1757 1203 1816 lo·

113 1868 164 1908 cus
179 1858 253 1908 erat.
274 1872 296 1888 ἰ

113 1971 125 1977 ··
150 1943 201 2003 46.
224 1941 270 2000 Ac
284 1949 390 2000 caetera
403 1939 521 2019 quidem
543 1941 618 2000 ferre
642 1943 768 2000 fortasse
787 1953 903 2022 poterat
923 1943 1035 2016 civitas,
1048 1963 1140 2023 eaque
1154 1964 1205 2005 oc·

111 2034 189 2094 culte
205 2034 259 2093 iste
273 2035 427 2112 patrabat:
444 2052 534 2090 unum
543 2051 610 2091 vero
620 2034 814 2111 superioribus
823 2035 935 2094 facinus
950 2036 1072 2109 addidit,
1084 2036 1206 2096 Atheni·
1288 2065 1292 2072 ·

111 2146 206 2198 enses,
229 2124 384 2206 ejusmodi,
406 2125 484 2203 quod
508 2126 621 2186 caeteris
643 2126 775 2185 omnibus
793 2119 939 2205 fastigium
964 2129 1145 2206 imponeret;
1167 2130 1205 2189 de

111 2239 169 2298 quo
183 2220 277 2278 multa
290 2237 362 2277 sane
375 2219 464 2276 verba
482 2218 672 2297 consumpsit,
692 2237 758 2276 cum
777 2219 1028 2298 Amphissensium
1049 2221 1205 2280 Locrorum

106 2320 332 2390 persequeretur
352 2309 478 2380 decreta,
503 2309 584 2387 quasi
605 2309 645 2368 rei
667 2309 815 2368 veritatem
840 2322 941 2388 posset
964 2312 1117 2370 invertere.
1168 2313 1204 2372 Id

108 2421 182 2462 vero
201 2421 260 2460 non
278 2403 319 2461 ita
336 2411 390 2461 est.
432 2401 490 2469 Qui
510 2400 608 2459 enim?
629 2401 752 2460 multum
769 2413 847 2461 certe
861 2404 950 2462 abest.
994 2403 1096 2483 Neque
1107 2414 1139 2463 tu
1153 2424 1207 2463 un-

110 2513 203 2574 quam
219 2513 315 2552 eorum
335 2511 402 2572 quae
422 2492 481 2552 illic
504 2492 672 2552 commisisti
692 2492 836 2552 maculam
850 2494 949 2554 elues:
970 2513 1117 2573 nunquam
1132 2496 1207 2556 adeo

110 2587 207 2647 multa
219 2587 308 2646 dices.
351 2586 490 2647 Obtestor
503 2595 598 2645 autem
609 2605 707 2645 coram
717 2585 808 2656 vobim
823 2586 1029 2658 Athenienses,
1040 2588 1110 2648 deos
1121 2588 1206 2648 deas-

110 2699 168 2758 que
188 2679 348 2752 universos,
369 2677 549 2758 qui'regioui
562 2677 721 2756 praesident
739 2678 859 2748 Atticae,
874 2689 904 2738 et
918 2679 1081 2758 Apollinem
1106 2680 1208 2760 Pythi-

110 2792 171 2845 um,
184 2773 236 2852 qui
250 2781 297 2832 est
310 2772 377 2831 huic
390 2770 454 2830 urbi
467 2770 588 2849 patrius,
598 2789 758 2850 precorque
780 2773 817 2830 ab
837 2771 872 2830 iis
891 2772 1035 2844 omnibus,
1051 2771 1076 2831 si
1090 2774 1207 2852 quidem

111 2887 180 2927 vera
194 2867 274 2944 apud
289 2885 341 2924 vos
365 2864 465 2924 dixero
488 2872 519 2922 et
542 2863 602 2922 dixi
626 2875 686 2924 tum
711 2863 790 2942 apud
816 2864 968 2942 populum,
993 2865 1208 2943 cumprimum

110 2958 338 3038 impurissimum
362 2958 449 3016 istum
476 2955 554 3014 hanc
586 2975 648 3014 rem
662 2975 665 2982 ·
679 2955 823 3033 attingere
850 2955 1208 3034 animadverti-cognovi

112 3052 193 3110 enim·
211 3044 673 3126 suumveognovi—teliciuom
694 3045 762 3104 mihi
783 3046 912 3105 tribuant
935 3065 969 3104 ac
995 3046 1139 3106 salutem:
1166 3047 1210 3106 sin

110 3143 180 3203 odio
205 3142 316 3221 privato
343 3149 374 3200 et
399 3138 593 3200 contentionis
621 3138 852 3198 studio-ductus
880 3136 987 3198 crimen
1023 3137 1071 3196 isti
1101 3137 1208 3197 falsum

110 3237 245 3307 inferam,
264 3234 394 3294 omnium
420 3251 467 3290 me
493 3232 635 3290 honorum
663 3232 759 3290 fructu
780 3231 904 3310 privent.
946 3229 1006 3287 Cur
1030 3227 1120 3307 igitur
1142 3230 1209 3290 haec

108 3329 290 3407 imprecatus
304 3347 369 3386 sum
389 3334 440 3385 aut
455 3333 506 3382 cu'r
526 3333 586 3382 tam
600 3323 788 3382 vehementer
800 3321 956 3382 contendit
998 3323 1084 3395 Quia,
1106 3343 1210 3402 quam·

108 3421 204 3481 viset
227 3419 342 3480 tabulas
364 3418 489 3477 habeam
509 3415 539 3472 in
561 3414 705 3474 tabulario
728 3414 846 3492 publico
859 3415 1002 3486 conditas,
1025 3416 1131 3494 quibus
1144 3417 1210 3476 hoec

109 3522 285 3573 ostensurus
299 3531 364 3570 sum
378 3507 542 3578 manifeste,
557 3516 587 3566 et
609 3507 699 3566 sciam
716 3525 768 3566 vos
792 3525 838 3566 res
858 3517 955 3585 gestas
980 3510 1120 3568 memoria
1143 3510 1211 3568 reti-

109 3623 192 3675 nere,
217 3603 291 3664 illud
317 3612 415 3662 tamen
442 3619 553 3672 vereor,
581 3607 631 3658 ne'
644 3599 699 3658 iste
724 3598 814 3658 levior
840 3599 1018 3658 existimetur
1044 3620 1133 3678 quam
1160 3599 1210 3678 qui

108 3697 258 3757 malorum
284 3715 350 3775 quae
365 3691 505 3754 confecit
531 3702 644 3750 auctor*
665 3691 814 3750 exstiterit.
866 3692 954 3757 Quod
980 3702 1010 3751 et
1023 3701 1123 3751 'antea
1148 3692 1211 3768 qui-

109 3791 180 3848 dem
197 3786 320 3859 accidit,
344 3803 410 3846 cum
431 3782 544 3842 miseris
568 3781 767 3842 Phoceusibus
782 3783 1010 3844 internecionem
1023 3782 1211 3859 comparavit,

108 3883 200 3942 rebus
216 3879 298 3938 falsis
308 3879 366 3940 huc
381 3875 566 3936 renuntiatis.

153 3973 205 4029 47.
217 3969 438 4050 Amphissense
453 3965 531 4025 enim
544 3966 664 4039 bellum,
675 3985 728 4046 per
737 3969 817 4046 quod
831 3968 861 4025 in
872 3967 1004 4026 Elateam
1014 3965 1091 4024 venit
1101 3964 1212 4047 Philip·

106 4083 180 4147 pus,
202 4073 233 4123 et
252 4084 304 4143 per
324 4062 404 4140 quod
427 4059 676 4139 Amphictyonum
701 4060 761 4120 dux
784 4061 971 4130 electusest,
993 4057 1072 4135 quod
1097 4059 1211 4119 univer-

106 4157 347 4221 sas-Graecorum
361 4172 408 4214 res
422 4152 575 4225 subvertit,
590 4151 638 4212 hic
651 4161 698 4212 est
712 4153 762 4230 qui
779 4150 927 4219 excitavit,
942 4159 974 4208 et
992 4149 1119 4209 omnium
1133 4171 1210 4210 unns

102 4253 152 4315 vir
165 4249 419 4312 acerbissimorum
431 4254 535 4305 auctor
549 4244 662 4304 exstitit
673 4244 823 4306 malorum.
866 4242 999 4321 Cumque
1010 4262 1066 4321 ego
1080 4243 1131 4302 illo
1139 4254 1212 4303 tem-

102 4365 180 4427 pore
193 4343 295 4403 statim
305 4347 429 4400 testarer
445 4348 476 4396 et
485 4336 642 4396 clamarem
661 4337 691 4394 in
713 4333 865 4405 concione,
885 4335 1033 4394 bellum
1053 4335 1094 4394 in
1114 4334 1213 4392 Atti-

105 4457 194 4500 cam
223 4434 391 4506 invehis,
414 4430 616 4499 AEschine,
637 4427 786 4490 bellurn
809 4425 1214 4509 Amphictyonicum,
