<?xml version="1.0" encoding="UTF-8"?>
<!DOCTYPE html PUBLIC "-//W3C//DTD XHTML 1.0 Transitional//EN"
    "http://www.w3.org/TR/xhtml1/DTD/xhtml1-transitional.dtd">
<html xmlns="http://www.w3.org/1999/xhtml" xml:lang="en" lang="en">
 <head>
  <title>
</title>
<meta http-equiv="Content-Type" content="text/html;charset=utf-8" />
  <meta name='ocr-system' content='tesseract 3.04.00' />
  <meta name='ocr-capabilities' content='ocr_page ocr_carea ocr_par ocr_line ocrx_word'/>
</head>
<body>
  <div class='ocr_page' id='page_1' title='image "./demosthenisetsc08ulpigoog/demosthenisetsc08ulpigoog_0137.png"; bbox 0 0 2886 4946; ppageno 0'>
   <div class='ocr_carea' id='block_1_1' title="bbox 212 223 1084 294">
    <p class='ocr_par' dir='ltr' id='par_1_1' title="bbox 212 223 1084 294">
     <span class='ocr_line' id='line_1_1' title="bbox 212 223 1084 294; baseline 0.007 -7"><span class='ocrx_word' id='word_1_1' title='bbox 212 230 268 292; x_wconf 82' lang='lat'>126</span> <span class='ocrx_word' id='word_1_2' title='bbox 517 230 671 291; x_wconf 82' lang='lat' dir='ltr'>ORATIO</span> <span class='ocrx_word' id='word_1_3' title='bbox 694 230 749 290; x_wconf 88' lang='lat' dir='ltr'>DE</span> <span class='ocrx_word' id='word_1_4' title='bbox 772 230 1003 294; x_wconf 81' lang='lat' dir='ltr'><strong>CLASSIBUS·</strong></span> <span class='ocrx_word' id='word_1_5' title='bbox 1040 267 1043 274; x_wconf 89' lang='lat'>·</span> <span class='ocrx_word' id='word_1_6' title='bbox 1077 223 1084 233; x_wconf 71' lang='grc'><strong>”</strong></span> 
     </span>
    </p>
   </div>
   <div class='ocr_carea' id='block_1_2' title="bbox 161 384 1431 2595">
    <p class='ocr_par' dir='ltr' id='par_1_2' title="bbox 161 384 1351 1670">
     <span class='ocr_line' id='line_1_2' title="bbox 207 384 1302 468; baseline 0.004 -22"><span class='ocrx_word' id='word_1_7' title='bbox 207 387 274 447; x_wconf 86' lang='lat' dir='ltr'>Rex</span> <span class='ocrx_word' id='word_1_8' title='bbox 287 387 367 466; x_wconf 90' lang='lat' dir='ltr'>ipsos</span> <span class='ocrx_word' id='word_1_9' title='bbox 386 385 583 466; x_wconf 75' lang='lat' dir='ltr'>aggrediatur,</span> <span class='ocrx_word' id='word_1_10' title='bbox 597 397 627 447; x_wconf 85' lang='lat' dir='ltr'>et</span> <span class='ocrx_word' id='word_1_11' title='bbox 640 387 799 468; x_wconf 87' lang='lat' dir='ltr'>adjuturos,</span> <span class='ocrx_word' id='word_1_12' title='bbox 817 397 847 448; x_wconf 91' lang='lat' dir='ltr'>et</span> <span class='ocrx_word' id='word_1_13' title='bbox 865 405 1001 466; x_wconf 84' lang='lat' dir='ltr'>magnam</span> <span class='ocrx_word' id='word_1_14' title='bbox 1016 384 1139 466; x_wconf 86' lang='lat' dir='ltr'>gratiam</span> <span class='ocrx_word' id='word_1_15' title='bbox 1152 386 1302 450; x_wconf 86' lang='lat' dir='ltr'>babituros</span> 
     </span>
     <span class='ocr_line' id='line_1_3' title="bbox 163 471 1302 562; baseline 0.004 -25"><span class='ocrx_word' id='word_1_16' title='bbox 163 513 167 520; x_wconf 72' lang='lat'>›</span> <span class='ocrx_word' id='word_1_17' title='bbox 205 478 251 551; x_wconf 88' lang='lat' dir='ltr'>iis,</span> <span class='ocrx_word' id='word_1_18' title='bbox 261 478 310 562; x_wconf 92' lang='lat' dir='ltr'>qui</span> <span class='ocrx_word' id='word_1_19' title='bbox 321 471 388 539; x_wconf 78' lang='lat' dir='ltr'>ante</span> <span class='ocrx_word' id='word_1_20' title='bbox 402 478 494 558; x_wconf 90' lang='lat' dir='ltr'>ipsos,</span> <span class='ocrx_word' id='word_1_21' title='bbox 508 489 538 540; x_wconf 89' lang='lat' dir='ltr'>et</span> <span class='ocrx_word' id='word_1_22' title='bbox 551 499 617 540; x_wconf 92' lang='lat' dir='ltr'>curn</span> <span class='ocrx_word' id='word_1_23' title='bbox 629 479 700 560; x_wconf 88' lang='lat' dir='ltr'>ipsis</span> <span class='ocrx_word' id='word_1_24' title='bbox 712 479 825 558; x_wconf 87' lang='lat' dir='ltr'>Regem</span> <span class='ocrx_word' id='word_1_25' title='bbox 839 479 1037 542; x_wconf 79' lang='lat' dir='ltr'><strong>ulciscantur:</strong></span> <span class='ocrx_word' id='word_1_26' title='bbox 1059 480 1139 559; x_wconf 93' lang='lat' dir='ltr'>quod</span> <span class='ocrx_word' id='word_1_27' title='bbox 1148 479 1183 551; x_wconf 84' lang='lat' dir='ltr'>si,</span> <span class='ocrx_word' id='word_1_28' title='bbox 1194 480 1264 540; x_wconf 89' lang='lat' dir='ltr'>dnm</span> <span class='ocrx_word' id='word_1_29' title='bbox 1271 482 1302 542; x_wconf 92' lang='lat' dir='ltr'>id</span> 
     </span>
     <span class='ocr_line' id='line_1_4' title="bbox 207 571 1303 653; baseline 0 -21"><span class='ocrx_word' id='word_1_30' title='bbox 207 572 393 651; x_wconf 58' lang='lat' dir='ltr'>aliquantum⁴</span> <span class='ocrx_word' id='word_1_31' title='bbox 409 573 565 633; x_wconf 88' lang='lat' dir='ltr'>obscurum</span> <span class='ocrx_word' id='word_1_32' title='bbox 587 582 642 646; x_wconf 91' lang='lat' dir='ltr'>est,</span> <span class='ocrx_word' id='word_1_33' title='bbox 664 591 718 632; x_wconf 91' lang='lat' dir='ltr'>nos</span> <span class='ocrx_word' id='word_1_34' title='bbox 739 572 848 652; x_wconf 83' lang='lat' dir='ltr'>priores</span> <span class='ocrx_word' id='word_1_35' title='bbox 867 591 949 632; x_wconf 87' lang='lat' dir='ltr'>arma</span> <span class='ocrx_word' id='word_1_36' title='bbox 962 571 1178 653; x_wconf 79' lang='lat' dir='ltr'>sumpserimus,</span> <span class='ocrx_word' id='word_1_37' title='bbox 1192 591 1303 646; x_wconf 80' lang='lat' dir='ltr'>vereor,</span> 
     </span>
     <span class='ocr_line' id='line_1_5' title="bbox 208 663 1351 746; baseline 0.001 -23"><span class='ocrx_word' id='word_1_38' title='bbox 208 664 415 738; x_wconf 82' lang='lat' dir='ltr'>Athenienses,</span> <span class='ocrx_word' id='word_1_39' title='bbox 433 685 471 725; x_wconf 88' lang='lat' dir='ltr'>ne</span> <span class='ocrx_word' id='word_1_40' title='bbox 492 663 546 725; x_wconf 89' lang='lat' dir='ltr'>bos</span> <span class='ocrx_word' id='word_1_41' title='bbox 560 683 628 724; x_wconf 91' lang='lat' dir='ltr'>cum</span> <span class='ocrx_word' id='word_1_42' title='bbox 639 663 688 723; x_wconf 94' lang='lat' dir='ltr'>illo</span> <span class='ocrx_word' id='word_1_43' title='bbox 701 665 873 745; x_wconf 78' lang='lat' dir='ltr'>conjunctos</span> <span class='ocrx_word' id='word_1_44' title='bbox 886 665 1056 746; x_wconf 79' lang='lat' dir='ltr'>propulsare</span> <span class='ocrx_word' id='word_1_45' title='bbox 1069 683 1219 744; x_wconf 78' lang='lat' dir='ltr'>cogemur,</span> <span class='ocrx_word' id='word_1_46' title='bbox 1238 665 1304 745; x_wconf 91' lang='lat' dir='ltr'>qui·</span> <span class='ocrx_word' id='word_1_47' title='bbox 1348 731 1351 734; x_wconf 57' lang='grc'><strong>,</strong></span> 
     </span>
     <span class='ocr_line' id='line_1_6' title="bbox 206 755 1305 838; baseline 0.002 -22"><span class='ocrx_word' id='word_1_48' title='bbox 206 757 263 818; x_wconf 90' lang='lat' dir='ltr'>bus</span> <span class='ocrx_word' id='word_1_49' title='bbox 287 757 451 818; x_wconf 88' lang='lat' dir='ltr'>consultum</span> <span class='ocrx_word' id='word_1_50' title='bbox 469 756 614 818; x_wconf 87' lang='lat' dir='ltr'>volumus.</span> <span class='ocrx_word' id='word_1_51' title='bbox 656 757 686 816; x_wconf 91' lang='lat' dir='ltr'>Is</span> <span class='ocrx_word' id='word_1_52' title='bbox 701 755 780 816; x_wconf 89' lang='lat' dir='ltr'>eninr</span> <span class='ocrx_word' id='word_1_53' title='bbox 793 775 927 838; x_wconf 80' lang='lat' dir='ltr'>represso</span> <span class='ocrx_word' id='word_1_54' title='bbox 947 758 1059 836; x_wconf 87' lang='lat' dir='ltr'>impetu</span> <span class='ocrx_word' id='word_1_55' title='bbox 1076 776 1141 830; x_wconf 91' lang='lat' dir='ltr'>suo,</span> <span class='ocrx_word' id='word_1_56' title='bbox 1160 755 1305 836; x_wconf 87' lang='lat' dir='ltr'>siquidem</span> 
     </span>
     <span class='ocr_line' id='line_1_7' title="bbox 206 847 1307 930; baseline 0.001 -21"><span class='ocrx_word' id='word_1_57' title='bbox 206 847 343 912; x_wconf 83' lang='lat' dir='ltr'>invadere</span> <span class='ocrx_word' id='word_1_58' title='bbox 354 849 475 912; x_wconf 70' lang='lat' dir='ltr'>Graecos</span> <span class='ocrx_word' id='word_1_59' title='bbox 488 847 621 922; x_wconf 84' lang='lat' dir='ltr'>instituit,</span> <span class='ocrx_word' id='word_1_60' title='bbox 634 848 834 928; x_wconf 83' lang='lat' dir='ltr'>largitionibus</span> <span class='ocrx_word' id='word_1_61' title='bbox 847 847 960 930; x_wconf 84' lang='lat' dir='ltr'>aliquos</span> <span class='ocrx_word' id='word_1_62' title='bbox 973 869 1072 912; x_wconf 88' lang='lat' dir='ltr'>eorum</span> <span class='ocrx_word' id='word_1_63' title='bbox 1086 859 1263 930; x_wconf 83' lang='lat' dir='ltr'>corrumpet,</span> <span class='ocrx_word' id='word_1_64' title='bbox 1276 859 1307 912; x_wconf 87' lang='lat' dir='ltr'>et</span> 
     </span>
     <span class='ocr_line' id='line_1_8' title="bbox 208 941 1307 1025; baseline 0 -21"><span class='ocrx_word' id='word_1_65' title='bbox 208 941 365 1004; x_wconf 76' lang='lat' dir='ltr'>amicitiam</span> <span class='ocrx_word' id='word_1_66' title='bbox 379 943 545 1004; x_wconf 89' lang='lat' dir='ltr'>simulabit:</span> <span class='ocrx_word' id='word_1_67' title='bbox 566 942 609 1002; x_wconf 93' lang='lat' dir='ltr'>illi</span> <span class='ocrx_word' id='word_1_68' title='bbox 618 962 688 1003; x_wconf 85' lang='lat' dir='ltr'>vero</span> <span class='ocrx_word' id='word_1_69' title='bbox 695 943 808 1023; x_wconf 86' lang='lat' dir='ltr'>private</span> <span class='ocrx_word' id='word_1_70' title='bbox 815 943 893 1025; x_wconf 86' lang='lat' dir='ltr'>bella</span> <span class='ocrx_word' id='word_1_71' title='bbox 902 944 1047 1024; x_wconf 82' lang='lat' dir='ltr'>corrigere</span> <span class='ocrx_word' id='word_1_72' title='bbox 1056 943 1199 1017; x_wconf 78' lang='lat' dir='ltr'>volentes,</span> <span class='ocrx_word' id='word_1_73' title='bbox 1209 954 1239 1004; x_wconf 88' lang='lat' dir='ltr'>et</span> <span class='ocrx_word' id='word_1_74' title='bbox 1248 943 1307 1004; x_wconf 90' lang='lat' dir='ltr'>hoc</span> 
     </span>
     <span class='ocr_line' id='line_1_9' title="bbox 207 1034 1306 1116; baseline 0.002 -22"><span class='ocrx_word' id='word_1_75' title='bbox 207 1034 239 1094; x_wconf 90' lang='lat' dir='ltr'>in</span> <span class='ocrx_word' id='word_1_76' title='bbox 249 1034 346 1096; x_wconf 85' lang='lat' dir='ltr'>enimn</span> <span class='ocrx_word' id='word_1_77' title='bbox 357 1035 508 1109; x_wconf 82' lang='lat' dir='ltr'>habentes,</span> <span class='ocrx_word' id='word_1_78' title='bbox 522 1053 706 1096; x_wconf 89' lang='lat' dir='ltr'>communem</span> <span class='ocrx_word' id='word_1_79' title='bbox 717 1035 847 1096; x_wconf 88' lang='lat' dir='ltr'>omnium</span> <span class='ocrx_word' id='word_1_80' title='bbox 858 1035 984 1097; x_wconf 81' lang='lat' dir='ltr'>salntem</span> <span class='ocrx_word' id='word_1_81' title='bbox 997 1035 1158 1116; x_wconf 86' lang='lat' dir='ltr'>negligent.</span> <span class='ocrx_word' id='word_1_82' title='bbox 1185 1036 1225 1096; x_wconf 47' lang='lat' dir='ltr'>*ln</span> <span class='ocrx_word' id='word_1_83' title='bbox 1237 1055 1306 1096; x_wconf 88' lang='lat' dir='ltr'>eum</span> 
     </span>
     <span class='ocr_line' id='line_1_10' title="bbox 161 1127 1308 1210; baseline 0.001 -23"><span class='ocrx_word' id='word_1_84' title='bbox 161 1194 163 1200; x_wconf 55' lang='grc'>,</span> <span class='ocrx_word' id='word_1_85' title='bbox 209 1136 308 1188; x_wconf 85' lang='lat' dir='ltr'>autem</span> <span class='ocrx_word' id='word_1_86' title='bbox 320 1127 479 1187; x_wconf 86' lang='lat' dir='ltr'>tumultum</span> <span class='ocrx_word' id='word_1_87' title='bbox 492 1131 523 1188; x_wconf 88' lang='lat' dir='ltr'>et</span> <span class='ocrx_word' id='word_1_88' title='bbox 534 1127 689 1187; x_wconf 88' lang='lat' dir='ltr'>amentiam</span> <span class='ocrx_word' id='word_1_89' title='bbox 700 1146 803 1190; x_wconf 91' lang='lat' dir='ltr'>moneo</span> <span class='ocrx_word' id='word_1_90' title='bbox 813 1149 851 1189; x_wconf 92' lang='lat' dir='ltr'>ne</span> <span class='ocrx_word' id='word_1_91' title='bbox 860 1129 1047 1210; x_wconf 75' lang='lat' dir='ltr'>praecipitetis</span> <span class='ocrx_word' id='word_1_92' title='bbox 1055 1129 1157 1188; x_wconf 88' lang='lat' dir='ltr'>urbem</span> <span class='ocrx_word' id='word_1_93' title='bbox 1167 1137 1308 1190; x_wconf 80' lang='lat' dir='ltr'>nostram.</span> 
     </span>
     <span class='ocr_line' id='line_1_11' title="bbox 210 1217 1309 1300; baseline 0.001 -21"><span class='ocrx_word' id='word_1_94' title='bbox 210 1217 315 1298; x_wconf 87' lang='lat' dir='ltr'>Neque</span> <span class='ocrx_word' id='word_1_95' title='bbox 330 1217 407 1278; x_wconf 89' lang='lat' dir='ltr'>enirn</span> <span class='ocrx_word' id='word_1_96' title='bbox 421 1217 544 1278; x_wconf 81' lang='lat' dir='ltr'>eundern</span> <span class='ocrx_word' id='word_1_97' title='bbox 561 1220 645 1278; x_wconf 91' lang='lat' dir='ltr'>nobis</span> <span class='ocrx_word' id='word_1_98' title='bbox 663 1219 694 1279; x_wconf 92' lang='lat' dir='ltr'>in</span> <span class='ocrx_word' id='word_1_99' title='bbox 714 1221 796 1300; x_wconf 88' lang='lat' dir='ltr'>regio</span> <span class='ocrx_word' id='word_1_100' title='bbox 814 1219 934 1300; x_wconf 88' lang='lat' dir='ltr'>negotio</span> <span class='ocrx_word' id='word_1_101' title='bbox 954 1218 1201 1295; x_wconf 77' lang='lat' dir='ltr'>deliberationem,</span> <span class='ocrx_word' id='word_1_102' title='bbox 1219 1240 1309 1300; x_wconf 86' lang='lat' dir='ltr'>quam</span> 
     </span>
     <span class='ocr_line' id='line_1_12' title="bbox 209 1307 1311 1394; baseline -0.002 -20"><span class='ocrx_word' id='word_1_103' title='bbox 209 1311 274 1374; x_wconf 84' lang='lat' dir='ltr'>aliis</span> <span class='ocrx_word' id='word_1_104' title='bbox 289 1307 409 1382; x_wconf 84' lang='lat' dir='ltr'>Grsecis,</span> <span class='ocrx_word' id='word_1_105' title='bbox 422 1329 488 1370; x_wconf 88' lang='lat' dir='ltr'>esse</span> <span class='ocrx_word' id='word_1_106' title='bbox 501 1311 602 1370; x_wconf 88' lang='lat' dir='ltr'>video:</span> <span class='ocrx_word' id='word_1_107' title='bbox 624 1311 703 1390; x_wconf 89' lang='lat' dir='ltr'>qnod</span> <span class='ocrx_word' id='word_1_108' title='bbox 724 1312 808 1372; x_wconf 90' lang='lat' dir='ltr'>multi</span> <span class='ocrx_word' id='word_1_109' title='bbox 830 1311 946 1374; x_wconf 89' lang='lat' dir='ltr'>illorum</span> <span class='ocrx_word' id='word_1_110' title='bbox 966 1313 1037 1374; x_wconf 90' lang='lat' dir='ltr'>mihi</span> <span class='ocrx_word' id='word_1_111' title='bbox 1053 1313 1186 1374; x_wconf 85' lang='lat' dir='ltr'>videntur</span> <span class='ocrx_word' id='word_1_112' title='bbox 1204 1313 1311 1394; x_wconf 79' lang='lat' dir='ltr'>privati</span> 
     </span>
     <span class='ocr_line' id='line_1_13' title="bbox 211 1400 1309 1482; baseline 0.001 -20"><span class='ocrx_word' id='word_1_113' title='bbox 211 1402 334 1482; x_wconf 87' lang='lat' dir='ltr'>alicujus</span> <span class='ocrx_word' id='word_1_114' title='bbox 348 1400 536 1462; x_wconf 87' lang='lat' dir='ltr'>emolumenti</span> <span class='ocrx_word' id='word_1_115' title='bbox 548 1420 649 1473; x_wconf 83' lang='lat' dir='ltr'>cause,</span> <span class='ocrx_word' id='word_1_116' title='bbox 662 1421 750 1480; x_wconf 90' lang='lat' dir='ltr'>posse</span> <span class='ocrx_word' id='word_1_117' title='bbox 764 1402 912 1482; x_wconf 87' lang='lat' dir='ltr'>negligere</span> <span class='ocrx_word' id='word_1_118' title='bbox 925 1404 1000 1462; x_wconf 84' lang='lat' dir='ltr'>elios</span> <span class='ocrx_word' id='word_1_119' title='bbox 1009 1405 1150 1472; x_wconf 73' lang='lat' dir='ltr'>Grmcoet</span> <span class='ocrx_word' id='word_1_120' title='bbox 1161 1406 1246 1464; x_wconf 81' lang='lat' dir='ltr'>vobis</span> <span class='ocrx_word' id='word_1_121' title='bbox 1256 1424 1309 1464; x_wconf 79' lang='lat' dir='ltr'>au·</span> 
     </span>
     <span class='ocr_line' id='line_1_14' title="bbox 210 1492 1309 1575; baseline 0.001 -21"><span class='ocrx_word' id='word_1_122' title='bbox 210 1503 271 1555; x_wconf 88' lang='lat' dir='ltr'>tem</span> <span class='ocrx_word' id='word_1_123' title='bbox 283 1514 337 1554; x_wconf 89' lang='lat' dir='ltr'>neo</span> <span class='ocrx_word' id='word_1_124' title='bbox 351 1493 462 1554; x_wconf 85' lang='lat' dir='ltr'>effectis</span> <span class='ocrx_word' id='word_1_125' title='bbox 475 1492 579 1573; x_wconf 88' lang='lat' dir='ltr'>injuria</span> <span class='ocrx_word' id='word_1_126' title='bbox 591 1493 748 1553; x_wconf 89' lang='lat' dir='ltr'>honesturn</span> <span class='ocrx_word' id='word_1_127' title='bbox 758 1494 856 1567; x_wconf 85' lang='lat' dir='ltr'>fuerit,</span> <span class='ocrx_word' id='word_1_128' title='bbox 870 1513 919 1554; x_wconf 88' lang='lat' dir='ltr'>eas</span> <span class='ocrx_word' id='word_1_129' title='bbox 934 1493 972 1553; x_wconf 85' lang='lat' dir='ltr'>de</span> <span class='ocrx_word' id='word_1_130' title='bbox 983 1493 1114 1556; x_wconf 87' lang='lat' dir='ltr'>sontibus</span> <span class='ocrx_word' id='word_1_131' title='bbox 1124 1514 1238 1556; x_wconf 89' lang='lat' dir='ltr'>sumere</span> <span class='ocrx_word' id='word_1_132' title='bbox 1246 1516 1309 1575; x_wconf 80' lang='lat' dir='ltr'>poe·</span> 
     </span>
     <span class='ocr_line' id='line_1_15' title="bbox 211 1585 1014 1670; baseline -0.002 -22"><span class='ocrx_word' id='word_1_133' title='bbox 211 1607 277 1662; x_wconf 80' lang='lat' dir='ltr'>nes,</span> <span class='ocrx_word' id='word_1_134' title='bbox 290 1598 324 1647; x_wconf 90' lang='lat' dir='ltr'>ut</span> <span class='ocrx_word' id='word_1_135' title='bbox 335 1606 436 1649; x_wconf 87' lang='lat' dir='ltr'>eornm</span> <span class='ocrx_word' id='word_1_136' title='bbox 446 1587 558 1664; x_wconf 80' lang='lat' dir='ltr'>aliquos</span> <span class='ocrx_word' id='word_1_137' title='bbox 574 1605 591 1645; x_wconf 89' lang='lat' dir='ltr'>a</span> <span class='ocrx_word' id='word_1_138' title='bbox 605 1585 734 1646; x_wconf 82' lang='lat' dir='ltr'>Barbare</span> <span class='ocrx_word' id='word_1_139' title='bbox 745 1585 840 1665; x_wconf 90' lang='lat' dir='ltr'>subigi</span> <span class='ocrx_word' id='word_1_140' title='bbox 852 1585 1014 1670; x_wconf 84' lang='lat' dir='ltr'>patiamini.</span> 
     </span>
    </p>

    <p class='ocr_par' dir='ltr' id='par_1_3' title="bbox 202 1675 1431 2595">
     <span class='ocr_line' id='line_1_16' title="bbox 253 1675 1431 1760; baseline 0 -20"><span class='ocrx_word' id='word_1_141' title='bbox 253 1684 282 1740; x_wconf 91' lang='grc'>3.</span> <span class='ocrx_word' id='word_1_142' title='bbox 303 1681 392 1747; x_wconf 84' lang='lat' dir='ltr'>Quod</span> <span class='ocrx_word' id='word_1_143' title='bbox 406 1698 473 1738; x_wconf 91' lang='lat' dir='ltr'>curn</span> <span class='ocrx_word' id='word_1_144' title='bbox 486 1680 528 1738; x_wconf 83' lang='lat' dir='ltr'>ita</span> <span class='ocrx_word' id='word_1_145' title='bbox 541 1680 589 1751; x_wconf 89' lang='lat' dir='ltr'>sit,</span> <span class='ocrx_word' id='word_1_146' title='bbox 602 1675 811 1757; x_wconf 84' lang='lat' dir='ltr'>providendum</span> <span class='ocrx_word' id='word_1_147' title='bbox 824 1687 878 1752; x_wconf 88' lang='lat' dir='ltr'>est,</span> <span class='ocrx_word' id='word_1_148' title='bbox 893 1697 930 1736; x_wconf 92' lang='lat' dir='ltr'>ne</span> <span class='ocrx_word' id='word_1_149' title='bbox 944 1687 976 1738; x_wconf 88' lang='lat' dir='ltr'>et</span> <span class='ocrx_word' id='word_1_150' title='bbox 987 1697 1041 1739; x_wconf 90' lang='lat' dir='ltr'>nos</span> <span class='ocrx_word' id='word_1_151' title='bbox 1053 1679 1133 1740; x_wconf 91' lang='lat' dir='ltr'>bello</span> <span class='ocrx_word' id='word_1_152' title='bbox 1151 1681 1245 1740; x_wconf 88' lang='lat' dir='ltr'>simus</span> <span class='ocrx_word' id='word_1_153' title='bbox 1255 1681 1310 1740; x_wconf 74' lang='lat' dir='ltr'>inr-</span> <span class='ocrx_word' id='word_1_154' title='bbox 1430 1727 1431 1760; x_wconf 69' lang='lat'>,</span> 
     </span>
     <span class='ocr_line' id='line_1_17' title="bbox 212 1766 1431 1856; baseline 0.001 -23"><span class='ocrx_word' id='word_1_155' title='bbox 212 1792 308 1853; x_wconf 90' lang='lat' dir='ltr'>pares,</span> <span class='ocrx_word' id='word_1_156' title='bbox 322 1780 354 1831; x_wconf 88' lang='lat' dir='ltr'>et</span> <span class='ocrx_word' id='word_1_157' title='bbox 371 1773 407 1844; x_wconf 88' lang='lat' dir='ltr'>is,</span> <span class='ocrx_word' id='word_1_158' title='bbox 431 1790 517 1850; x_wconf 91' lang='lat' dir='ltr'>quern</span> <span class='ocrx_word' id='word_1_159' title='bbox 532 1766 646 1831; x_wconf 82' lang='lat' dir='ltr'>Graecis</span> <span class='ocrx_word' id='word_1_160' title='bbox 659 1769 788 1830; x_wconf 83' lang='lat' dir='ltr'>insidiari</span> <span class='ocrx_word' id='word_1_161' title='bbox 800 1770 988 1849; x_wconf 74' lang='lat' dir='ltr'>putabamus,</span> <span class='ocrx_word' id='word_1_162' title='bbox 1007 1771 1049 1830; x_wconf 81' lang='lat' dir='ltr'>ite</span> <span class='ocrx_word' id='word_1_163' title='bbox 1066 1791 1098 1832; x_wconf 88' lang='lat' dir='ltr'>se</span> <span class='ocrx_word' id='word_1_164' title='bbox 1118 1772 1256 1844; x_wconf 91' lang='lat' dir='ltr'>insinuet,</span> <span class='ocrx_word' id='word_1_165' title='bbox 1277 1783 1312 1834; x_wconf 92' lang='lat' dir='ltr'>ut</span> <span class='ocrx_word' id='word_1_166' title='bbox 1430 1775 1431 1856; x_wconf 68' lang='lat' dir='ltr'>i</span> 
     </span>
     <span class='ocr_line' id='line_1_18' title="bbox 213 1861 1431 1950; baseline 0 -24"><span class='ocrx_word' id='word_1_167' title='bbox 213 1867 290 1926; x_wconf 91' lang='lat' dir='ltr'>fidus</span> <span class='ocrx_word' id='word_1_168' title='bbox 303 1866 360 1925; x_wconf 92' lang='lat' dir='ltr'>illis</span> <span class='ocrx_word' id='word_1_169' title='bbox 374 1885 436 1926; x_wconf 90' lang='lat' dir='ltr'>esse</span> <span class='ocrx_word' id='word_1_170' title='bbox 452 1865 595 1925; x_wconf 83' lang='lat' dir='ltr'>videatur.</span> <span class='ocrx_word' id='word_1_171' title='bbox 626 1861 782 1932; x_wconf 84' lang='lat' dir='ltr'>Quomodo</span> <span class='ocrx_word' id='word_1_172' title='bbox 801 1863 889 1942; x_wconf 91' lang='lat' dir='ltr'>igitur</span> <span class='ocrx_word' id='word_1_173' title='bbox 908 1863 975 1924; x_wconf 86' lang='lat' dir='ltr'>baec</span> <span class='ocrx_word' id='word_1_174' title='bbox 997 1865 1130 1924; x_wconf 90' lang='lat' dir='ltr'>curanda</span> <span class='ocrx_word' id='word_1_175' title='bbox 1149 1866 1256 1926; x_wconf 79' lang='lat' dir='ltr'>ernntl</span> <span class='ocrx_word' id='word_1_176' title='bbox 1278 1866 1312 1926; x_wconf 84' lang='lat' dir='ltr'>si</span> <span class='ocrx_word' id='word_1_177' title='bbox 1430 1861 1431 1950; x_wconf 58' lang='lat'>,</span> 
     </span>
     <span class='ocr_line' id='line_1_19' title="bbox 212 1954 1431 2038; baseline 0 -19"><span class='ocrx_word' id='word_1_178' title='bbox 212 1959 305 2038; x_wconf 82' lang='lat' dir='ltr'>copiae</span> <span class='ocrx_word' id='word_1_179' title='bbox 324 1957 489 2036; x_wconf 77' lang='lat' dir='ltr'>reipublice</span> <span class='ocrx_word' id='word_1_180' title='bbox 503 1955 626 2016; x_wconf 79' lang='lat' dir='ltr'>delectoe</span> <span class='ocrx_word' id='word_1_181' title='bbox 639 1965 670 2015; x_wconf 91' lang='lat' dir='ltr'>et</span> <span class='ocrx_word' id='word_1_182' title='bbox 681 1954 834 2015; x_wconf 75' lang='lat' dir='ltr'>instructos</span> <span class='ocrx_word' id='word_1_183' title='bbox 855 1955 988 2016; x_wconf 88' lang='lat' dir='ltr'>omnibus</span> <span class='ocrx_word' id='word_1_184' title='bbox 1006 1957 1174 2037; x_wconf 81' lang='lat' dir='ltr'>conspicuae</span> <span class='ocrx_word' id='word_1_185' title='bbox 1191 1959 1311 2033; x_wconf 84' lang='lat' dir='ltr'>inerint,</span> <span class='ocrx_word' id='word_1_186' title='bbox 1430 1961 1431 1980; x_wconf 66' lang='lat'>¹</span> 
     </span>
     <span class='ocr_line' id='line_1_20' title="bbox 214 2046 1311 2129; baseline 0.002 -19"><span class='ocrx_word' id='word_1_187' title='bbox 214 2059 302 2128; x_wconf 87' lang='lat' dir='ltr'>atque</span> <span class='ocrx_word' id='word_1_188' title='bbox 317 2049 491 2129; x_wconf 83' lang='lat' dir='ltr'>apparuerit,</span> <span class='ocrx_word' id='word_1_189' title='bbox 504 2068 558 2110; x_wconf 88' lang='lat' dir='ltr'>nos</span> <span class='ocrx_word' id='word_1_190' title='bbox 572 2047 607 2108; x_wconf 91' lang='lat' dir='ltr'>iis</span> <span class='ocrx_word' id='word_1_191' title='bbox 620 2047 661 2107; x_wconf 89' lang='lat' dir='ltr'>ita</span> <span class='ocrx_word' id='word_1_192' title='bbox 674 2066 740 2107; x_wconf 90' lang='lat' dir='ltr'>esse</span> <span class='ocrx_word' id='word_1_193' title='bbox 753 2047 853 2121; x_wconf 83' lang='lat' dir='ltr'>fretos,</span> <span class='ocrx_word' id='word_1_194' title='bbox 866 2057 899 2107; x_wconf 94' lang='lat' dir='ltr'>ut</span> <span class='ocrx_word' id='word_1_195' title='bbox 917 2046 989 2106; x_wconf 87' lang='lat' dir='ltr'>nihil</span> <span class='ocrx_word' id='word_1_196' title='bbox 1006 2049 1096 2129; x_wconf 92' lang='lat' dir='ltr'>iniqui</span> <span class='ocrx_word' id='word_1_197' title='bbox 1109 2059 1208 2110; x_wconf 86' lang='lat' dir='ltr'>tamen</span> <span class='ocrx_word' id='word_1_198' title='bbox 1221 2071 1311 2113; x_wconf 87' lang='lat' dir='ltr'>cone-</span> 
     </span>
     <span class='ocr_line' id='line_1_21' title="bbox 213 2129 1312 2222; baseline 0.001 -20"><span class='ocrx_word' id='word_1_199' title='bbox 213 2161 287 2202; x_wconf 88' lang='lat' dir='ltr'>mur.</span> <span class='ocrx_word' id='word_1_200' title='bbox 321 2141 477 2202; x_wconf 88' lang='lat' dir='ltr'>Ferocibus</span> <span class='ocrx_word' id='word_1_201' title='bbox 491 2133 588 2202; x_wconf 82' lang='lat' dir='ltr'>autern</span> <span class='ocrx_word' id='word_1_202' title='bbox 608 2150 639 2201; x_wconf 88' lang='lat' dir='ltr'>et</span> <span class='ocrx_word' id='word_1_203' title='bbox 650 2139 736 2200; x_wconf 89' lang='lat' dir='ltr'>nimis</span> <span class='ocrx_word' id='word_1_204' title='bbox 749 2137 886 2220; x_wconf 86' lang='lat' dir='ltr'>expedite</span> <span class='ocrx_word' id='word_1_205' title='bbox 899 2139 938 2200; x_wconf 81' lang='lat' dir='ltr'>ad</span> <span class='ocrx_word' id='word_1_206' title='bbox 956 2141 1064 2202; x_wconf 88' lang='lat' dir='ltr'>bellurn</span> <span class='ocrx_word' id='word_1_207' title='bbox 1083 2129 1312 2222; x_wconf 83' lang='lat' dir='ltr'>impellentibus,</span> 
     </span>
     <span class='ocr_line' id='line_1_22' title="bbox 212 2232 1312 2314; baseline 0.001 -18"><span class='ocrx_word' id='word_1_208' title='bbox 212 2235 287 2297; x_wconf 92' lang='lat' dir='ltr'>illud</span> <span class='ocrx_word' id='word_1_209' title='bbox 301 2235 379 2309; x_wconf 88' lang='lat' dir='ltr'>dico,</span> <span class='ocrx_word' id='word_1_210' title='bbox 392 2254 531 2295; x_wconf 88' lang='lat' dir='ltr'>nonesse</span> <span class='ocrx_word' id='word_1_211' title='bbox 541 2233 670 2305; x_wconf 89' lang='lat' dir='ltr'>difficile,</span> <span class='ocrx_word' id='word_1_212' title='bbox 684 2251 790 2312; x_wconf 86' lang='lat' dir='ltr'>neque,</span> <span class='ocrx_word' id='word_1_213' title='bbox 813 2251 903 2314; x_wconf 85' lang='lat' dir='ltr'>quum</span> <span class='ocrx_word' id='word_1_214' title='bbox 916 2232 1136 2296; x_wconf 87' lang='lat' dir='ltr'>deliberandum</span> <span class='ocrx_word' id='word_1_215' title='bbox 1151 2245 1211 2308; x_wconf 86' lang='lat' dir='ltr'>est,</span> <span class='ocrx_word' id='word_1_216' title='bbox 1228 2237 1312 2298; x_wconf 84' lang='lat' dir='ltr'>lorti-</span> 
     </span>
     <span class='ocr_line' id='line_1_23' title="bbox 202 2324 1313 2408; baseline 0 -18"><span class='ocrx_word' id='word_1_217' title='bbox 202 2328 324 2408; x_wconf 55' lang='lat' dir='ltr'>„tudinn</span> <span class='ocrx_word' id='word_1_218' title='bbox 339 2327 505 2407; x_wconf 88' lang='lat' dir='ltr'>opinionem</span> <span class='ocrx_word' id='word_1_219' title='bbox 516 2324 668 2405; x_wconf 81' lang='lat' dir='ltr'>consequi,</span> <span class='ocrx_word' id='word_1_220' title='bbox 682 2344 789 2405; x_wconf 89' lang='lat' dir='ltr'>neque,</span> <span class='ocrx_word' id='word_1_221' title='bbox 803 2344 893 2406; x_wconf 86' lang='lat' dir='ltr'>quoru</span> <span class='ocrx_word' id='word_1_222' title='bbox 905 2326 1067 2405; x_wconf 86' lang='lat' dir='ltr'>periculum</span> <span class='ocrx_word' id='word_1_223' title='bbox 1081 2326 1202 2406; x_wconf 84' lang='lat' dir='ltr'>aliquod</span> <span class='ocrx_word' id='word_1_224' title='bbox 1215 2326 1313 2390; x_wconf 83' lang='lat' dir='ltr'>immt-</span> 
     </span>
     <span class='ocr_line' id='line_1_24' title="bbox 213 2417 1311 2498; baseline -0.001 -14"><span class='ocrx_word' id='word_1_225' title='bbox 213 2433 276 2498; x_wconf 89' lang='lat' dir='ltr'>net,</span> <span class='ocrx_word' id='word_1_226' title='bbox 289 2422 491 2482; x_wconf 88' lang='lat' dir='ltr'>vehementem</span> <span class='ocrx_word' id='word_1_227' title='bbox 511 2428 655 2481; x_wconf 86' lang='lat' dir='ltr'>oratorem</span> <span class='ocrx_word' id='word_1_228' title='bbox 666 2419 777 2479; x_wconf 85' lang='lat' dir='ltr'>videri:</span> <span class='ocrx_word' id='word_1_229' title='bbox 800 2418 854 2479; x_wconf 81' lang='lat' dir='ltr'>sed</span> <span class='ocrx_word' id='word_1_230' title='bbox 867 2417 940 2478; x_wconf 92' lang='lat' dir='ltr'>illud</span> <span class='ocrx_word' id='word_1_231' title='bbox 954 2429 985 2480; x_wconf 91' lang='lat' dir='ltr'>et</span> <span class='ocrx_word' id='word_1_232' title='bbox 998 2419 1117 2480; x_wconf 89' lang='lat' dir='ltr'>difficile</span> <span class='ocrx_word' id='word_1_233' title='bbox 1135 2430 1182 2481; x_wconf 86' lang='lat' dir='ltr'>est</span> <span class='ocrx_word' id='word_1_234' title='bbox 1194 2429 1226 2480; x_wconf 89' lang='lat' dir='ltr'>et</span> <span class='ocrx_word' id='word_1_235' title='bbox 1238 2441 1311 2484; x_wconf 84' lang='lat' dir='ltr'>con·</span> 
     </span>
     <span class='ocr_line' id='line_1_25' title="bbox 213 2509 1313 2595; baseline 0.003 -21"><span class='ocrx_word' id='word_1_236' title='bbox 213 2511 344 2585; x_wconf 84' lang='lat' dir='ltr'>veniens,</span> <span class='ocrx_word' id='word_1_237' title='bbox 358 2514 388 2572; x_wconf 90' lang='lat' dir='ltr'>in</span> <span class='ocrx_word' id='word_1_238' title='bbox 400 2511 546 2592; x_wconf 90' lang='lat' dir='ltr'>periculis,</span> <span class='ocrx_word' id='word_1_239' title='bbox 566 2509 765 2572; x_wconf 84' lang='lat' dir='ltr'>fortitudinem</span> <span class='ocrx_word' id='word_1_240' title='bbox 788 2511 953 2581; x_wconf 68' lang='lat' dir='ltr'>declareret</span> <span class='ocrx_word' id='word_1_241' title='bbox 978 2511 1008 2572; x_wconf 93' lang='lat' dir='ltr'>in</span> <span class='ocrx_word' id='word_1_242' title='bbox 1029 2512 1230 2588; x_wconf 81' lang='lat' dir='ltr'>deliberando,</span> <span class='ocrx_word' id='word_1_243' title='bbox 1244 2534 1313 2595; x_wconf 85' lang='lat' dir='ltr'>pru·</span> 
     </span>
    </p>
   </div>
   <div class='ocr_carea' id='block_1_3' title="bbox 123 2603 775 2683">
    <p class='ocr_par' dir='ltr' id='par_1_4' title="bbox 123 2603 775 2683">
     <span class='ocr_line' id='line_1_26' title="bbox 123 2603 775 2683; baseline -0.012 -12"><span class='ocrx_word' id='word_1_244' title='bbox 123 2651 125 2658; x_wconf 89' lang='lat'>·</span> <span class='ocrx_word' id='word_1_245' title='bbox 215 2607 332 2670; x_wconf 87' lang='lat' dir='ltr'>dentius</span> <span class='ocrx_word' id='word_1_246' title='bbox 342 2605 409 2668; x_wconf 84' lang='lat' dir='ltr'>aliis</span> <span class='ocrx_word' id='word_1_247' title='bbox 420 2606 492 2665; x_wconf 85' lang='lat' dir='ltr'>dere</span> <span class='ocrx_word' id='word_1_248' title='bbox 505 2623 593 2683; x_wconf 90' lang='lat' dir='ltr'>posse</span> <span class='ocrx_word' id='word_1_249' title='bbox 608 2603 775 2664; x_wconf 83' lang='lat' dir='ltr'>consilinm.</span> 
     </span>
    </p>
   </div>
   <div class='ocr_carea' id='block_1_4' title="bbox 216 2694 1315 3424">
    <p class='ocr_par' dir='ltr' id='par_1_5' title="bbox 216 2694 1315 3424">
     <span class='ocr_line' id='line_1_27' title="bbox 256 2694 1313 2778; baseline 0 -16"><span class='ocrx_word' id='word_1_250' title='bbox 256 2706 285 2762; x_wconf 74' lang='lat'>4.</span> <span class='ocrx_word' id='word_1_251' title='bbox 308 2699 373 2778; x_wconf 90' lang='lat' dir='ltr'>Ego</span> <span class='ocrx_word' id='word_1_252' title='bbox 390 2717 468 2771; x_wconf 89' lang='lat' dir='ltr'>vero,</span> <span class='ocrx_word' id='word_1_253' title='bbox 489 2696 693 2768; x_wconf 85' lang='lat' dir='ltr'>Athenienses,</span> <span class='ocrx_word' id='word_1_254' title='bbox 706 2694 851 2770; x_wconf 85' lang='lat' dir='ltr'>existimo,</span> <span class='ocrx_word' id='word_1_255' title='bbox 872 2695 982 2756; x_wconf 90' lang='lat' dir='ltr'>bellurn</span> <span class='ocrx_word' id='word_1_256' title='bbox 999 2715 1067 2756; x_wconf 89' lang='lat' dir='ltr'>curn</span> <span class='ocrx_word' id='word_1_257' title='bbox 1086 2697 1172 2778; x_wconf 82' lang='lat' dir='ltr'>Rege</span> <span class='ocrx_word' id='word_1_258' title='bbox 1193 2698 1313 2762; x_wconf 82' lang='lat' dir='ltr'>difficile</span> 
     </span>
     <span class='ocr_line' id='line_1_28' title="bbox 216 2779 1314 2871; baseline 0 -17"><span class='ocrx_word' id='word_1_259' title='bbox 216 2811 283 2854; x_wconf 88' lang='lat' dir='ltr'>esse</span> <span class='ocrx_word' id='word_1_260' title='bbox 307 2779 492 2871; x_wconf 71' lang='lat' dir='ltr'>reipublicae:</span> <span class='ocrx_word' id='word_1_261' title='bbox 520 2788 651 2870; x_wconf 76' lang='lat' dir='ltr'>pralium</span> <span class='ocrx_word' id='word_1_262' title='bbox 672 2788 804 2848; x_wconf 81' lang='lat' dir='ltr'>futurum</span> <span class='ocrx_word' id='word_1_263' title='bbox 830 2807 896 2848; x_wconf 86' lang='lat' dir='ltr'>esse</span> <span class='ocrx_word' id='word_1_264' title='bbox 911 2785 1008 2850; x_wconf 80' lang='lat' dir='ltr'>facile.</span> <span class='ocrx_word' id='word_1_265' title='bbox 1043 2787 1125 2850; x_wconf 85' lang='lat' dir='ltr'>Curi</span> <span class='ocrx_word' id='word_1_266' title='bbox 1153 2791 1234 2858; x_wconf 85' lang='lat' dir='ltr'>Quia</span> <span class='ocrx_word' id='word_1_267' title='bbox 1253 2787 1314 2854; x_wconf 84' lang='lat' dir='ltr'>uon</span> 
     </span>
     <span class='ocr_line' id='line_1_29' title="bbox 217 2877 1313 2964; baseline -0.005 -16"><span class='ocrx_word' id='word_1_268' title='bbox 217 2886 311 2957; x_wconf 82' lang='lat' dir='ltr'>aliter,</span> <span class='ocrx_word' id='word_1_269' title='bbox 325 2892 360 2943; x_wconf 92' lang='lat' dir='ltr'>ut</span> <span class='ocrx_word' id='word_1_270' title='bbox 373 2883 485 2962; x_wconf 90' lang='lat' dir='ltr'>opinor,</span> <span class='ocrx_word' id='word_1_271' title='bbox 499 2881 562 2942; x_wconf 89' lang='lat' dir='ltr'>fieri</span> <span class='ocrx_word' id='word_1_272' title='bbox 574 2890 683 2962; x_wconf 82' lang='lat' dir='ltr'>potest,</span> <span class='ocrx_word' id='word_1_273' title='bbox 696 2881 768 2961; x_wconf 88' lang='lat' dir='ltr'>quin</span> <span class='ocrx_word' id='word_1_274' title='bbox 786 2877 867 2941; x_wconf 87' lang='lat' dir='ltr'>bella</span> <span class='ocrx_word' id='word_1_275' title='bbox 880 2880 978 2942; x_wconf 87' lang='lat' dir='ltr'>omnia</span> <span class='ocrx_word' id='word_1_276' title='bbox 990 2891 1021 2940; x_wconf 88' lang='lat' dir='ltr'>et</span> <span class='ocrx_word' id='word_1_277' title='bbox 1032 2881 1167 2950; x_wconf 80' lang='lat' dir='ltr'>triremes</span> <span class='ocrx_word' id='word_1_278' title='bbox 1179 2893 1211 2942; x_wconf 91' lang='lat' dir='ltr'>et</span> <span class='ocrx_word' id='word_1_279' title='bbox 1225 2904 1313 2964; x_wconf 85' lang='lat' dir='ltr'>pecu·</span> 
     </span>
     <span class='ocr_line' id='line_1_30' title="bbox 216 2971 1314 3056; baseline -0.003 -19"><span class='ocrx_word' id='word_1_280' title='bbox 216 2978 295 3042; x_wconf 86' lang='lat' dir='ltr'>niem</span> <span class='ocrx_word' id='word_1_281' title='bbox 309 2985 338 3036; x_wconf 93' lang='lat' dir='ltr'>et</span> <span class='ocrx_word' id='word_1_282' title='bbox 357 2975 424 3036; x_wconf 89' lang='lat' dir='ltr'>loca</span> <span class='ocrx_word' id='word_1_283' title='bbox 447 2973 611 3056; x_wconf 83' lang='lat' dir='ltr'>requirant:</span> <span class='ocrx_word' id='word_1_284' title='bbox 632 2992 698 3053; x_wconf 82' lang='lat' dir='ltr'>quoe</span> <span class='ocrx_word' id='word_1_285' title='bbox 714 2971 813 3034; x_wconf 85' lang='lat' dir='ltr'>omnia</span> <span class='ocrx_word' id='word_1_286' title='bbox 834 2991 925 3053; x_wconf 85' lang='lat' dir='ltr'>penes</span> <span class='ocrx_word' id='word_1_287' title='bbox 943 2972 1025 3034; x_wconf 86' lang='lat' dir='ltr'>illurn</span> <span class='ocrx_word' id='word_1_288' title='bbox 1043 2972 1206 3053; x_wconf 84' lang='lat' dir='ltr'>copiosiore</span> <span class='ocrx_word' id='word_1_289' title='bbox 1227 2995 1314 3054; x_wconf 83' lang='lat' dir='ltr'>quam</span> 
     </span>
     <span class='ocr_line' id='line_1_31' title="bbox 218 3065 1315 3151; baseline -0.006 -19"><span class='ocrx_word' id='word_1_290' title='bbox 218 3068 297 3151; x_wconf 83' lang='lat' dir='ltr'>apud</span> <span class='ocrx_word' id='word_1_291' title='bbox 309 3087 362 3130; x_wconf 85' lang='lat' dir='ltr'>vos</span> <span class='ocrx_word' id='word_1_292' title='bbox 376 3067 498 3147; x_wconf 88' lang='lat' dir='ltr'>reperio.</span> <span class='ocrx_word' id='word_1_293' title='bbox 520 3065 703 3128; x_wconf 82' lang='lat' dir='ltr'>Praelievero</span> <span class='ocrx_word' id='word_1_294' title='bbox 713 3065 795 3126; x_wconf 84' lang='lat' dir='ltr'>nulla</span> <span class='ocrx_word' id='word_1_295' title='bbox 805 3084 837 3126; x_wconf 91' lang='lat' dir='ltr'>re</span> <span class='ocrx_word' id='word_1_296' title='bbox 848 3066 1068 3146; x_wconf 80' lang='lat' dir='ltr'>elia-tantopere</span> <span class='ocrx_word' id='word_1_297' title='bbox 1077 3065 1164 3136; x_wconf 82' lang='lat' dir='ltr'>video</span> <span class='ocrx_word' id='word_1_298' title='bbox 1174 3067 1315 3148; x_wconf 82' lang='lat' dir='ltr'>indigere,</span> 
     </span>
     <span class='ocr_line' id='line_1_32' title="bbox 216 3157 1314 3240; baseline -0.002 -16"><span class='ocrx_word' id='word_1_299' title='bbox 216 3175 252 3224; x_wconf 89' lang='lat' dir='ltr'>ut</span> <span class='ocrx_word' id='word_1_300' title='bbox 264 3162 385 3222; x_wconf 78' lang='lat' dir='ltr'>sortibus</span> <span class='ocrx_word' id='word_1_301' title='bbox 398 3160 484 3220; x_wconf 83' lang='lat' dir='ltr'>viris:</span> <span class='ocrx_word' id='word_1_302' title='bbox 506 3159 693 3240; x_wconf 86' lang='lat' dir='ltr'>quasplures</span> <span class='ocrx_word' id='word_1_303' title='bbox 710 3157 793 3218; x_wconf 83' lang='lat' dir='ltr'>vobis</span> <span class='ocrx_word' id='word_1_304' title='bbox 812 3167 843 3218; x_wconf 92' lang='lat' dir='ltr'>et</span> <span class='ocrx_word' id='word_1_305' title='bbox 855 3157 890 3218; x_wconf 90' lang='lat' dir='ltr'>iis</span> <span class='ocrx_word' id='word_1_306' title='bbox 903 3158 952 3238; x_wconf 93' lang='lat' dir='ltr'>qui</span> <span class='ocrx_word' id='word_1_307' title='bbox 970 3158 1119 3220; x_wconf 87' lang='lat' dir='ltr'>vobiscum</span> <span class='ocrx_word' id='word_1_308' title='bbox 1130 3157 1189 3220; x_wconf 91' lang='lat' dir='ltr'>boo</span> <span class='ocrx_word' id='word_1_309' title='bbox 1200 3161 1314 3240; x_wconf 85' lang='lat' dir='ltr'>pericu·</span> 
     </span>
     <span class='ocr_line' id='line_1_33' title="bbox 217 3250 1313 3330; baseline 0.001 -14"><span class='ocrx_word' id='word_1_310' title='bbox 217 3257 280 3316; x_wconf 91' lang='lat' dir='ltr'>lum</span> <span class='ocrx_word' id='word_1_311' title='bbox 291 3254 412 3324; x_wconf 85' lang='lat' dir='ltr'>adibunt</span> <span class='ocrx_word' id='word_1_312' title='bbox 425 3272 491 3314; x_wconf 86' lang='lat' dir='ltr'>esse</span> <span class='ocrx_word' id='word_1_313' title='bbox 503 3252 646 3314; x_wconf 88' lang='lat' dir='ltr'>existimo.</span> <span class='ocrx_word' id='word_1_314' title='bbox 668 3251 782 3312; x_wconf 91' lang='lat' dir='ltr'>Bellum</span> <span class='ocrx_word' id='word_1_315' title='bbox 796 3250 882 3330; x_wconf 88' lang='lat' dir='ltr'>igitur</span> <span class='ocrx_word' id='word_1_316' title='bbox 894 3251 977 3312; x_wconf 85' lang='lat' dir='ltr'>bisce</span> <span class='ocrx_word' id='word_1_317' title='bbox 990 3251 1027 3312; x_wconf 90' lang='lat' dir='ltr'>de</span> <span class='ocrx_word' id='word_1_318' title='bbox 1040 3251 1135 3314; x_wconf 82' lang='lat' dir='ltr'>censis</span> <span class='ocrx_word' id='word_1_319' title='bbox 1146 3270 1266 3329; x_wconf 84' lang='lat' dir='ltr'>moneo,</span> <span class='ocrx_word' id='word_1_320' title='bbox 1278 3273 1313 3318; x_wconf 81' lang='lat' dir='ltr'>na</span> 
     </span>
     <span class='ocr_line' id='line_1_34' title="bbox 217 3343 1315 3424; baseline 0 -16"><span class='ocrx_word' id='word_1_321' title='bbox 217 3345 281 3408; x_wconf 89' lang='lat' dir='ltr'>ulla</span> <span class='ocrx_word' id='word_1_322' title='bbox 292 3345 525 3424; x_wconf 84' lang='lat' dir='ltr'>rationepriores</span> <span class='ocrx_word' id='word_1_323' title='bbox 539 3343 724 3424; x_wconf 81' lang='lat' dir='ltr'>suscipiatis:</span> <span class='ocrx_word' id='word_1_324' title='bbox 746 3344 784 3405; x_wconf 83' lang='lat' dir='ltr'>ad</span> <span class='ocrx_word' id='word_1_325' title='bbox 801 3343 935 3424; x_wconf 78' lang='lat' dir='ltr'>praelium</span> <span class='ocrx_word' id='word_1_326' title='bbox 947 3361 1017 3406; x_wconf 87' lang='lat' dir='ltr'>vero</span> <span class='ocrx_word' id='word_1_327' title='bbox 1037 3363 1091 3404; x_wconf 84' lang='lat' dir='ltr'>vos</span> <span class='ocrx_word' id='word_1_328' title='bbox 1104 3354 1185 3408; x_wconf 80' lang='lat' dir='ltr'>recte</span> <span class='ocrx_word' id='word_1_329' title='bbox 1207 3346 1315 3408; x_wconf 80' lang='lat' dir='ltr'>instru-</span> 
     </span>
    </p>
   </div>
   <div class='ocr_carea' id='block_1_5' title="bbox 101 3433 1314 3518">
    <p class='ocr_par' dir='ltr' id='par_1_6' title="bbox 101 3433 1314 3518">
     <span class='ocr_line' id='line_1_35' title="bbox 101 3433 1314 3518; baseline -0.001 -19"><span class='ocrx_word' id='word_1_330' title='bbox 101 3443 102 3447; x_wconf 77' lang='grc'>’</span> <span class='ocrx_word' id='word_1_331' title='bbox 219 3448 283 3502; x_wconf 92' lang='lat' dir='ltr'>ctos</span> <span class='ocrx_word' id='word_1_332' title='bbox 296 3455 361 3507; x_wconf 80' lang='lat' dir='ltr'>esse</span> <span class='ocrx_word' id='word_1_333' title='bbox 374 3446 505 3516; x_wconf 90' lang='lat' dir='ltr'>oportere</span> <span class='ocrx_word' id='word_1_334' title='bbox 519 3435 595 3496; x_wconf 88' lang='lat' dir='ltr'>dico.</span> <span class='ocrx_word' id='word_1_335' title='bbox 621 3433 710 3504; x_wconf 86' lang='lat' dir='ltr'>Quod</span> <span class='ocrx_word' id='word_1_336' title='bbox 730 3434 756 3496; x_wconf 85' lang='lat' dir='ltr'>si</span> <span class='ocrx_word' id='word_1_337' title='bbox 773 3435 830 3496; x_wconf 85' lang='lat' dir='ltr'>alia</span> <span class='ocrx_word' id='word_1_338' title='bbox 842 3436 916 3499; x_wconf 86' lang='lat' dir='ltr'>ratio</span> <span class='ocrx_word' id='word_1_339' title='bbox 933 3436 1084 3518; x_wconf 81' lang='lat' dir='ltr'>copiarum</span> <span class='ocrx_word' id='word_1_340' title='bbox 1103 3439 1314 3518; x_wconf 69' lang='lat' dir='ltr'>essetquibus</span> 
     </span>
    </p>
   </div>
   <div class='ocr_carea' id='block_1_6' title="bbox 219 3527 1313 4073">
    <p class='ocr_par' dir='ltr' id='par_1_7' title="bbox 219 3527 1313 4073">
     <span class='ocr_line' id='line_1_36' title="bbox 220 3527 1313 3617; baseline 0 -23"><span class='ocrx_word' id='word_1_341' title='bbox 220 3529 343 3594; x_wconf 86' lang='lat' dir='ltr'>Barbari</span> <span class='ocrx_word' id='word_1_342' title='bbox 359 3528 606 3617; x_wconf 83' lang='lat' dir='ltr'>propulsarentur,</span> <span class='ocrx_word' id='word_1_343' title='bbox 627 3527 684 3590; x_wconf 85' lang='lat' dir='ltr'>alia</span> <span class='ocrx_word' id='word_1_344' title='bbox 702 3529 809 3608; x_wconf 87' lang='lat' dir='ltr'>quibus</span> <span class='ocrx_word' id='word_1_345' title='bbox 830 3528 945 3602; x_wconf 70' lang='lat' dir='ltr'>Graecir</span> <span class='ocrx_word' id='word_1_346' title='bbox 966 3529 1182 3610; x_wconf 80' lang='lat' dir='ltr'>deprehensum</span> <span class='ocrx_word' id='word_1_347' title='bbox 1201 3531 1239 3592; x_wconf 87' lang='lat' dir='ltr'>iri</span> <span class='ocrx_word' id='word_1_348' title='bbox 1260 3533 1313 3594; x_wconf 82' lang='lat' dir='ltr'>for·</span> 
     </span>
     <span class='ocr_line' id='line_1_37' title="bbox 219 3621 1313 3700; baseline 0 -14"><span class='ocrx_word' id='word_1_349' title='bbox 219 3636 299 3686; x_wconf 81' lang='lat' dir='ltr'>tasse</span> <span class='ocrx_word' id='word_1_350' title='bbox 307 3627 639 3695; x_wconf 84' lang='lat' dir='ltr'>consentaneumesset,</span> <span class='ocrx_word' id='word_1_351' title='bbox 649 3640 704 3682; x_wconf 89' lang='lat' dir='ltr'>nos</span> <span class='ocrx_word' id='word_1_352' title='bbox 718 3630 822 3700; x_wconf 84' lang='lat' dir='ltr'>contra</span> <span class='ocrx_word' id='word_1_353' title='bbox 832 3621 915 3682; x_wconf 90' lang='lat' dir='ltr'>illum</span> <span class='ocrx_word' id='word_1_354' title='bbox 925 3622 1046 3686; x_wconf 82' lang='lat' dir='ltr'>instrui:</span> <span class='ocrx_word' id='word_1_355' title='bbox 1068 3635 1248 3685; x_wconf 83' lang='lat' dir='ltr'>comantem</span> <span class='ocrx_word' id='word_1_356' title='bbox 1256 3643 1313 3688; x_wconf 68' lang='lat' dir='ltr'>urar⁸</span> 
     </span>
     <span class='ocr_line' id='line_1_38' title="bbox 219 3712 1312 3797; baseline -0.004 -18"><span class='ocrx_word' id='word_1_357' title='bbox 219 3719 265 3780; x_wconf 91' lang='lat' dir='ltr'>nis</span> <span class='ocrx_word' id='word_1_358' title='bbox 284 3713 482 3777; x_wconf 84' lang='lat' dir='ltr'>instructionis</span> <span class='ocrx_word' id='word_1_359' title='bbox 495 3712 568 3774; x_wconf 87' lang='lat' dir='ltr'>ratio</span> <span class='ocrx_word' id='word_1_360' title='bbox 583 3713 621 3774; x_wconf 92' lang='lat' dir='ltr'>sit</span> <span class='ocrx_word' id='word_1_361' title='bbox 632 3713 745 3788; x_wconf 87' lang='lat' dir='ltr'>eadem,</span> <span class='ocrx_word' id='word_1_362' title='bbox 761 3723 793 3774; x_wconf 87' lang='lat' dir='ltr'>et</span> <span class='ocrx_word' id='word_1_363' title='bbox 805 3713 909 3774; x_wconf 83' lang='lat' dir='ltr'>eadem</span> <span class='ocrx_word' id='word_1_364' title='bbox 922 3725 1056 3796; x_wconf 83' lang='lat' dir='ltr'>oporteat</span> <span class='ocrx_word' id='word_1_365' title='bbox 1074 3736 1142 3778; x_wconf 85' lang='lat' dir='ltr'>erse</span> <span class='ocrx_word' id='word_1_366' title='bbox 1154 3716 1254 3797; x_wconf 79' lang='lat' dir='ltr'>capita.</span> <span class='ocrx_word' id='word_1_367' title='bbox 1266 3734 1312 3776; x_wconf 83' lang='lat' dir='ltr'>co-</span> 
     </span>
     <span class='ocr_line' id='line_1_39' title="bbox 219 3801 1311 3890; baseline 0.002 -22"><span class='ocrx_word' id='word_1_368' title='bbox 219 3811 341 3889; x_wconf 86' lang='lat' dir='ltr'>piarum,</span> <span class='ocrx_word' id='word_1_369' title='bbox 355 3817 389 3887; x_wconf 86' lang='lat' dir='ltr'>ut</span> <span class='ocrx_word' id='word_1_370' title='bbox 401 3805 503 3866; x_wconf 90' lang='lat' dir='ltr'>hostes</span> <span class='ocrx_word' id='word_1_371' title='bbox 516 3804 618 3884; x_wconf 85' lang='lat' dir='ltr'>repelli</span> <span class='ocrx_word' id='word_1_372' title='bbox 631 3806 755 3886; x_wconf 88' lang='lat' dir='ltr'>possint,</span> <span class='ocrx_word' id='word_1_373' title='bbox 768 3817 803 3868; x_wconf 92' lang='lat' dir='ltr'>ut</span> <span class='ocrx_word' id='word_1_374' title='bbox 816 3806 888 3870; x_wconf 88' lang='lat' dir='ltr'>socii</span> <span class='ocrx_word' id='word_1_375' title='bbox 901 3807 1108 3886; x_wconf 82' lang='lat' dir='ltr'>defendantur,</span> <span class='ocrx_word' id='word_1_376' title='bbox 1127 3819 1162 3870; x_wconf 92' lang='lat' dir='ltr'>ut</span> <span class='ocrx_word' id='word_1_377' title='bbox 1176 3827 1248 3890; x_wconf 85' lang='lat' dir='ltr'>opes</span> <span class='ocrx_word' id='word_1_378' title='bbox 1261 3801 1311 3870; x_wconf 64' lang='lat' dir='ltr'>noss</span> 
     </span>
     <span class='ocr_line' id='line_1_40' title="bbox 219 3891 1313 3986; baseline 0 -26"><span class='ocrx_word' id='word_1_379' title='bbox 219 3911 287 3961; x_wconf 85' lang='lat' dir='ltr'>strae</span> <span class='ocrx_word' id='word_1_380' title='bbox 300 3891 641 3986; x_wconf 67' lang='lat' dir='ltr'>commentum-quid,</span> <span class='ocrx_word' id='word_1_381' title='bbox 653 3917 743 3978; x_wconf 89' lang='lat' dir='ltr'>quum</span> <span class='ocrx_word' id='word_1_382' title='bbox 755 3895 914 3964; x_wconf 85' lang='lat' dir='ltr'>babeamus</span> <span class='ocrx_word' id='word_1_383' title='bbox 928 3901 979 3983; x_wconf 93' lang='lat' dir='ltr'>qui</span> <span class='ocrx_word' id='word_1_384' title='bbox 992 3921 1025 3963; x_wconf 85' lang='lat' dir='ltr'>se</span> <span class='ocrx_word' id='word_1_385' title='bbox 1033 3901 1136 3964; x_wconf 90' lang='lat' dir='ltr'>hostes</span> <span class='ocrx_word' id='word_1_386' title='bbox 1148 3919 1214 3962; x_wconf 84' lang='lat' dir='ltr'>esse</span> <span class='ocrx_word' id='word_1_387' title='bbox 1223 3901 1313 3960; x_wconf 80' lang='lat' dir='ltr'>laten·</span> 
     </span>
     <span class='ocr_line' id='line_1_41' title="bbox 220 3991 1313 4073; baseline 0 -21"><span class='ocrx_word' id='word_1_388' title='bbox 220 4001 279 4065; x_wconf 90' lang='lat' dir='ltr'>tur,</span> <span class='ocrx_word' id='word_1_389' title='bbox 293 3991 364 4053; x_wconf 86' lang='lat' dir='ltr'>alios</span> <span class='ocrx_word' id='word_1_390' title='bbox 385 3991 591 4072; x_wconf 66' lang='lat' dir='ltr'>quaeritamus?</span> <span class='ocrx_word' id='word_1_391' title='bbox 613 4011 647 4053; x_wconf 89' lang='lat' dir='ltr'>ac</span> <span class='ocrx_word' id='word_1_392' title='bbox 668 4012 728 4053; x_wconf 87' lang='lat' dir='ltr'>non</span> <span class='ocrx_word' id='word_1_393' title='bbox 748 3994 845 4073; x_wconf 90' lang='lat' dir='ltr'>potius</span> <span class='ocrx_word' id='word_1_394' title='bbox 863 4005 894 4054; x_wconf 86' lang='lat' dir='ltr'>ct</span> <span class='ocrx_word' id='word_1_395' title='bbox 909 3995 1051 4058; x_wconf 84' lang='lat' dir='ltr'>adversus</span> <span class='ocrx_word' id='word_1_396' title='bbox 1064 3995 1121 4057; x_wconf 90' lang='lat' dir='ltr'>hos</span> <span class='ocrx_word' id='word_1_397' title='bbox 1139 3991 1313 4066; x_wconf 75' lang='lat' dir='ltr'>insonum,</span> 
     </span>
    </p>
   </div>
   <div class='ocr_carea' id='block_1_7' title="bbox 12 4083 1312 4262">
    <p class='ocr_par' dir='ltr' id='par_1_8' title="bbox 12 4083 1431 4262">
     <span class='ocr_line' id='line_1_42' title="bbox 12 4083 1312 4166; baseline -0.005 -16"><span class='ocrx_word' id='word_1_398' title='bbox 12 4093 13 4150; x_wconf 81' lang='lat' dir='ltr'>i</span> <span class='ocrx_word' id='word_1_399' title='bbox 97 4119 103 4125; x_wconf 95' lang='lat'><em>·</em></span> <span class='ocrx_word' id='word_1_400' title='bbox 221 4094 253 4146; x_wconf 91' lang='lat' dir='ltr'>et</span> <span class='ocrx_word' id='word_1_401' title='bbox 271 4083 353 4144; x_wconf 92' lang='lat' dir='ltr'>illurn</span> <span class='ocrx_word' id='word_1_402' title='bbox 372 4105 486 4165; x_wconf 91' lang='lat' dir='ltr'>quoque</span> <span class='ocrx_word' id='word_1_403' title='bbox 506 4084 685 4160; x_wconf 84' lang='lat' dir='ltr'>ulciscimur,</span> <span class='ocrx_word' id='word_1_404' title='bbox 703 4087 728 4146; x_wconf 85' lang='lat' dir='ltr'>si</span> <span class='ocrx_word' id='word_1_405' title='bbox 740 4085 849 4148; x_wconf 87' lang='lat' dir='ltr'>violare</span> <span class='ocrx_word' id='word_1_406' title='bbox 862 4107 918 4150; x_wconf 90' lang='lat' dir='ltr'>nos</span> <span class='ocrx_word' id='word_1_407' title='bbox 937 4088 1115 4164; x_wconf 68' lang='lat' dir='ltr'>instituerit?</span> <span class='ocrx_word' id='word_1_408' title='bbox 1135 4085 1225 4166; x_wconf 83' lang='lat' dir='ltr'>Agite</span> <span class='ocrx_word' id='word_1_409' title='bbox 1238 4103 1312 4156; x_wconf 85' lang='lat' dir='ltr'>vero,</span> 
     </span>
     <span class='ocr_line' id='line_1_43' title="bbox 12 4175 1312 4262; baseline 0.001 -27"><span class='ocrx_word' id='word_1_410' title='bbox 12 4183 14 4194; x_wconf 88' lang='grc'><em>“</em></span> <span class='ocrx_word' id='word_1_411' title='bbox 224 4175 345 4237; x_wconf 87' lang='lat' dir='ltr'>Graecos</span> <span class='ocrx_word' id='word_1_412' title='bbox 364 4197 443 4238; x_wconf 88' lang='lat' dir='ltr'>nunc</span> <span class='ocrx_word' id='word_1_413' title='bbox 457 4179 496 4240; x_wconf 87' lang='lat' dir='ltr'>ad</span> <span class='ocrx_word' id='word_1_414' title='bbox 507 4199 560 4240; x_wconf 87' lang='lat' dir='ltr'>vos</span> <span class='ocrx_word' id='word_1_415' title='bbox 579 4179 737 4241; x_wconf 85' lang='lat' dir='ltr'>accersite:</span> <span class='ocrx_word' id='word_1_416' title='bbox 759 4189 801 4260; x_wconf 82' lang='lat' dir='ltr'>at,</span> <span class='ocrx_word' id='word_1_417' title='bbox 815 4180 839 4239; x_wconf 87' lang='lat' dir='ltr'>si</span> <span class='ocrx_word' id='word_1_418' title='bbox 853 4201 921 4261; x_wconf 77' lang='lat' dir='ltr'>qum</span> <span class='ocrx_word' id='word_1_419' title='bbox 941 4179 983 4242; x_wconf 93' lang='lat' dir='ltr'>illi</span> <span class='ocrx_word' id='word_1_420' title='bbox 997 4183 1115 4262; x_wconf 88' lang='lat' dir='ltr'>jubent,</span> <span class='ocrx_word' id='word_1_421' title='bbox 1136 4198 1197 4240; x_wconf 89' lang='lat' dir='ltr'>non</span> <span class='ocrx_word' id='word_1_422' title='bbox 1210 4176 1312 4246; x_wconf 83' lang='lat' dir='ltr'>facitis,</span> 
     </span>
    </p>
   </div>
   <div class='ocr_carea' id='block_1_8' title="bbox 221 4269 1312 4466">
    <p class='ocr_par' dir='ltr' id='par_1_9' title="bbox 221 4269 1312 4466">
     <span class='ocr_line' id='line_1_44' title="bbox 221 4269 1312 4353; baseline 0.005 -23"><span class='ocrx_word' id='word_1_423' title='bbox 221 4290 288 4330; x_wconf 91' lang='lat' dir='ltr'>cum</span> <span class='ocrx_word' id='word_1_424' title='bbox 301 4269 418 4350; x_wconf 89' lang='lat' dir='ltr'>quidam</span> <span class='ocrx_word' id='word_1_425' title='bbox 429 4289 489 4330; x_wconf 90' lang='lat' dir='ltr'>non</span> <span class='ocrx_word' id='word_1_426' title='bbox 498 4272 606 4352; x_wconf 87' lang='lat' dir='ltr'>optime</span> <span class='ocrx_word' id='word_1_427' title='bbox 618 4272 701 4335; x_wconf 86' lang='lat' dir='ltr'>vobis</span> <span class='ocrx_word' id='word_1_428' title='bbox 714 4271 844 4352; x_wconf 86' lang='lat' dir='ltr'>cupiant,</span> <span class='ocrx_word' id='word_1_429' title='bbox 854 4283 937 4334; x_wconf 89' lang='lat' dir='ltr'>estne</span> <span class='ocrx_word' id='word_1_430' title='bbox 948 4275 1125 4353; x_wconf 84' lang='lat' dir='ltr'>sperandum</span> <span class='ocrx_word' id='word_1_431' title='bbox 1138 4284 1312 4350; x_wconf 59' lang='lat' dir='ltr'>quemquam</span> 
     </span>
     <span class='ocr_line' id='line_1_45' title="bbox 224 4363 1312 4466; baseline 0.006 -44"><span class='ocrx_word' id='word_1_432' title='bbox 224 4382 291 4424; x_wconf 89' lang='lat' dir='ltr'>esse</span> <span class='ocrx_word' id='word_1_433' title='bbox 307 4364 600 4466; x_wconf 10' lang='lat' dir='ltr'>obtemperaturumip</span> <span class='ocrx_word' id='word_1_434' title='bbox 613 4366 689 4436; x_wconf 83' lang='lat' dir='ltr'>Quia</span> <span class='ocrx_word' id='word_1_435' title='bbox 700 4363 901 4430; x_wconf 85' lang='lat' dir='ltr'>mediusfidius</span> <span class='ocrx_word' id='word_1_436' title='bbox 915 4365 1035 4430; x_wconf 85' lang='lat' dir='ltr'>audient</span> <span class='ocrx_word' id='word_1_437' title='bbox 1053 4363 1180 4442; x_wconf 86' lang='lat' dir='ltr'>euobis,</span> <span class='ocrx_word' id='word_1_438' title='bbox 1202 4364 1312 4444; x_wconf 59' lang='lat' dir='ltr'>rreum</span> 
     </span>
    </p>
   </div>
   <div class='ocr_carea' id='block_1_9' title="bbox 0 0 1462 4946">
    <p class='ocr_par' dir='ltr' id='par_1_10' title="bbox 0 0 1462 4946">
     <span class='ocr_line' id='line_1_46' title="bbox 0 0 1462 4946; baseline 0 0"><span class='ocrx_word' id='word_1_439' title='bbox 0 0 1462 4946; x_wconf 95' lang='lat' dir='ltr'> </span> 
     </span>
    </p>
   </div>
  </div>
 </body>
</html>
