2946 4954
198 283 262 342 rsa
438 285 495 345 nn
517 280 784 364 manserem
804 282 1057 351 neutricum

394 441 536 489 hhansilinnt
547 433 773 504 murns'altos,'l'n'ga
784 441 849 490 nulla
858 441 954 498 tuetur,
989 443 991 450 ’
1079 499 1084 512 ἢ

429 517 484 566 Sive
493 525 559 582 petas
570 519 705 584 thalamum,
716 519 769 580 sive¹
779 519 823 566 snb
834 526 899 584 antra
909 531 969 566 ruas.

396 593 443 640 His
456 611 500 656 ego
511 595 630 644 Palladios
642 596 736 642 monitis
747 596 800 656 pius
809 597 900 642 instruo
910 594 984 650 ciras,

429 671 464 735 Ut
472 673 572 733 sapiant,
582 671 689 732 vigilent,
702 671 733 718 nil
746 673 876 732 petulanter
887 678 964 732 agant·

324 737 334 772 ⁸¹
397 745 493 794 lavabit
503 748 547 794 ben
557 753 654 808 quantas
665 748 741 808 legum
753 747 848 795 violatio
860 747 956 794 clades?

366 862 368 870 ,
429 823 463 870 At
469 825 541 883 justae
553 824 617 886 leges
627 825 748 871 commoda
758 830 842 885 quanta
852 825 929 871 ierunt
939 823 948 868 ?

395 900 556 959 *Compedibus
567 900 685 962 stringunt
696 901 832 957 sceleratos,
843 900 932 948 ordinis
944 898 1005 959 aeqni

433 979 636 1039 conservatrices,
645 978 678 1026 nil
687 979 730 1025 nisi
741 987 806 1044 recta
817 979 902 1025 sinunt

398 1055 491 1116 Aspara
502 1056 657 1116 complanant,
668 1055 864 1119 sedantiastidia,
874 1055 972 1101 staenant

434 1131 573 1187 Indomitos,
585 1133 681 1193 abigunt
691 1132 781 1179 semine
792 1147 889 1192 quaeque
897 1131 962 1186 mali,

399 1207 457 1255 turs
465 1215 556 1269 regunt,
568 1209 753 1256 mansuefaciunt
763 1209 879 1270 turgentia
889 1208 967 1262 corda,
987 1197 990 1202 ¹

430 1285 589 1351 ¹Oompescnnt
599 1285 690 1334 miseras
702 1284 823 1332 seditionis
834 1299 902 1345 opus,

293 1355 297 1362 ’
399 1360 484 1420 lurgis
494 1359 543 1406 litis
552 1361 636 1408 soeths
644 1367 760 1421 premunt,
768 1375 795 1406 ao
805 1360 907 1420 deniqne
918 1359 990 1406 vitam

434 1437 566 1484 Humanam
579 1437 697 1494 erudiunt,
708 1443 735 1483 nt
748 1435 864 1502 sapienter
876 1443 922 1484 eat.
986 1477 987 1482 ,
1009 1501 1010 1504 ¹

247 1554 296 1612 73.
318 1549 445 1622 Auditis,
458 1550 670 1622 Athenienses,
686 1550 723 1612 de
737 1551 793 1612 isto
809 1565 915 1630 genere
929 1551 1081 1612 hominum
1096 1551 1167 1612 Solo
1177 1552 1250 1631 quid
1264 1553 1309 1613 di·

206 1643 265 1715 cai,
277 1655 309 1704 et
330 1644 368 1703 de
385 1643 450 1717 diis,
462 1665 481 1712 a
493 1644 599 1722 quibus
612 1647 714 1704 urbem
727 1644 1025 1705 conservativasserit.
1068 1644 1135 1723 Ego
1147 1663 1217 1704 vero
1232 1657 1310 1706 s‘em·

207 1737 357 1814 perhanc
382 1737 543 1814 orationem
557 1754 656 1808 veram
676 1755 743 1796 esse
763 1747 847 1816 puto,
864 1731 998 1818 et‘opto,
1018 1736 1185 1796 conservari
1208 1739 1315 1798 urbem

207 1840 337 1888 nostram
351 1821 508 1888 divinitus:
530 1840 561 1888 et
572 1829 789 1908 quodammodo
805 1830 948 1901 existimo,
963 1828 1049 1889 etsie
1062 1829 1174 1908 accipio
1193 1849 1230 1888 ca
1243 1849 1311 1908 quoe

133 1965 137 1970 .
207 1920 474 1980 nunoacciderunt
486 1921 584 1981 omnia
595 1922 834 1982 inaccusatione
851 1922 925 1992 hac,
943 1921 1050 1981 divinae
1071 1920 1225 2000 cujusdam
1242 1940 1313 2000 erga

206 2012 428 2091 rempublicam·
440 2013 651 2074 benevolentia
674 2015 791 2094 signum
810 2015 968 2074 exstitisse.
1010 2013 1104 2091 quue
1120 2014 1163 2072 sic
1174 2012 1313 2072 conside·

166 2095 173 2114 ⁴
207 2112 279 2163 rate.
322 2105 420 2166 Homo
433 2105 485 2184 qui
501 2107 596 2166 multa
615 2106 645 2164 in
661 2106 807 2185 legatione
822 2116 852 2166 et
872 2105 980 2166 atrocia
1002 2104 1115 2164 scelera
1134 2103 1311 2184 designavit,

207 2194 258 2272 qni
270 2195 435 2273 provincias
445 2197 574 2286 dedidit,
587 2196 617 2256 in
631 2198 737 2277 quibus
752 2199 824 2258 deos
839 2197 948 2258 euobis
962 2206 992 2257 et
1002 2198 1087 2256 sociis
1101 2196 1159 2256 coli
1176 2197 1312 2268 decebat,

152 2338 155 2344 .
207 2287 369 2365 ignominia
386 2290 500 2349 notauit
513 2289 671 2368 quendam,
685 2290 736 2369 qui
757 2289 820 2370 ejus
844 2299 1045 2350 accusatorem
1059 2309 1092 2348 se
1104 2289 1234 2368 profiteri
1253 2309 1312 2349 non

196 2381 363 2444 dubitavit.
408 2382 544 2443 Curiae
568 2385 629 2464 ipse
650 2384 826 2445 delictorum
851 2404 970 2443 suorum
991 2384 1118 2453 veniam,
1148 2392 1200 2443 aut
1223 2383 1314 2444 ullam

209 2474 436 2535 misericordiam
451 2486 692 2555 consequeretur.
735 2475 795 2534 Sed
815 2485 846 2536 et
867 2475 917 2534 illo
938 2475 1107 2535 accusando
1122 2475 1154 2534 in
1166 2493 1213 2533 me
1234 2473 1314 2535 inve-

208 2566 280 2626 here
292 2568 427 2640 instituit,
442 2559 472 2629 et
485 2588 585 2630 rursus
599 2585 651 2648 pro
662 2567 807 2643 concione
826 2565 1046 2627 accusationem
1068 2566 1140 2625 mihi
1162 2566 1314 2628 minitatus

210 2667 266 2730 est,
279 2667 310 2717 et
321 2658 384 2739 ejus
400 2659 514 2739 generis
529 2660 596 2720 alia.
643 2656 867 2727 Quamobrem?
887 2669 921 2718 ut
934 2658 1043 2737 optima
1056 2677 1121 2718 cum
1136 2658 1223 2738 venia
1237 2658 1315 2738 apud

209 2769 263 2811 vos
277 2771 344 2830 ego,
357 2751 407 2830 qui
420 2751 532 2813 scelera
544 2752 627 2826 istius
642 2753 751 2832 optime
774 2752 852 2825 novi,
866 2761 897 2812 et
919 2752 1018 2810 omnia
1039 2761 1190 2830 comperta
1210 2749 1314 2824 habeo,

145 2889 151 2898 -
169 2872 172 2878 ·
212 2865 399 2929 accusarem·
435 2846 612 2914 Quinetiam
626 2868 695 2908 cum
709 2849 789 2908 omni
801 2847 942 2928 superiori
953 2856 1083 2926 tempore
1092 2846 1207 2926 judicia
1219 2847 1314 2908 eluse·

212 2940 258 3012 rit,
273 2939 304 2999 in
318 2940 348 3000 id
362 2940 492 3018 conjecit
505 2960 570 3002 sese
583 2951 709 3020 tempus,
724 2941 826 3020 inquo
841 2941 867 2998 si
887 2949 947 3000 nou
957 2939 958 2944 ’
968 2942 1007 3000 ob
1034 2938 1125 3011 aliud,
1138 2939 1185 2999 vel
1199 2948 1315 3018 propter

210 3033 392 3096 imminentia
402 3033 541 3113 pericula,
554 3053 610 3094 nec
627 3034 751 3108 licitum,
771 3052 835 3093 nec.
848 3041 943 3110 tutum
968 3032 1051 3092 vobis
1076 3040 1132 3103 est,
1150 3031 1239 3090 istum
1253 3051 1316 3092 cor-

211 3136 329 3206 ruptum
345 3126 547 3210 largitionibus
571 3127 733 3187 absolvere.
776 3115 900 3204 Semper
917 3125 1006 3192 enirn,
1021 3123 1232 3196 Athenienses,
1250 3124 1320 3184 odio

211 3219 410 3300 prosequendi
423 3227 501 3290 sunt,
512 3228 542 3278 et
555 3217 696 3297 puniendi
706 3217 882 3297 proditores,
892 3225 924 3276 et
936 3215 1068 3276 homines
1083 3215 1233 3296 corrupti!
1254 3226 1319 3276 tum

212 3323 282 3370 nero
297 3309 420 3370 nuncid
436 3331 503 3370 cum
520 3310 622 3390 primis,
632 3311 804 3390 tempestive
814 3320 845 3371 et
857 3310 1093 3370 communicnm
1103 3310 1231 3370 utilitate
1244 3329 1323 3369 mor·

211 3401 315 3462 talium
324 3402 386 3463 fiet.
426 3402 550 3463 Morbus
565 3403 654 3478 enim,
668 3403 872 3476 Athenienses,
882 3403 987 3482 ingens
998 3391 1103 3463 invasit
1115 3401 1146 3462 in
1161 3401 1322 3474 Groeciam,

213 3503 243 3568 et
257 3493 394 3566 difficilis,
408 3494 516 3573 quique
530 3492 668 3574 inagnam
685 3506 716 3557 et
731 3495 900 3556 felicitatem
916 3503 948 3555 et
960 3515 1061 3558 curam
1074 3505 1203 3556 vestram
1216 3505 1324 3574 postu-

212 3587 262 3647 let
286 3585 345 3653 Qui
358 3585 435 3646 enim
449 3588 558 3647 suntin
573 3589 694 3649 urbibus
707 3589 893 3666 nobilissimi,
906 3593 937 3648 et
948 3591 978 3650 in
993 3608 1068 3668 quos
1082 3589 1192 3649 collata
1204 3598 1252 3648 est
1264 3589 1327 3648 rei-

212 3679 339 3766 publicae
345 3679 528 3755 auctoritas,
541 3682 572 3740 hi
593 3702 653 3742 sure
677 3682 841 3762 proditores
860 3681 1012 3756 libertatis,
1036 3681 1179 3754 infelices,
1196 3681 1276 3740 ultro
1291 3681 1327 3741 in

214 3771 382 3834 servitutem
396 3791 428 3832 se
443 3772 613 3854 conjiciunt,
627 3775 697 3834 dum
717 3774 843 3854 Philippi
856 3773 1025 3854 hospitium,
1039 3783 1070 3833 et
1082 3773 1330 3847 familiaritatem,

214 3873 245 3924 et
257 3865 425 3938 amicitiam,
445 3875 532 3944 atquc
556 3863 625 3940 ¹alia,
647 3866 798 3928 minuendi
821 3887 912 3928 causa
925 3865 1065 3940 criminis,
1080 3869 1111 3928 in
1124 3886 1175 3929 ore
1187 3867 1331 3930 hahent:

214 3954 305 4014 ceteri
331 3966 440 4030 autern,
463 3965 493 4017 et
516 3957 712 4037 magistratus
730 3958 913 4038 singularum
938 3960 1064 4032 urbium,
1087 3960 1261 4040 quicunque
1286 3961 1334 4022 illi

217 4057 297 4119 sunt,
312 4066 329 4107 a
342 4048 447 4127 quibus
461 4049 527 4110 illos
546 4051 675 4112 coerceri
693 4038 857 4132 oportebit,
872 4061 904 4112 ct
924 4052 1024 4117 statim
1038 4052 1144 4125 occidi,
1159 4052 1188 4126 ii,
1204 4062 1334 4116 tantum

216 4141 313 4214 abest,
325 4151 360 4200 nt
374 4141 432 4202 tale
446 4143 556 4222 aliquid
569 4151 668 4224 agant,
690 4154 724 4204 ut
746 4163 796 4206 eos
821 4141 1008 4221 admirentur,
1021 4154 1053 4204 et
1064 4143 1232 4204 fortunatos
1243 4145 1335 4226 jndi-

122 4281 127 4286 .
216 4243 296 4306 cent,
312 4241 342 4292 et
356 4233 464 4312 singuli
479 4254 510 4294 se
522 4236 598 4297 ‘tales
611 4258 677 4298 esse
691 4246 804 4317 optent.

258 4320 308 4385 74.
330 4325 422 4404 Atqui
440 4344 477 4385 ea
498 4346 556 4410 res,
569 4319 758 4412 et'ejusmodi
770 4329 984 4412 aemulationes,
996 4327 1215 4426 Thessalorum,
1232 4330 1339 4395 Athe·

111 4451 116 4458 ·
174 4471 176 4474 .
217 4417 346 4494 aienses,
366 4436 433 4478 curn
457 4439 548 4499 nuper
570 4417 648 4484 adeo
664 4422 859 4505 principatum
872 4433 1102 4486 ctcommunem
1116 4421 1340 4489 anctoritatem
