2886 4946
232 259 290 322 1³0
529 258 684 322 Quarto
706 258 763 322 DE
785 261 1030 322 cassamus.

234 392 384 472 amitteret
405 413 547 492 Eqmdem
561 415 705 476 neminem
722 435 795 477 esse
805 414 949 477 existimo.
991 414 1054 476 lino
1066 433 1122 474 nec
1139 413 1181 480 illi
1194 410 1326 492 expedit,
1430 399 1432 406 ¹

232 504 376 582 peregrini
388 506 485 574 militis
499 525 588 586 opera
603 505 726 576 Groeoioe
734 507 820 587 potiri
828 527 838 567 ¹:
853 507 903 587 qui
912 507 988 568 enim
999 526 1053 566 nos
1064 505 1241 584 subegerint,
1245 505 1323 584 jarn-

232 595 345 674 pridem
359 595 409 657 illo
423 598 530 658 fuerint
542 599 766 678 praestantiores.
808 600 914 679 Neque
926 619 994 659 vero
1008 599 1079 669 vult,
1100 597 1183 656 nobis
1204 595 1324 667 excisis,

124 689 126 698 ’
233 686 295 764 ipse
313 687 341 746 in
358 687 479 748 aliorum
492 709 557 750 esse
578 698 742 768 potestate:
765 690 817 750 sed
830 691 975 762 omnibus,
989 691 1014 749 si
1027 689 1088 748 fieri
1101 687 1215 768 possin
1236 686 1281 746 sin
1293 685 1326 746 id

165 836 167 844 ,
231 777 293 840 fieri
304 798 363 839 non
376 781 478 858 possit,
488 789 518 840 at
530 782 618 841 servis
633 791 710 841 certe
729 782 790 844 suis
804 782 956 861 imperare.

277 873 432 956 roomo
445 872 470 932 si
484 873 549 952 quis
559 873 716 934 Thebanos
730 891 796 933 cum
810 872 861 934 illo
876 893 907 932 se
921 872 1129 952 conjuncturus
1143 880 1236 950 putat,
1248 867 1326 928 diffi-

233 963 296 1024 oilis
305 964 422 1043 quidem
435 976 481 1025 est
491 965 570 1045 apud
580 985 632 1026 vos
647 965 770 1027 eadere
784 966 875 1026 oratio
889 987 897 1026 z
918 985 987 1026 nam
997 984 1063 1025 cum
1076 983 1127 1024 eos
1136 963 1326 1035 oderitis,ne·

235 1074 406 1134 queverum
420 1056 543 1118 libenter
556 1077 650 1136 neque
662 1058 731 1116 boni
745 1057 899 1137 quicquam
913 1057 1004 1118 desis
1028 1055 1169 1124 audistin
1189 1063 1328 1114 verunta,

233 1165 302 1204 men
315 1165 367 1208 eos
377 1148 472 1221 decet,
484 1150 534 1227 qui
548 1149 661 1228 magnis
677 1149 714 1210 de
727 1151 814 1210 rebus
828 1149 999 1222 deliberant,
1008 1148 1118 1206 nullam
1133 1147 1231 1207 utilem
1244 1146 1327 1224 cogi-
1415 1187 1417 1190 -

232 1239 372 1303 tationem
385 1243 603 1319 praetermittere
615 1241 677 1302 ulla
690 1240 726 1302 de
744 1261 842 1303 causa.
885 1241 951 1320 Ego
973 1260 1041 1302 vero
1053 1239 1196 1310 existimo,
1210 1247 1327 1299 tantum

234 1333 338 1392 abesse
345 1344 379 1391 ut
388 1333 518 1394 Thebani
531 1353 659 1414 unquam
669 1353 736 1394 cum
746 1334 797 1394 illo
806 1333 950 1395 Graeciam
960 1333 1088 1394 invasuri
1096 1333 1163 1402 sint,
1173 1340 1206 1391 ut
1219 1349 1328 1410 magns

235 1423 363 1501 pecunia
381 1427 406 1486 si
426 1425 526 1486 liceret
550 1425 752 1504 redempturos
771 1436 870 1505 putem
891 1424 1085 1496 occasionem,
1098 1442 1156 1501 qua
1174 1433 1276 1482 vetera
1296 1420 1326 1478 in

236 1512 359 1576 Groecos
373 1516 481 1578 delicta
490 1517 658 1578 abolerent·
688 1517 776 1585 Quod
791 1518 816 1577 si
830 1517 894 1596 quis
905 1516 1060 1588 existimat,
1070 1515 1224 1574 Thebanos
1233 1532 1327 1591 usque

236 1605 311 1666 adeo
321 1617 495 1670 naturaesse
508 1609 649 1682 infelices,
660 1608 733 1670 illud
745 1611 842 1690 utique
850 1608 1018 1688 intelligetis
1033 1627 1145 1678 omnes,
1155 1607 1180 1666 si
1191 1605 1327 1665 Thebani

234 1717 303 1758 cum
316 1697 496 1778 illofaciant,
507 1721 572 1760 esse
583 1719 714 1773 neeesse,
728 1711 761 1759 ut
774 1720 872 1760 eorum
884 1701 983 1760 hostes
999 1709 1078 1759 stent
1092 1697 1327 1776 aGraecis.,Ego

234 1790 321 1869 igitur
340 1790 483 1863 existimo,
491 1791 568 1851 bunc
587 1792 717 1852 ordinem
730 1791 885 1868 aequitatis,
907 1801 938 1849 et
949 1811 999 1848 eos
1014 1790 1064 1868 qui
1077 1810 1144 1848 cum
1156 1790 1213 1849 boc
1227 1783 1328 1849 ordine

235 1900 267 1944 se
281 1881 468 1960 conjungent,
483 1891 544 1940 tum
556 1882 763 1959 proditoribus,
776 1893 838 1939 tum
852 1881 988 1940 barbaris
1001 1880 1063 1940 fore
1079 1881 1222 1940 universis
1241 1901 1327 1960 supe·

234 1971 334 2034 riores.
375 1972 472 2038 Quare
482 1990 576 2050 neque
586 1970 737 2030 immodice
747 1970 971 2044 formidandum,
981 1991 1075 2050 neque
1086 1971 1326 2031 committendum

236 2082 301 2126 esse
308 2081 422 2137 censeo,
433 2074 466 2124 ut
479 2064 589 2144 priores
601 2059 710 2124 bellum
723 2063 889 2124 inieramus.
929 2065 973 2123 Ac
984 2083 1021 2123 ne
1031 2073 1199 2124 caeoerorum
1210 2065 1327 2144 quidem

236 2156 408 2226 Groecorum
428 2156 480 2218 ulli
501 2157 604 2216 merito
625 2156 733 2218 bellum
754 2156 813 2217 boc
824 2157 969 2216 formidini
983 2175 1046 2216 esse
1058 2155 1159 2216 video:
1180 2175 1249 2216 nam
1263 2157 1325 2237 quis

237 2259 338 2308 eorum
351 2249 475 2327 ignorat,
491 2265 533 2322 se,
546 2249 616 2312 dum
625 2247 706 2308 illum
720 2267 902 2310 communem
917 2247 1029 2309 hostem
1044 2247 1194 2318 ducentes,
1208 2249 1284 2308 inter
1297 2269 1327 2310 se

238 2352 457 2415 consenserunt,
468 2341 581 2422 magnis
590 2342 692 2422 opibus
701 2342 850 2411 floruisse;
873 2352 1028 2422 postquem
1048 2353 1145 2402 autem
1156 2344 1217 2425 ejus
1231 2343 1326 2404 amici·

238 2435 280 2494 tia
291 2435 367 2508 ireti,
375 2434 413 2495 de
421 2435 540 2514 privatis
554 2435 757 2496 controversiis
765 2435 839 2496 inter
847 2455 880 2502 se
889 2435 1109 2507 contenderunt,
1119 2443 1163 2494 tot
1173 2436 1252 2496 mala
1262 2455 1323 2498 esse

238 2545 405 2606 perpessos,
418 2537 490 2606 quot
503 2529 528 2587 si
541 2528 603 2606 quis
617 2547 667 2588 eos
682 2528 823 2588 devovere
832 2527 922 2588 vellet
933 2527 981 2587 vix
995 2528 1169 2606 reperisset?

282 2621 328 2678 11:
351 2619 444 2688 Quem
454 2620 541 2697 igitur
554 2619 726 2680 Fortunaet
739 2621 779 2680 dii
791 2619 965 2682 immortales
978 2629 1039 2680 tam
1049 2620 1174 2680 amicum
1185 2621 1324 2692 inutilem,

238 2731 332 2788 quam·
342 2711 455 2772 hostem
468 2731 533 2773 esse
547 2712 758 2772 conducibilem
781 2713 939 2784 declarant,
953 2731 1020 2772 eum
1043 2707 1103 2772 nos‘
1115 2713 1325 2774 formidamusi
1434 2735 1435 2782 l

240 2801 451 2880 Nequaquamt
472 2803 525 2880 ssd
539 2803 726 2864 neiaciamus
740 2803 872 2883 injuriam
884 2815 984 2863 nostra
998 2821 1089 2864 causa
1101 2814 1132 2862 et
1143 2816 1262 2882 propter
1271 2825 1326 2864 cte·
1434 2823 1435 2848 ³

239 2902 365 2954 terarum
380 2894 550 2956 Groecorum
564 2897 663 2956 turbas
674 2907 706 2956 et
720 2895 930 2956 diffidentiam:
951 2915 1019 2956 nam
1034 2895 1059 2955 si
1070 2896 1262 2968 concorditer,
1277 2898 1326 2956 ad·

236 2985 405 3064 juvantibus
426 2988 569 3059 omnibus,
584 2986 678 3047 solum
692 2987 771 3050 illum
782 2988 922 3072 invadere
942 2987 1052 3058 liceret,
1066 3006 1102 3046 ne
1121 2986 1255 3066 injuriam
1268 2989 1328 3067 qui,-
1434 3045 1435 3054 ,

241 3079 308 3138 dem
321 3079 363 3138 illi
377 3080 489 3140 anobis
501 3081 563 3141 fieri
574 3091 716 3162 putarem.
758 3081 818 3141 Sed
832 3100 899 3140 cum
909 3101 940 3140 se
950 3101 996 3140 res
1006 3080 1088 3140 aliter
1096 3081 1215 3153 habeat,
1224 3102 1327 3142 caven-

241 3171 312 3230 dum
325 3189 441 3242 censeo,
455 3192 492 3231 ne
506 3192 606 3232 ansam
620 3175 682 3251 regi
698 3174 880 3251 praebeamus
895 3173 1010 3253 utjuris
1025 3182 1194 3234 ceterorum
1210 3173 1328 3236 Graeco·
1434 3169 1435 3172 ¹

239 3263 425 3324 rumarbiter
438 3281 504 3322 erse
518 3265 653 3325 studeat:
674 3265 892 3342 quiescentibus
905 3266 1072 3326 enimvobis
1083 3277 1235 3346 suspectus
1244 3278 1328 3340 esset,

243 3354 347 3432 siquid
361 3354 418 3413 tale
431 3354 595 3422 moliretur;
618 3358 662 3414 sin
673 3357 781 3435 priores
794 3358 904 3418 bellum
917 3358 1080 3430 moveretiS,
1089 3357 1166 3416 haud
1179 3358 1283 3434 injuria
1289 3360 1328 3418 vi·

244 3446 358 3507 debitur
371 3456 487 3524 propter
497 3437 609 3506 vestras
622 3446 791 3521 inimicitias,
806 3449 926 3510 aliorum
937 3459 1072 3529 expetere
1081 3450 1245 3510 amicitiam.
1285 3451 1329 3511 Ne

242 3539 330 3618 igitur
344 3557 464 3615 arguere
482 3538 585 3628 velitis,
600 3557 686 3617 quam
702 3553 852 3618 corruptus
866 3542 904 3602 sit
914 3531 1159 3614 Groecioestatus,
1169 3563 1330 3604 convocan-

244 3632 291 3692 dis
305 3631 346 3690 eis
359 3647 426 3688 curn
441 3647 500 3688 non
513 3629 733 3708 persuadebitis,
747 3641 778 3690 et
798 3632 925 3708 gerendo
938 3633 1016 3693 bello
1028 3653 1095 3712 curn
1107 3653 1167 3692 non
1181 3635 1328 3713 poteritis:

243 3725 296 3786 sed
309 3723 397 3804 quieti
409 3729 513 3794 estote,
531 3733 562 3780 et
574 3722 762 3800 imperterriti,
777 3733 807 3782 et
824 3722 965 3785 instructi.
1006 3725 1045 3785 Et
1057 3726 1186 3784 nunciati
1201 3727 1239 3786 de
1252 3727 1327 3788 vobis

244 3819 307 3896 regi
320 3816 424 3887 velitis,
444 3833 503 3873 non
514 3813 631 3892 quidem
646 3822 724 3872 certe
739 3824 861 3874 aestuare
880 3824 931 3874 aut
944 3826 1072 3876 metuere
1093 3827 1145 3876 aut
1166 3817 1327 3878 tumultuari

200 3917 202 3926 ’
245 3928 345 3968 omnes
356 3907 489 3978 Grecos,
503 3916 533 3964 st
546 3904 869 3984 Athenienses-longe
882 3917 958 3968 certe
969 3908 1049 3968 aliter
1061 3929 1093 3970 se
1102 3928 1163 3968 rem
1174 3909 1325 3970 babere-z
1434 3905 1435 3972 ἶ

246 4010 333 4077 atqua
346 4001 420 4060 adeo
434 3998 489 4060 nisi
503 3997 581 4078 apud
596 3996 718 4057 Graecos
729 4017 810 4076 reque
819 4008 903 4078 turpe
912 3999 1085 4062 haberentur
1093 4002 1209 4074 mentiri
1217 4014 1247 4062 et
1254 4002 1326 4082 peje·
1434 4021 1435 4032 *

245 4109 320 4162 rare,
333 4101 366 4148 ut
378 4089 457 4168 apud
470 4090 551 4150 illum
562 4088 742 4170 praeclarum,
751 4089 924 4169 jampridem
939 4109 992 4150 vos
1007 4091 1037 4150 in
1050 4092 1131 4182 illum
1143 4093 1235 4154 tuisse
1245 4095 1325 4172 impe·

246 4193 309 4240 turn
322 4182 461 4242 facturos.
477 4213 478 4218 1
501 4183 591 4244 Nunc
608 4183 638 4241 id
658 4201 710 4242 vos
724 4202 906 4261 nequaquam
919 4183 1045 4242 facturos
1062 4193 1210 4264 vestrapte
1226 4203 1326 4246 causa:

248 4275 307 4335 aad.
315 4263 416 4332 omues
428 4275 540 4350 precari
553 4275 635 4348 deos,
649 4285 681 4335 ut
690 4276 796 4340 eadem,
804 4276 867 4353 ipse
877 4274 1004 4336 amentia
1014 4275 1192 4356 corripiatur,
1201 4277 1325 4357 quaolinr

247 4360 459 4444 majoresejus.
500 4363 595 4442 Atque
606 4366 671 4426 haee
689 4367 713 4427 si
728 4365 909 4428 considerare
927 4367 1101 4430 insanimum
1114 4366 1268 4443 induxerit,
1279 4386 1326 4432 vos
