2932 4952
518 302 693 368 CONTRA
713 297 887 368 MIDIAM.
1195 309 1256 372 ³15

151 463 268 531 tantum
281 474 347 518 esse
359 460 549 535 accusatoris,
558 469 593 522 ut
606 463 716 522 crimen
729 464 843 542 probet,
852 460 906 535 rei,
918 468 952 522 ιιι
965 460 1054 521 etiarn
1067 459 1253 540 deprecetur.

151 549 216 609 Sed
238 569 306 610 cum
325 549 383 610 iste
405 561 477 614 tunc
496 564 527 614 et
545 554 663 634 judices
682 555 849 634 corruperit,
862 564 894 614 et
914 562 1069 634 propterea
1081 571 1155 613 mere
1168 551 1254 614 tribui

149 661 203 732 per
217 634 351 722 injuriarn
364 643 455 724 tripos
471 645 509 704 sit
519 657 645 727 ereptus,
658 657 746 726 atque
761 665 817 725 ego
831 664 890 706 non
906 647 994 706 modo
1004 644 1185 718 verberibus,
1198 647 1253 708 sed
1299 689 1301 694 ι

147 733 185 794 ιιι
199 735 289 794 etiarn
302 737 486 798 contumeliis
498 737 553 798 sim
567 738 700 813 affectus,
714 741 820 819 quibus
833 739 914 798 baud
935 739 997 799 scio
1013 757 1050 798 en
1064 740 1251 802 ullussadilis
1350 751 1353 758 '

147 827 291 907 unquam,
310 849 371 890 non
393 829 495 892 dubito
520 831 551 891 in
564 831 621 893 hoc
631 832 755 912 judicio,
767 831 847 914 quod
859 851 937 892 nunc
952 832 1081 912 demum,
1094 843 1252 912 postquam

149 921 335 987 adversarius
354 922 438 1003 justa
454 923 656 1005 indignatione
679 934 710 1004 et
731 925 876 1006 suffragiis
899 923 1000 1006 populi
1020 924 1177 986 damnatus
1196 934 1251 1000 est,

148 1018 253 1089 subeo,
268 1017 356 1078 etiarn
365 1017 500 1098 precibus
510 1020 565 1080 nti.
607 1019 724 1096 Namsi
737 1021 795 1082 hoc
809 1020 905 1086 dicere
918 1019 1016 1091 liceat,
1026 1039 1084 1100 ego
1093 1039 1172 1082 nunc
1183 1039 1252 1084 reus

150 1127 229 1180 sum,
244 1110 342 1192 siqua
362 1111 452 1171 modo
473 1112 625 1173 calamitas
647 1121 699 1186 est,
721 1113 832 1193 injuriis
852 1122 884 1174 at
903 1113 1087 1174 coutumeliis
1109 1113 1252 1194 agitatum
1358 1151 1367 1168 ι

146 1221 210 1262 non
233 1222 320 1283 posse
344 1203 515 1265 ullomodo
533 1204 583 1285 jus
608 1225 694 1268 suum
718 1205 853 1286 adipisci.
896 1205 960 1268 Oro
969 1205 1058 1286 igitur
1069 1223 1250 1280 concinnes,

141 1294 273 1377 judices,
299 1306 330 1356 et
352 1297 496 1382 supplico,
513 1297 639 1377 primum
660 1307 696 1358 ut
717 1317 764 1358 rne
788 1293 933 1360 dicenteni
960 1295 1089 1380 benigne
1113 1299 1252 1360 audiatis.¹

145 1389 276 1465 Deinde,
286 1389 312 1451 ri
325 1391 492 1464 ostendero,
514 1391 639 1452 Midiam
659 1391 755 1452 istumI
767 1410 827 1452 non
845 1391 917 1452 mibi
939 1391 1142 1466 tantrnn,·sed
1163 1391 1256 1466 vobis

68 1551 73 1559 s
144 1481 247 1556 etiarn,
260 1493 291 1543 et
303 1482 426 1564 legibus,
440 1493 471 1544 et
490 1485 596 1546 ceteris
617 1485 753 1548 omnibus
774 1485 943 1558 insulaees,
956 1496 991 1546 ut
1008 1503 1079 1546 cunr
1100 1485 1249 1552 mibi‘tnur

143 1576 363 1657 vobismetipsis
376 1595 462 1657 opem
476 1577 585 1638 feratis.
627 1579 676 1638 Sic
689 1579 768 1638 eninr
781 1597 828 1639 res
848 1577 910 1639 iere
922 1577 1023 1653 babet,
1036 1578 1248 1652 Athenienses,
1281 1601 1285 1608 ’

144 1688 203 1749 ego
217 1687 284 1729 sum
296 1669 479 1730 contumeliis
501 1668 636 1746 affectus,
656 1679 686 1731 et
699 1689 808 1731 -rneunr
830 1689 937 1751 corpus
960 1680 1033 1732 tuno
1054 1670 1250 1751 ignominiose

142 1771 303 1822 ιιιιοιιιιιιιι
316 1772 372 1837 est,
391 1781 428 1823 ea
437 1781 508 1822 vero
521 1781 568 1823 res
581 1763 611 1822 in
629 1763 741 1844 judicio
753 1773 979 1826 versatumunc
989 1764 1074 1825 etde
1087 1764 1251 1827 hoccerta-

143 1875 215 1916 man
238 1865 294 1927 est,
317 1864 416 1915 utrum
435 1855 523 1916 licere
542 1857 652 1916 debeat
667 1856 837 1937 hujusmodi
855 1856 986 1919 facinora
1005 1857 1196 1931 committere,
1210 1865 1250 1920 et

143 1959 278 2010 vestrum
290 1949 452 2028 quemlibet
470 1949 589 2030 impune
602 1949 764 2030 exagitare,
777 1969 817 2012 an
834 1969 906 2012 non.
947 1951 1038 2020 Quod
1052 1951 1077 2012 si
1091 1951 1157 2031 quis
1171 1951 1248 2014 forte

141 2052 276 2104 restrum
296 2041 437 2122 superiori
455 2051 586 2124 ternpore
607 2041 726 2104 eausam
748 2045 826 2104 hanc
849 2062 914 2103 erse
925 2043 1068 2123 privatam
1082 2043 1207 2124 putavit,
1220 2046 1251 2106 ie

142 2153 224 2194 nunc
236 2134 371 2214 cogitans
384 2151 448 2194 esse
470 2133 665 2214 erepublica,
685 2155 725 2196 ne
748 2137 886 2214 cuiquam
905 2135 1145 2215 quicquam‚tale
1165 2156 1246 2198 com·

141 2227 260 2288 mittere
273 2226 371 2299 liceat,
386 2225 586 2288 sicauscultet
586 2237 750 2308 ,tanquam
773 2227 925 2309 publicum
943 2227 1190 2334 crimenpagstur,
1215 2239 1249 2292 et
1276 2222 1279 2227 ’
1352 2247 1354 2252 ·

140 2342 210 2402 quae
231 2321 286 2382 sibi
307 2320 468 2402 justissima
489 2321 679 2394 videbuntur,
704 2341 763 2385 oa
762 2321 920 2384 decernat.
961 2321 999 2391 In
1024 2321 1125 2401 primis
1147 2332 1248 2388 auteur

139 2413 226 2476 vobis
236 2414 285 2475 lex
297 2413 476 2488 recitabitur,
490 2433 548 2493 qua
564 2413 729 2494 quenlibet
743 2413 824 2494 apud
837 2389 996 2494 populum·
1013 2413 1127 2476 deinde
1139 2433 1193 2478 vos
1206 2415 1250 2480 dc

141 2508 263 2590 reliquis
277 2508 363 2570 etiam
373 2508 479 2571 docere
488 2509 629 2570 conabor
670 2508 777 2570 Recita
787 2507 895 2590 legem
998 2532 1000 2536 ¹

545 2797 549 2808 ,
647 2735 739 2798 nux.
823 2704 827 2711 ’

172 2903 326 2966 Magistratus
336 2891 471 2952 ccnoionein
481 2902 582 2952 brbc'nto
598 2901 623 2950 in
633 2903 685 2951 nde
696 2901 784 2952 Baoolri
793 2902 911 2967 postridie
921 2901 994 2966 prinei
1004 2899 1140 2952 Jorielinrn.
1173 2905 1203 2954 h
1215 2917 1246 2953 ea

139 2975 254 3034 concione
264 2980 363 3044 primunr
374 2980 405 3027 dc
413 2979 486 3028 sacris
497 2979 667 3042 respondente:
683 2980 779 3042 post‘de
789 2979 943 3042 querimoniis
961 2985 1003 3030 rut
1017 2995 1111 3044 putuprc
1117 2995 1193 3030 murs
1201 2989 1247 3033 ιιι

137 3063 239 3126 propter
247 3057 318 3105 indo·
328 3057 487 3106 Bsoobsnuler
496 3056 574 3114 Actis,
586 3056 608 3104 ri
619 3072 671 3119 ιιιω
682 3057 783 3106 nondun
791 3062 914 3110 trnrrctn
924 3056 1017 3124 luerint.

180 3189 212 3246 4.
233 3185 306 3258 Lex,
318 3181 591 3290 Atheniensesque
603 3181 720 3264 publice
733 3201 815 3264 quen
806 3177 935 3262 licet,
917 3182 986 3243 brec
998 3192 1055 3255 est,
1068 3199 1136 3262 quoe
1145 3182 1243 3263 jubet,

136 3290 172 3342 ut
185 3275 349 3351 audivistis,
361 3277 463 3338 haberi
476 3275 649 3336 concionem
663 3276 697 3334 ιιι
713 3277 778 3337 aede
804 3273 918 3338 Bacchi
939 3286 1023 3355 post
1020 3275 1165 3337 terioris.
1207 3278 1251 3338 lu

137 3391 200 3454 qua
212 3379 371 3452 postquam
392 3368 531 3449 praesides
556 3366 594 3428 de
613 3367 864 3429 administratione
878 3366 1009 3448 proetoris
1027 3369 1242 3448 responderint,
1327 3453 1330 3463 .

136 3467 226 3528 etiam
240 3462 352 3542 injurioe
366 3459 396 3521 in
409 3463 487 3523 festo
500 3471 552 3522 aut
564 3459 621 3522 alia
640 3470 744 3521 contra
764 3457 845 3542 leges
862 3461 944 3521 lacta
960 3460 1079 3521 tractari
1103 3449 1245 3524 debeant:

135 3557 318 3620 Praeclaram
331 3553 493 3660 utilemque
515 3575 581 3616 esse
599 3554 676 3614 hanc
689 3552 817 3633 legem
809 3572 875 3632 ipsa
898 3572 945 3613 res
964 3552 1101 3628 ostendit,
1115 3551 1245 3614 Atheni·

134 3647 237 3713 enses.
279 3649 380 3716 Quum
398 3647 487 3721 enim,
508 3656 591 3708 tanto
608 3654 692 3706 metu
707 3643 907 3725 impendente,
922 3655 1020 3707 tamen
1033 3647 1162 3725 protervi
1175 3647 1242 3724 quia

133 3747 207 3808 darn
220 3743 374 3847 exsistant,
388 3739 457 3820 quid
482 3741 519 3801 ab
536 3729 597 3799 isto
621 3757 727 3819 genere
747 3729 899 3799 horninum
917 3735 1152 3820 exspectandum
1175 3731 1239 3814 erit,

133 3837 255 3902 sublato
267 3834 347 3895 omni
366 3831 489 3914 judicio,
507 3830 688 3914 periculique
709 3830 813 3891 metu?
854 3830 1056 3912 Legamvobis
1070 3829 1159 3890 etiam
1172 3843 1239 3890 eam

4 3889 18 3980 ’ἅ
132 3933 234 4012 legem
254 3947 320 4008 quoe
337 3945 375 3987 ex
390 3924 491 3987 ordine
505 3923 655 4014 sequitur:
676 3941 713 3984 ex
732 3944 791 4006 qua
803 3924 983 4006 perspicietis
997 3931 1028 3983 et
1040 3921 1203 3982 aliorum
1176 3941 1240 3984 orn·

7 4043 18 4087 ι’
129 4023 216 4086 nium
229 4040 337 4082 civium
345 4030 532 4103 vestramque
544 4013 761 4096 verecundam,
774 4025 805 4080 et
817 4015 909 4082 ιιιιιιι
915 4015 1133 4080 confidentiam.
1175 4015 1240 4078 lte

1 4106 20 4190 {c
127 4117 193 4182 cita
205 4109 315 4196 legem.
