2932 4952
134 358 136 364 .
199 319 263 378 330
309 341 311 348 ,
492 323 660 410 consur
682 295 1027 384 nursro'omrsmr
1113 286 1152 409 ¹,

139 457 142 470 ¹
199 472 341 536 eirenire
351 482 469 537 noltest
481 479 637 558 integrum,
652 499 717 538 eum
739 478 871 556 neglexit
884 479 921 547 is,
939 477 989 556 qui
1013 475 1076 556 haec
1095 465 1305 552 singulsord‘a
1335 507 1341 512 ·

201 567 291 638 navit,
307 587 402 647 neque
412 582 565 650 propterea
575 573 655 651 quod
666 573 745 650 prius
764 573 852 630 etiam
866 572 923 630 tale
938 570 1009 648 quid
1023 568 1195 646 designarit,
1211 566 1306 630 simila

57 709 66 718 .
116 707 118 711 .
201 658 313 720 crimen
329 661 411 723 ineo
421 665 492 724 satis
506 684 572 724 esse
586 667 740 743 probatum
761 665 895 724 censuit:
918 664 1046 722 sedeam
1059 662 1201 720 rationem
1225 660 1306 718 inre*¹

202 750 256 822 nit,
271 772 330 831 que
352 765 383 813 et
405 755 509 833 pietati
527 759 703 827 consuleret,
717 766 747 814 et
761 755 842 816 illum
864 775 917 814 nec
942 753 1113 813 defensione
1128 773 1182 811 nec
1192 751 1307 827 judicio·

202 842 340 920 privaret.
382 846 462 915 Quid
472 847 561 927 igitur
571 848 661 908 fecit?
701 848 825 908 Judices
835 847 884 906 illo
895 845 1030 916 adduxit,
1039 842 1096 924 quo
1107 845 1148 902 illi
1163 836 1307 906 accedere,

203 933 252 996 fas
266 945 339 1012 erat,
355 937 508 1018 designato
526 941 653 1019 quodam
677 939 805 1018 regionis
826 952 935 998 nostrae
958 927 1101 997 maritimo
1114 937 1190 1009 loco,
1205 935 1255 1014 qui
1269 934 1303 992 ad
1322 1009 1325 1016 Ι

204 1028 376 1091 Phreattam
389 1031 564 1111 appellatur.
607 1031 688 1103 Post,
703 1031 750 1090 ille
768 1050 843 1090 nave
858 1030 1013 1100 accedens,
1022 1031 1116 1088 uerba
1137 1029 1216 1099 lacit,
1231 1038 1320 1085 terra*

204 1141 264 1182 nou
279 1132 434 1184 contacta:
460 1125 501 1184 illi
513 1126 543 1184 in
553 1134 631 1183 terra
641 1124 844 1183 auscultantet
857 1123 1001 1200 judicant.
1045 1121 1135 1186 Quod
1147 1120 1307 1179 sifconvim

205 1214 290 1286 citur,
304 1233 405 1293 poenas
418 1215 472 1276 luit
486 1215 561 1276 cedi
575 1216 747 1277 voluntariae
761 1215 947 1276 constitutas.
988 1214 1083 1292 quue
1102 1212 1220 1272 merito,
1257 1213 1311 1270 Sin

208 1306 377 1377 absolvitur,
390 1307 534 1389 indemnis
553 1307 671 1387 quidem
685 1309 747 1387 ejus
760 1308 887 1366 criminis
902 1307 972 1376 abit,
988 1306 1041 1366 sed
1056 1305 1188 1366 exsilium
1200 1305 1237 1362 ob
1251 1304 1310 1382 pria

206 1416 288 1458 orem
310 1397 422 1459 coedem
442 1399 586 1459 indictum
614 1398 748 1458 sustinet.
790 1401 860 1464 Qua·
882 1398 970 1476 igitur
990 1398 1085 1476 gratia
1107 1408 1190 1456 tanto
1209 1397 1309 1468 studio

207 1497 334 1550 tractata
357 1501 429 1550 sunt
445 1487 515 1551 haec
537 1490 657 1552 omnia?
709 1492 797 1556 Paris
819 1491 976 1569 impietatis
1000 1491 1103 1555 barum
1124 1489 1310 1549 sanctionum

209 1591 312 1642 auctor
321 1603 386 1643 esse
397 1583 523 1656 censuit,
533 1584 579 1644 vel
594 1583 632 1643 ad
645 1585 776 1644 facinora
788 1584 953 1655 connivere,
968 1583 1014 1642 vel
1029 1583 1173 1642 insontem
1187 1583 1311 1660 proseria

161 1711 168 1717 —
208 1675 288 1736 bere.
330 1675 485 1738 Enimvero
499 1678 651 1736 sitantum
664 1677 792 1736 studium
806 1675 969 1745 adhibetur,
985 1667 1122 1752 athi-qni
1139 1675 1200 1753 jam
1219 1673 1312 1732 homi*
1355 1725 1359 1729 .
1457 1633 1458 1662 r

211 1765 288 1828 cidoe
298 1767 421 1846 judicati
435 1779 515 1841 sunt,
529 1768 568 1828 de
580 1769 750 1829 criminibus
772 1778 840 1848 post
861 1769 983 1848 objectis
1007 1787 1038 1826 se
1060 1787 1197 1846 purgare,
1212 1769 1312 1832 venire,

209 1857 242 1916 in
249 1859 405 1938 judicium,
420 1871 450 1920 et
467 1879 586 1920 ornnem
601 1862 768 1940 nequitatem
786 1860 930 1940 consequi·
946 1860 1077 1940 possint:
1099 1860 1314 1938 iniquissimum,¹

210 1949 344 2029 profecto
357 1952 454 2026 luerit,
467 1953 506 2012 de
520 1939 651 2013 nondum
666 1954 812 2022 convicto,
827 1973 857 2012 re
878 1951 1010 2018 nondum
1033 1953 1194 2030 explorata,
1215 1962 1314 2014 utrum

211 2041 323 2116 fecerit,
333 2063 389 2104 nec
404 2065 452 2118 ne,
466 2045 536 2106 item
557 2057 654 2105 utrum
677 2046 788 2106 invitus,
811 2065 849 2104 an
863 2046 966 2104 volens
984 2045 1096 2120 fecerit,
1109 2044 1245 2118 scribere,
1260 2045 1314 2104 de-

213 2135 345 2196 dendum
356 2157 422 2197 eum
433 2157 498 2199 esse
512 2148 580 2198 ante
587 2138 730 2217 judicium
744 2139 814 2217 ipsis
828 2139 1061 2198 accusatoribus.=
1082 2191 1084 2196 .
1174 2177 1176 2182 -

254 2233 304 2291 20.
326 2231 418 2292 Sexta
435 2251 523 2311 porro
547 2232 712 2292 ulciscendi
733 2233 807 2296 ratio
828 2242 928 2306 restat,
943 2235 1048 2312 praeter
1061 2232 1116 2291 bas
1130 2252 1244 2309 omnes,
1255 2251 1315 2310 qua

211 2323 317 2384 itidem
327 2325 484 2404 praeterita,
501 2325 651 2388 decretum
660 2325 718 2385 hoc
736 2325 852 2404 scripsit
865 2325 930 2384 iste.
973 2325 1004 2383 Si
1014 2325 1079 2402 quis
1088 2325 1157 2384 ,hec
1169 2325 1314 2403 ignoravit

214 2414 323 2492 omnia,
338 2415 363 2474 si
372 2417 623 2496 temporaquibus
632 2417 697 2476 haec
713 2417 828 2495 singula
843 2416 979 2476 facienda
992 2416 1131 2488 fuissent,
1139 2418 1316 2495 praeteriere,

215 2506 241 2566 si
251 2507 309 2566 alia
321 2509 458 2588 quapiam
470 2509 509 2568 de
523 2527 617 2568 causa
630 2509 684 2567 tali
695 2509 783 2576 modo
798 2528 883 2568 suum
900 2510 949 2587 jus
965 2509 1099 2587 persequi
1120 2530 1180 2567 non
1194 2511 1267 2578 vult,
1285 2517 1321 2568 et'

215 2597 392 2658 homicidam
415 2610 477 2659 tum
500 2599 531 2658 in
555 2599 682 2678 templis,
698 2609 760 2658 tum
783 2599 951 2678 personum
974 2599 1211 2658 obambulantem
1227 2602 1315 2669 videt,
1346 2644 1348 2650 ¹

216 2689 324 2750 ducere
336 2691 418 2750 illum
434 2692 503 2750 licet
515 2691 545 2750 in
558 2711 716 2762 carcerem,
727 2711 786 2752 non
802 2692 932 2765 domum,
941 2711 997 2750 nec
1011 2711 1070 2770 quo
1081 2693 1187 2770 cuique
1202 2694 1314 2752 libitum

216 2792 273 2856 est,
287 2781 317 2841 id
332 2784 412 2860 quod
427 2793 458 2842 tu
473 2784 656 2852 concessisti.
699 2784 801 2862 quue
825 2785 987 2862 conjectae,
1003 2795 1070 2842 ante
1092 2785 1181 2862 latam
1199 2799 1315 2845 senten·

217 2875 298 2947 tiam,
313 2874 385 2933 nihil
407 2875 525 2935 omnino
545 2877 682 2956 patietur,
697 2877 848 2936 convictus
868 2875 986 2954 quidem
1007 2886 1100 2934 morte
1120 2877 1316 2950 mulctabitur,

218 2966 272 3026 sed
296 2967 497 3036 silaocusator
511 2968 643 3046 quintam
665 2967 868 3044 suffragiorum
887 2978 1000 3047 partem
1021 2987 1081 3025 non
1106 2969 1216 3041 tulerit,
1238 2971 1317 3031 mille

218 3061 374 3130 dracliruas
384 3061 450 3140 ,ipse
462 3062 586 3140 insuper,
598 3062 702 3138 solret.
745 3063 786 3136 At
799 3081 858 3120 uon
872 3061 929 3120 hoc
944 3059 1033 3136 modo
1055 3061 1111 3136 iste
1125 3062 1250 3140 scripsit,
1266 3064 1317 3122 sed

218 3163 249 3212 et
261 3153 644 3225 insontemoriminandum,
659 3162 689 3213 et
714 3153 912 3212 indemnatum
937 3153 1034 3211 statim
1059 3152 1228 3212 dedendum
1243 3177 1319 3230 esse,

139 3280 149 3296 f
219 3245 346 3313 Quod
323 3263 348 3304 ει
360 3245 425 3322 quis
439 3245 614 3318 hominum,
609 3236 663 3305 abt
677 3254 740 3303 tota
753 3245 840 3303 etiam
853 3244 954 3303 civitas
970 3254 1015 3302 tot
1026 3243 1143 3321 legibus
1158 3257 1190 3304 et
1202 3247 1319 3324 iustitu-

218 3338 257 3397 tis
272 3356 350 3416 aure
363 3336 538 3396 enumeratis
554 3357 591 3398 ue
606 3338 803 3408 destruantur,
817 3357 882 3414 quae
902 3346 932 3394 et
946 3355 978 3394 o
982 3345 1065 3394 tensa
1078 3315 1226 3406 divinitus,
1241 3352 1271 3397 et
1284 3341 1321 3415 ab

219 3431 300 3490 omni
313 3450 376 3490 aevo
388 3449 406 3488 a
419 3430 590 3489 mortalibus
605 3440 746 3508 usurpata
760 3429 877 3491 fuerunt
880 3429 1066 3508 ,opituletur,
1081 3441 1113 3488 et
1124 3449 1193 3488 eum
1208 3432 1260 3509 qui
1271 3453 1321 3512 per

219 3522 353 3602 iujuriam
367 3531 397 3580 et
414 3533 518 3582 contra
537 3523 636 3600 legum
652 3521 807 3580 interdicta
820 3521 951 3598 violetur,
966 3523 1077 3602 eripiat,
1092 3522 1255 3582 foederibns
1270 3545 1321 3583 ex-

219 3617 335 3678 clusum
348 3633 414 3674 esse
429 3615 555 3693 scripsit,
571 3614 679 3674 ethuic
693 3625 840 3692 praterea
846 3633 940 3691 neque
955 3613 1149 3684 defensionis,
1153 3636 1261 3693 neque
1272 3617 1321 3694 ju-

218 3709 296 3770 dicii
294 3706 417 3787 copiam
427 3707 506 3778 fecit,
515 3705 606 3764 sedet
618 3705 698 3764 hunc
708 3705 804 3764 statim
817 3705 879 3764 siue
889 3705 1001 3784 judicio
1013 3706 1104 3783 punit.
1148 3707 1238 3772 Quod
1255 3727 1324 3766 nam

215 3799 391 3862 decretum
384 3811 441 3858 rsto
451 3789 598 3858 crudelius
609 3808 661 3856 aut
673 3795 799 3875 iniquius
811 3797 970 3875 excogitari
984 3796 1097 3874 queat?

260 3895 310 3952 21
333 3893 387 3956 Est
409 3911 447 3952 ne
462 3890 560 3952 adbuc
584 3889 668 3949 nobis
691 3889 793 3968 aliqua
803 3890 856 3950 lerr
876 3889 1009 3968 reliqua?
1031 3891 1115 3962 Heus
1136 3901 1168 3950 tu
1186 3892 1328 3969 ostende,

161 4000 164 4008 ¹
218 3985 423 4046 Recitaheuc.
483 4017 485 4020 ·

594 4134 599 4141 ⁶
652 4192 654 4198 1
702 4151 819 4244 ,nuru

255 4318 282 4366 Si
292 4312 345 4378 quis
356 4315 457 4362 violenta
471 4324 548 4364 'morte
565 4317 710 4382 occubuerit,
720 4317 744 4366 in
755 4321 805 4379 ejus
817 4317 927 4366 ultIonaur
941 4317 1078 4364 necessariis
1089 4300 1188 4381 corpora
1199 4319 1328 4382 pignerare

221 4391 385 4448 libandum
397 4395 435 4440 adt
446 4392 517 4438 credis
525 4407 620 4453 *oausam
632 4393 742 4440 dixerint
752 4403 792 4441 aut
802 4395 935 4442 lr'omieidusr
945 4395 1089 4441 dediderint:
1106 4398 1230 4458 capiendis
1246 4405 1329 4445 sulen

214 4457 494 4533 'Wwviofflflffl
503 4469 639 4538 adterrrun
650 4485 723 4533 usque
735 4471 921 4534 progrediantur,
930 4472 989 4545 ultra
1000 4473 1137 4535 belmesio.
1152 4471 1155 4476 ’
1195 4475 1203 4488 “
