2912 4946
257 283 318 343 aar
456 358 474 374 ,ἱ
509 264 682 344 cournn
704 281 1056 346 narsromrounru
1082 283 1106 346 r.

257 435 372 514 legibus
386 447 416 496 et
429 438 614 500 observantia
626 439 724 518 legum
738 440 833 500 ornari
846 440 951 512 omnio,
963 461 1029 501 cum
1044 459 1096 502 vos
1111 437 1175 522 ipsi,
1189 437 1268 504 modo
1280 456 1330 496 om·

256 528 344 588 nibus
369 529 596 593 Atheniensibus
616 531 816 604 sortientibus,
835 541 865 592 et
885 533 964 612 quod
985 534 1056 594 satis
1077 533 1150 606 scio,
1170 529 1329 609 cupientibus

159 627 160 630 ’
257 622 391 682 omnibus
401 624 487 703 liujus
496 624 602 703 judicii
613 625 744 684 ordinem
755 625 890 703 adipisci,
903 627 958 685 soli
972 627 1059 686 nobis
1066 630 1115 701 jus
1127 623 1244 688 dicatis?
1266 619 1331 682 Curi

257 714 338 782 Quia
351 735 415 776 sors
429 718 509 776 vobis
523 717 638 796 obtigit,
660 717 730 795 quia
747 717 849 778 sortito
871 719 972 781 selecti
986 717 1068 786 estis,
1079 718 1150 796 quia
1162 717 1239 794 leges
1251 714 1286 772 ita
1293 715 1331 790 ja-

256 807 339 873 beut.
364 807 421 872 Qui
436 808 522 886 igitur
540 808 596 888 ipsi
609 809 646 869 ex
660 807 776 888 legibus
784 809 860 870 ‘estis
875 808 905 882 in
924 811 1004 871 hunc
1019 809 1149 871 ordinem
1164 807 1254 878 asciti,
1269 803 1333 864 nacti

256 918 335 968 curn,
344 896 395 977 qui
406 901 637 980 contralegesvi
647 899 744 960 dicere
754 909 902 980 satagere
913 900 1024 980 aliquid
1037 900 1174 975 instituit,
1186 895 1333 962 dimittetis?

258 991 363 1070 Neque
376 1003 505 1052 vestrum
522 993 674 1072 quisquam
696 993 768 1055 iram
789 1003 819 1052 et
838 993 1069 1072 indignationem
1082 1011 1175 1058 ,suam
1197 988 1335 1056 declarabit
1411 1051 1414 1064 Ι

257 1093 361 1158 contra
379 1085 480 1146 nefarii
495 1097 527 1144 et
545 1085 725 1164 impudentis
746 1084 872 1147 hominis
892 1084 1049 1146 violentam
1071 1085 1170 1163 legum
1192 1081 1334 1159 abrogatio-

256 1175 347 1244 nemi
368 1177 464 1247 Tune,
492 1177 686 1256 impurissime
707 1177 838 1240 omnium
862 1177 1110 1256 mortalium,‚qui
1130 1195 1254 1258 usquam
1271 1179 1335 1241 aunt,

256 1287 323 1328 cum
338 1267 479 1328 effraenati
492 1269 534 1328 tui
548 1269 605 1329 oris
620 1269 817 1330 audacianon
829 1269 983 1341 cancellis,
995 1287 1054 1336 noa
1065 1268 1188 1341 foribus,
1199 1287 1261 1352 quae
1272 1265 1333 1324 clam

171 1367 175 1384 ⁸
258 1360 361 1438 aperiri
373 1359 499 1428 fortasse
508 1373 633 1440 queant,
646 1360 701 1423 ,sed
715 1372 760 1422 tot
773 1372 804 1421 et
817 1360 904 1423 tantis
918 1361 1047 1433 mulctis,
1060 1359 1157 1439 iisque
1171 1360 1200 1420 in
1214 1359 1277 1428 fano
1290 1355 1334 1420 bli-

254 1472 353 1512 nervae
369 1452 538 1530 assignatis,
552 1465 731 1525 coerceatur,
745 1453 821 1514 ultra
834 1454 898 1512 haec
912 1463 1047 1533 penetras
1061 1453 1101 1522 ri,
1115 1451 1190 1512 etin
1211 1471 1245 1510 ea
1265 1459 1290 1508 te
1301 1449 1335 1506 in·

257 1544 346 1624 geris,
360 1546 496 1622 aquibus
507 1556 536 1605 te
549 1545 631 1624 leges
643 1558 753 1616 arcent,
767 1546 906 1606 exclusus
920 1545 1055 1606 omnibus
1065 1543 1193 1606 civitatis'
1207 1541 1335 1610 institutis,

256 1635 424 1716 cognitione
437 1638 523 1699 trium
541 1639 730 1719 judiciorum,
747 1639 934 1698 accusatione
957 1638 1146 1709 sexvirorum,
1168 1635 1335 1700 accusatione

148 1783 152 1794 .
257 1741 438 1800 exactorum,
453 1731 567 1791 actione
582 1731 699 1811 injustae
714 1730 919 1809 inscriptionis,
936 1747 1023 1808 quam
1038 1729 1101 1808 ipse
1109 1727 1300 1808 persequeris,
1313 1733 1336 1784 ct

258 1833 372 1902 tantum
387 1842 445 1896 non
456 1822 551 1882 ferrea
564 1834 670 1884 catena
682 1823 789 1902 ligatus
800 1842 852 1901 per
864 1822 928 1892 haec
940 1822 1040 1885 omnia
1050 1832 1200 1900 penetras,
1210 1821 1272 1880 liaeo
1281 1837 1336 1878 con·

168 1940 172 1948 r
258 1914 352 1995 tellis,
368 1926 398 1974 et
418 1916 618 2002 contingendis
633 1917 741 1988 causis,
756 1926 786 1975 et
798 1914 880 1976 salsis
895 1913 1066 1977 criminibus
1086 1911 1298 1998 componendis,
1313 1919 1335 1966 te

257 2007 467 2086 rempublicam
482 2028 651 2070 eversurum
664 2007 775 2088 putas?

265 2145 266 2150 1
298 2103 329 2160 8.
350 2100 440 2179 Atqui
455 2120 594 2179 magnum
609 2112 640 2161 et
652 2100 836 2180 perspicuum
851 2099 932 2168 robis
946 2099 1042 2160 dicam
1062 2099 1240 2178 exemplum,
1251 2115 1297 2158 cur
1308 2093 1336 2154 ad

258 2193 316 2258 ista
324 2192 405 2254 nullo
416 2194 504 2254 modo
513 2194 551 2254 sit
559 2193 785 2264 connivendum.
800 2194 832 2254 Si
842 2192 907 2271 quis
918 2191 1081 2252 subitobuc
1089 2191 1256 2270 irrumpens
1265 2189 1337 2254 ditat,

258 2303 275 2354 e
290 2294 361 2345 natu
375 2285 511 2357 minimis,
535 2295 586 2345 art
600 2286 758 2355 ditissimis,
781 2296 838 2344 ant
850 2284 1025 2344 muneribus.
1037 2283 1214 2363 perfunctis,
1236 2290 1282 2340 aut
1299 2276 1336 2338 tali

260 2377 358 2455 aliqua
372 2388 455 2456 parte
470 2387 634 2456 segregata,
655 2387 785 2438 oratores
800 2395 864 2438 esse
879 2377 1042 2456 eligendos,
1056 2397 1124 2444 eum
1147 2374 1238 2434 dubio
1256 2367 1338 2452 procul

258 2469 438 2529 interfecturi
462 2470 536 2541 sitis,
551 2482 583 2528 ut
597 2471 806 2550 rempublicam
819 2479 1007 2544 evertentem,
1031 2468 1198 2548 idquejure
1217 2463 1338 2536 faceretis

260 2563 305 2621 At
318 2561 433 2640 quidvis
447 2555 550 2622 horum
575 2563 668 2622 levius
681 2571 737 2633 est,
755 2580 843 2640 quam
858 2560 883 2620 si
903 2561 970 2640 quis
991 2579 1104 2632 earum,
1127 2579 1166 2620 ex
1187 2559 1287 2645 quibus
1298 2557 1339 2616 iate

259 2665 315 2723 est,
329 2655 467 2732 partium,
481 2651 570 2725 dicat,
583 2653 611 2712 vi
633 2675 664 2714 se
679 2655 876 2738 ingerentibus
898 2653 1016 2720 dicendi
1036 2653 1205 2722 faciendam
1226 2669 1284 2710 esse
1301 2665 1339 2726 pt·

259 2755 407 2816 testatem,
421 2755 473 2804 aut
486 2765 503 2804 e
517 2765 631 2806 carcere
645 2748 764 2826 elapsis,
779 2757 831 2807 aut
842 2747 878 2808 iis
893 2765 1016 2825 quorum
1031 2755 1129 2825 patres
1143 2743 1254 2814 occidit
1264 2760 1339 2822 popa

258 2837 318 2908 lus,
333 2847 382 2896 aut
395 2838 444 2916 qui
459 2837 553 2900 sortiti
567 2839 766 2916 magistratum
784 2838 938 2918 improbati
958 2849 1038 2911 sunt,
1056 2847 1110 2910 aut
1127 2839 1181 2918 qui
1196 2833 1338 2914 reipublice.

252 2931 379 3010 debent,
404 2940 454 3014 aut
467 2931 496 2990 in
511 2931 678 2992 universum
692 2931 1019 3010 ignominiosissimis
1034 2930 1084 3009 qui
1104 2926 1301 3011 improbissimi
1319 2932 1341 2980 tt

261 3033 341 3095 sunt,
356 3033 386 3081 et
398 3023 551 3083 habentur.
585 3024 659 3082 Haec
685 3023 763 3084 cuim
787 3024 816 3083 in
832 3023 889 3092 isto
902 3023 1209 3102 reperiunturomnia,
1221 3032 1250 3082 et
1260 3021 1291 3084 iis
1306 3018 1339 3076 iu·

260 3126 331 3174 sunt
348 3115 396 3194 qui
412 3115 476 3194 ejus
493 3117 626 3185 ,referunt
644 3117 804 3195 ingenium.
840 3117 917 3174 Nam
931 3135 987 3194 ego
1002 3115 1132 3194 quidem,
1156 3115 1341 3178 Athenienses,

260 3208 404 3278 existimo,
415 3227 481 3268 eum
495 3210 533 3274 ob
542 3208 605 3268 haec
619 3209 706 3268 ctiam
722 3229 789 3288 quae
803 3229 881 3268 nrrnc
891 3209 972 3280 facit,
981 3208 1191 3288 jureoecisum
1202 3210 1256 3269 lri:'
1268 3204 1341 3272 mulla

261 3311 358 3366 autem
380 3300 486 3378 magis,
502 3311 553 3372 aut
567 3299 660 3360 nihilo
670 3312 749 3361 certe
762 3302 867 3371 minus,
883 3302 922 3362 ob
943 3319 979 3361 ea
992 3320 1060 3378 quae
1081 3320 1114 3361 se
1134 3303 1278 3364 facturum
1291 3312 1341 3358 este

260 3392 398 3465 ostendit,
412 3393 435 3451 si
450 3392 626 3452 licentiama
640 3393 722 3452 vobis
736 3395 891 3472 acceperit,
904 3402 937 3452 et
948 3393 1237 3474 occasionem,quod
1246 3390 1339 3468 diipre

260 3483 393 3554 hibeant.
414 3484 513 3560 Atque
524 3485 598 3544 adeo
608 3485 771 3550 mirandum
782 3485 1066 3564 luerit-quemquam
1076 3485 1216 3564 ignorare
1226 3494 1343 3546 vestrum

258 3575 348 3650 istum
364 3575 403 3635 ad
417 3575 531 3634 nullum
543 3576 712 3646 honestum,
726 3586 777 3637 aut
790 3576 873 3648 utile,
896 3586 949 3652 aut
963 3577 1116 3656 republica
1136 3579 1259 3658 dignum
1277 3569 1341 3632 adbi-

259 3668 319 3728 beri
335 3687 421 3746 posse
444 3669 644 3740 munus‚—dii
664 3670 741 3730 enim
760 3687 874 3740 omnes,
888 3678 919 3727 et
938 3669 1053 3746 Jupiter
1072 3661 1149 3748 opt.
1169 3671 1252 3734 Max.
1265 3661 1342 3746 prob'r

259 3761 358 3833 beant,
380 3779 417 3820 ne
436 3760 602 3839 respublica
619 3779 655 3819 ea
668 3760 794 3819 virorum
815 3760 928 3821 laboret
939 3760 1049 3839 inopia,
1062 3773 1095 3822 ut
1110 3763 1149 3822 ab
1160 3758 1342 3837 *Aristogitone

260 3852 380 3926 honesti
390 3851 499 3930 aliquid
513 3851 551 3913 sit
564 3851 995 3931 administrandum-,quibus
1006 3863 1106 3912 autern
1116 3853 1148 3913 In
1158 3855 1247 3916 rebus
1258 3844 1344 3926 aliquis

257 3943 366 4002 -belluae
381 3943 464 4004 istius
479 3963 550 4002 usus
572 3963 640 4002 esse
652 3941 755 4022 possit,
773 3963 867 4014 otene
880 3944 1069 4014 usuveniant,
1089 3955 1134 4006 est
1153 3941 1343 4024 exoptandum.

262 4035 337 4108 Quae
351 4035 375 4092 si
389 4035 463 4093 forte
477 4035 621 4110 eveniant,
639 4034 730 4112 major
745 4044 792 4094 est
805 4035 973 4114 reipublicae
986 4037 1121 4109 felicitas,
1135 4058 1191 4098 eos
1205 4037 1252 4118 qni
1266 4030 1344 4095 scelus

259 4124 377 4202 aliquod
389 4127 531 4202 cogitant,
543 4127 705 4204 facinorum
720 4146 818 4188 carere
831 4127 976 4196 ministro,
985 4150 1074 4208 quam
1085 4131 1177 4190 istum
1186 4129 1344 4192 absolutum

261 4226 394 4296 paratum
409 4217 549 4276 iuvenire.
584 4219 673 4286 Quod
686 4219 763 4277 enim
775 4218 892 4280 facinus
906 4231 965 4294 tam
975 4228 1077 4294 atrox,
1093 4234 1156 4282 tam
1170 4219 1343 4303 perniciosum

262 4317 318 4378 est,
337 4307 548 4382 Athenienses,
562 4311 642 4386 quod
655 4311 752 4388 fugiat
762 4311 855 4382 homo,
866 4315 1094 4388 consceleratus,
1110 4325 1146 4396 ct
1156 4316 1251 4394 patrio
1266 4313 1293 4371 in
1304 4327 1343 4386 ptr

263 4399 364 4478 pulum
378 4399 446 4459 odio
459 4396 604 4462 refertus?
625 4403 697 4471 Quis
712 4404 786 4466 alius
799 4406 1009 4487 rempublicam
1022 4409 1114 4489 (quod
1135 4410 1227 4488 absit)
1246 4400 1346 4487 expedi·
