2886 4946
448 695 948 839 ‘wonnnnnrcnn

578 961 822 1036 ANALYsls

283 1143 640 1233 'casmenas
685 1161 800 1229 Pac
845 1162 1099 1231 cosona

110 1415 112 1418 Ι
185 1350 233 1403 Da
245 1346 427 1418 dispositione
437 1345 498 1414 ipsa
514 1343 597 1397 totius
611 1343 740 1396 orationis
753 1343 775 1394 si
788 1343 930 1411 quaeritur,
939 1343 1164 1410 Demosthenem,
1175 1345 1250 1416 quod

151 1433 186 1486 ab
198 1431 353 1486 oratoribus
365 1431 392 1482 in
405 1426 579 1496 causis,.quae
592 1425 665 1494 apud
672 1425 783 1492 judices
795 1428 921 1492 agumm,
933 1426 1049 1494 publicis
1062 1427 1118 1480 fere
1130 1431 1249 1496 postula-

150 1521 203 1576 tur,
215 1514 245 1567 in
258 1519 312 1566 tres
324 1527 384 1565 eam
397 1509 569 1563 distribuisse
580 1511 679 1578 partes,
692 1506 858 1574 Exordium,
870 1505 1033 1574 Argumenti
1044 1511 1246 1575 tractationem,

148 1603 179 1652 et
190 1598 403 1660 Perorationem,
415 1593 527 1647 lecturis
538 1593 618 1646 facile
631 1590 779 1660 apparebit.
817 1589 972 1643 Exordium
982 1590 1005 1658 t.
1020 1593 1115 1644 1-16.
1126 1607 1180 1660 quo
1191 1593 1249 1646 lon·

146 1697 181 1748 ge
191 1678 410 1750 splendidissimo
422 1680 517 1728 ornata
529 1674 694 1744 prodiithaec
704 1674 800 1736 cretio,
809 1673 888 1725 solito
899 1673 1006 1740 longius
1018 1672 1057 1724 ita
1066 1665 1248 1742 compositum

150 1768 202 1828 est,
216 1767 249 1815 ut
260 1759 403 1814 commode
414 1759 499 1827 possit
508 1758 536 1810 iu
548 1757 616 1809 duas
624 1754 762 1823 dispertiri
775 1758 876 1823 partes.
910 1755 1036 1823 Alterat.
1049 1759 1127 1810 1-4.
1135 1756 1200 1810 deos
1209 1759 1250 1810 in-

149 1849 242 1907 vocat,
255 1846 286 1895 ut
295 1841 520 1903 benevolentiam,
531 1854 587 1908 qua
599 1837 697 1905 dignus
712 1838 754 1900 sit,
765 1838 911 1906 fidemque,
921 1837 1027 1905 iegibus
1039 1841 1068 1890 et
1079 1837 1251 1906 jurijurando

150 1927 281 1992 debitam,
293 1926 321 1978 in
332 1924 458 1992 judicum
472 1921 569 1976 animis
579 1921 712 1986 integram
726 1919 776 1971 sibi
788 1923 904 1973 servent.
942 1919 1060 1973 Duobus
1077 1921 1149 1974 enim
1163 1922 1251 1975 maxi-

150 2010 204 2062 mis
217 2025 276 2061 sese
287 2007 356 2061 affici
366 2004 393 2059 in
405 2004 456 2056 hae
468 2005 641 2078 contentione
654 2000 774 2054 ostendit
785 2002 975 2066 incommodis,
987 2004 1102 2071 primum
1116 2006 1251 2072 magnitu-

150 2091 216 2144 dine
227 2107 320 2155 noxae,
333 2103 425 2158 quam,
438 2102 522 2139 causa
533 2084 557 2137 si
569 2083 711 2137 cecidisset
721 2083 879 2152 Ctesiphon,
891 2084 948 2152 ipse
959 2090 1087 2152 capturus
1098 2086 1141 2151 sit,
1152 2086 1251 2139 deinde

149 2175 345 2244 praedicatione
354 2187 450 2232 ,rerum
464 2186 480 2222 a
492 2185 520 2221 se
532 2172 679 2236 gestarum,
690 2182 801 2234 prorsus
811 2168 972 2230 necessaria,
986 2182 1048 2234 quae
1060 2171 1154 2220 contra
1167 2185 1195 2220 se
1212 2170 1252 2242 fa-

148 2260 206 2312 ciat
217 2259 381 2328 plurimum.
417 2255 514 2308 Altera
524 2253 655 2321 §.b-16.
669 2251 759 2314 docet,
769 2250 916 2316 antequam
929 2248 957 2300 in
969 2247 1057 2315 ipsam
1070 2249 1253 2303 Senatusccn·

151 2342 218 2394 sulti
227 2333 412 2394 defensionem
427 2336 605 2405 ingrediatur,
616 2333 784 2385 voluntatem
794 2331 930 2397 judicum,
942 2330 1101 2383 criminibus
1113 2331 1251 2385 AEschinis

154 2423 317 2490 gravissimis
336 2423 361 2477 si
380 2422 449 2474 forte
469 2419 505 2472 sit
521 2419 647 2478 alienata,
657 2414 690 2466 iis
708 2413 857 2475 refutandis
877 2413 928 2464 sibi
941 2427 999 2464 esse
1013 2413 1250 2467 reconciliandam.

156 2505 255 2573 Itaque
267 2505 299 2558 ad
314 2504 436 2570 crimina,
447 2503 512 2555 vitae
529 2500 644 2568 privatae
658 2497 741 2559 dieta,
753 2508 835 2562 qnam
848 2493 1006 2546 brevissime
1019 2494 1041 2562 t.
1053 2497 1079 2548 5.
1091 2495 1130 2547 ita
1143 2512 1252 2564 respon-

145 2589 212 2650 det,
225 2591 256 2640 ut
266 2587 433 2649 AEschinem,
443 2585 528 2638 vitam
540 2577 735 2635 Demosthenis
747 2577 772 2646 §.¹
783 2580 826 2630 19.
839 2581 1005 2644 carpentem,
1016 2577 1094 2644 longe
1104 2583 1165 2646 post
1172 2595 1200 2632 se
1212 2595 1254 2633 re-

135 4673 151 4712 7

151 2671 268 2738 linquat.
305 2671 362 2724 Res
378 2668 476 2721 deinde
490 2663 599 2735 publice
612 2665 702 2728 gestas
721 2660 890 2724 defensurus,
902 2657 924 2725 t.
942 2657 1125 2711 deonantum
1143 2677 1254 2715 accusa·

150 2752 235 2805 tionis
247 2752 404 2814 insectatur,
416 2747 630 2811 AEscbinemqne
653 2742 776 2796 animum
787 2737 1075 2792 malevolentissimum
1094 2741 1200 2812 sibique
1211 2746 1254 2796 in·

151 2835 328 2887 festissimum
341 2832 469 2900 probasse
482 2826 578 2894 arguit,
593 2824 722 2892 primum,
735 2821 810 2892 quod
829 2821 973 2874 malefacta
984 2824 1062 2874 tanta
1076 2839 1130 2876 neu
1146 2827 1253 2894 singola

151 2917 225 2981 olim,
235 2932 287 2970 suo
299 2915 427 2984 quodque
437 2917 568 2979 tempore,
581 2909 669 2960 ultum
681 2906 768 2970 iverit,
782 2904 904 2958 seeundo
913 2905 983 2970 loco,
996 2906 1070 2973 quod
1087 2923 1115 2958 se
1136 2909 1252 2976 ulturus,

151 3015 207 3052 non
219 3015 247 3051 se
260 2999 350 3067 ipsum
362 3009 506 3064 aggressus
518 2993 561 3056 sit,
570 2991 619 3042 sed
630 2992 658 3042 in
667 2986 871 3055 Ctesiphontem
881 2985 1053 3054 petiuslitem
1064 2993 1092 3040 et
1102 3003 1201 3044 ironam
1212 2993 1255 3044 in-

151 3082 281 3138 tenderit.
321 3079 430 3144 Quibus
440 3077 469 3129 in
486 3074 643 3128 universum
660 3069 812 3138 disputatis,
825 3083 890 3121 eum
904 3068 937 3120 de
950 3069 1002 3121 tide
1014 3070 1136 3123 omniurn
1159 3073 1255 3127 adver·

152 3164 213 3216 sarii
223 3161 439 3216 criminationem
450 3158 566 3210 multum
575 3152 746 3216 detraxisset,
757 3153 786 3203 et
795 3163 901 3220 pacem,
915 3165 978 3200 cum
989 3149 1115 3219 Philippo
1127 3169 1144 3204 a
1152 3156 1214 3206 347.
1228 3171 1254 3208 a.

153 3246 217 3299 Chr.
228 3248 285 3298 suis
301 3243 418 3298 'decretis
429 3255 484 3293 non
497 3235 686 3305 compositam,
695 3237 803 3303 purgat,
815 3235 843 3284 et
855 3231 992 3284 AEsebinis
1008 3233 1160 3302 corruptela
1171 3241 1254 3306 atque

152 3328 304 3399 proditione
321 3342 385 3401 cum
396 3312 608 3377 Atheniensibus
621 3322 707 3371 terras
716 3314 841 3368 Thraciae
852 3313 925 3366 inter
935 3329 1030 3382 pacem
1043 3316 1255 3392 confirmandam

154 3429 170 3465 a
182 3412 309 3480 Philippo
321 3411 438 3477 ereptas,
447 3411 507 3459 tum
519 3401 706 3458 Phocensibus
718 3399 776 3466 ejus
787 3397 935 3466 irruptione
947 3412 998 3450 nec
1010 3397 1122 3466 opinato
1134 3399 1163 3453 in
1176 3403 1255 3456 Grae.

154 3497 224 3548 ciam
237 3493 310 3547 facta
319 3492 459 3546 interitum
468 3504 527 3541 esse
537 3479 930 3554 paratum,fusiusetdilucide
939 3480 1070 3548 explicat.
1087 3481 1177 3548 Unde,
1191 3500 1254 3538 cum

154 3580 182 3631 in
196 3578 324 3632 omnibus
333 3577 390 3629 fere
399 3569 555 3629 civitatibus
562 3567 727 3637 proditorum
738 3577 853 3630 magnus
860 3568 1010 3630 proventus
1021 3563 1136 3616 eandem
1147 3565 1256 3618 AEsehi.

153 3662 182 3714 ni
202 3659 349 3713 utilitatem
367 3654 484 3724 Philippi
496 3651 608 3712 foveret,
620 3647 723 3700 factum
744 3661 805 3699 esse
826 3645 1004 3711 demonstrat,
1016 3649 1049 3696 ut
1061 3645 1168 3698 Graecia
1181 3651 1254 3701 statu

154 3761 206 3798 suo
219 3743 331 3813 pristino
342 3740 448 3808 dejecta
457 3737 610 3790 libertatem
624 3731 751 3785 amiserit.

189 3827 255 3878 Jam
267 3822 405 3880 AEsehinis
425 3816 576 3889 proditione
588 3813 760 3868 acerbissime
780 3815 882 3878 notata,
894 3811 1052 3864 innocentia
1067 3825 1117 3862 sua
1127 3817 1254 3882 purgata,

155 3908 190 3960 ad
203 3907 393 3960 tractationem
410 3899 562 3971 argumenti
580 3899 667 3965 ipsam
684 3895 863 3965 progreditur,
875 3909 937 3962 qnae
958 3891 1070 3961 perinde
1083 3891 1151 3944 duas
1163 3899 1254 3964 partes

156 3988 355 4058 complectitur,
370 3984 554 4040 defensionem
571 3977 806 4032 Senatuscensulti
826 3977 849 4044 t,
862 3977 975 4029 18-38.
998 3976 1026 4024 et
1045 3973 1254 4044 descriptionem

159 4083 261 4123 mcmm
273 4072 462 4134 factorumque
479 4060 626 4118 adversarii
643 4061 665 4129 t.
678 4064 792 4114 39-91.
828 4055 868 4109 Ut
880 4057 961 4122 igitur
973 4052 1156 4111 defensionem
1169 4059 1256 4112 Ctesi.

157 4152 265 4222 phontis
275 4169 304 4205 se
309 4148 461 4220 justissime
473 4145 610 4214 suscipere
622 4145 746 4207 testetur,
758 4155 850 4206 rerum
859 4135 983 4188 ordinem
994 4151 1048 4190 non
1060 4138 1093 4190 ad
1106 4142 1255 4194 orationem

156 4233 303 4298 AEscbinia
315 4231 389 4302 qnml
400 4231 444 4282 ille
457 4229 480 4296 ξ.
490 4231 534 4281 69.
547 4227 644 4279 iterum
657 4224 810 4288 iterumque
820 4219 1012 4286 postulaverat,
1022 4219 1070 4271 sed
1082 4221 1117 4272 ad
1134 4221 1253 4275 libellum

152 4317 230 4386 ejus,
242 4317 276 4368 ad
288 4314 458 4369 Archontem
477 4309 609 4372 delatum,
620 4305 700 4372 cujus
709 4301 800 4368 capita
809 4315 889 4368 supra
901 4300 1037 4368 proposui,
1050 4301 1073 4368 ξ.
1085 4304 1127 4356 18.
1144 4317 1256 4370 compo.
1304 4307 1308 4314 ·

155 4403 205 4454 nit.
244 4401 412 4454 ostensurus
431 4395 522 4461 itaque
544 4391 660 4458 primum
673 4386 696 4452 t.
711 4384 745 4437 18
759 4385 885 4436 tim-31.
905 4382 1109 4450 Ctesiphontem
1122 4398 1177 4436 non
1187 4380 1256 4439 'falsa

159 4483 194 4535 de
205 4481 307 4535 virtute
320 4495 369 4533 sua
378 4484 406 4531 et
415 4472 604 4528 benevolentia
615 4467 784 4538 praedicasse,
794 4481 837 4519 res
848 4465 1095 4533 pro'incolumitate
1105 4465 1255 4520 Athenien·
