2932 4952
160 377 165 396 ,
268 315 329 380 ror
549 315 721 384 uorum
743 316 1091 388 snrsrounnrnuf

744 585 904 648 FOEDUS.
921 595 924 602 '

269 727 384 787 Videtis
394 746 460 786 euru
472 737 504 786 et
515 726 671 806 vectigalia
679 737 710 788 et
719 726 848 798 deeimas
860 730 1026 808 postulasse
1040 730 1094 791 sibi
1105 729 1204 809 pendi,
1219 739 1250 788 et
1268 741 1361 790 rursus

268 819 309 880 ite
320 820 425 880 iecisse
439 820 538 893 verba,
551 819 635 898 quasi
650 839 704 878 sua
717 830 794 880 esset
806 822 898 899 regio,
916 823 1018 882 volens
1032 841 1100 881 suos
1122 821 1299 898 decumanos
1313 823 1357 902 jus

269 922 300 991 et
311 913 459 972 arbitrium
472 911 659 990 vectigalium
669 901 787 984 habere,
800 921 831 970 et
843 915 976 974 obsidem
990 914 1121 993 lphiadae
1134 906 1237 986 filium,
1250 933 1331 992 quem
1343 934 1357 972 a
1417 965 1418 972 ,

271 1003 373 1064 Sestiis
389 1014 554 1083 asumptum,
575 1002 767 1068 Athenodoro
780 1023 812 1062 se
826 1005 1001 1064 traditurum
1009 1011 1132 1081 jurarat,
1146 1025 1178 1064 se
1186 1009 1251 1081 jam
1259 1027 1300 1066 ne
1313 1006 1360 1066 da·

269 1095 366 1158 turum
387 1095 507 1174 quidem
527 1095 578 1156 ait.
609 1096 691 1174 Cape
712 1099 1007 1169 senatusconsultum,
1027 1098 1109 1177 quod
1128 1117 1181 1158 vos
1204 1108 1306 1177 postea
1323 1099 1358 1158 le-

269 1188 359 1252 cistis.
392 1185 486 1266 Lege.
732 1233 738 1252 ,
1260 1207 1264 1216 ·

594 1377 1076 1472 srunrusconsuururr.2

271 1510 388 1581 Deinde
407 1539 473 1580 cum
489 1521 518 1580 in
537 1517 690 1579 Thraciam
702 1519 798 1609 =legati
817 1497 911 1580 nostri¹
926 1521 1084 1594 venissent,
1104 1522 1309 1606 Cessobleptes
1328 1522 1358 1581 ad

265 1627 323 1688 'nos
337 1613 378 1674 ita
388 1613 496 1683 scribit,
511 1632 605 1692 neque
620 1611 776 1690 quiequam
788 1613 865 1692 sequi
879 1614 1029 1694 promittit,
1043 1615 1234 1694 reliquiheee.
1255 1616 1358 1676 Recita.

711 1834 927 1896 EPISTOLA.
952 1855 989 1901 ,··

272 1980 378 2046 Recita
393 1977 484 2039 etiam
499 1997 600 2060 regum
623 1977 733 2059 literas,
753 1989 783 2039 et
796 1978 977 2045 considerate
992 1997 1030 2038 an
1053 1975 1126 2037 nihil
1143 1979 1183 2038 de
1203 1978 1290 2040 vobis
1301 1999 1359 2038 eon·

270 2072 353 2154 queri
365 2070 527 2132 videantur.
1013 2069 1016 2074 ’

587 2317 591 2329 ,
676 2283 679 2286 ·
729 2233 906 2349 urrann.

310 2417 360 2477 45.
383 2414 525 2496 Nunquid
538 2417 643 2476 videtis
656 2427 686 2479 et
700 2417 872 2498 intelligitis,
891 2413 1096 2488 Aihenieuses,
1117 2419 1244 2482 hominis
1264 2424 1356 2502 impro-

268 2509 391 2572 bitatem
412 2518 442 2569 et
464 2508 625 2586 perfidiam,
645 2519 680 2573 ut
702 2529 816 2569 sursum
840 2511 982 2590 deorsum¹
995 2511 1230 2590 Cephisodotum
1249 2517 1357 2595 primum

269 2602 381 2686 injuriis
405 2601 530 2687 agitarit,
555 2610 588 2658 ut
610 2619 710 2658 rursus
737 2601 919 2660 Athenodori
943 2612 1023 2662 metu
1044 2602 1198 2679 destiterit,
1221 2617 1255 2666 nt
1276 2608 1357 2668 denuo

92 2747 99 2754 ,
195 2736 197 2740 .
271 2693 428 2760 Chabriam
444 2691 564 2761 ,leserit
580 2701 613 2750 ut
634 2693 738 2752 iterum
759 2712 825 2750 cum
846 2690 1094 2774 Charetepa‘cem
1115 2697 1235 2767 lecerit3
1258 2715 1355 2758 sursum

270 2760 410 2845 deorbiin'
431 2774 558 2843 miscens
580 2783 688 2852 omnia,
710 2781 781 2841 nihil
809 2785 985 2863 simpliciter,
1009 2786 1081 2845 nihil
1103 2791 1169 2862 jure
1192 2810 1296 2868 agens.
1325 2787 1357 2847 Ut

271 2878 390 2949 deinde,
401 2876 531 2956 quandiu
546 2867 651 2934 vestrae
664 2875 755 2952 copiae
769 2875 800 2932 in
816 2875 1012 2956 Hellesponto
1024 2878 1157 2951 aderant,
1171 2881 1257 2941 vobis
1272 2899 1355 2941 asseu-

270 2970 324 3030 tari
339 2979 371 3030 'et
388 2970 487 3028 fucum
508 2955 771 3044 fauere'nunquam
792 2965 953 3027 destiterit:
976 2978 1011 3028 ut
1028 2973 1239 3050 cumprimum
1254 2973 1355 3034 Helles·
1417 2975 1418 3006 ³

182 3097 185 3101 ν
269 3071 400 3142 pontum¹
414 3051 687 3138 exercitu'vaeuum
709 3057 791 3128 vidit,
809 3059 910 3119 statim
923 3059 998 3122 duos
1018 3079 1102 3140 reges
1120 3067 1357 3142 oppugnarem
1417 3127 1418 3146 χ

269 3156 354 3234 perit,
368 3153 450 3226 etde
465 3151 587 3232 imperio.
599 3149 728 3228 dejicere,
736 3150 774 3209 sit
784 3160 921 3224 conanus,
935 3143 1208 3233 ettotuniregnum
1218 3174 1355 3236 occupare,

129 3297 133 3306 ,
216 3235 220 3246 ’
269 3251 454 3328 ipsoevontu
465 3247 600 3316 edoctus,
616 3263 676 3302 non
690 3243 778 3303 licere
792 3244 847 3304 sibi
864 3245 946 3324 prius
960 3245 1056 3308 ullum
1066 3247 1136 3308 faeti
1153 3250 1306 3312 vobiscum·
1315 3250 1328 3308 f
1345 3279 1354 3292 ·

200 3376 202 3380 .
271 3340 350 3406 deris
362 3349 453 3418 caput
465 3337 686 3415 violare,quam
700 3335 754 3396 hos
767 3335 999 3404 exterminasset.
1013 3339 1116 3406 'Quod
1129 3351 1162 3400 ut
1183 3360 1275 3421 quam
1290 3342 1355 3403 fauil-

270 3433 339 3492 lime
352 3430 522 3502 conficeret,
534 3428 592 3488 tale
606 3426 761 3486 decretum
777 3442 802 3488 a·
813 3429 895 3508 vobis
910 3429 1165 3509 impetraritsquo,
1180 3435 1212 3492 id
1233 3435 1309 3516 quod
1321 3433 1353 3490 la·

243 3531 244 3536 ’
270 3534 351 3584 etum
364 3520 1188 3608 essetuisinostraintercessioetssaceu'sutio,obstitisset,
1199 3528 1357 3607 comproba*

271 3629 312 3689 to,
333 3611 489 3676 manifesta
503 3615 582 3674 lacta
597 3615 678 3673 esset
689 3613 793 3692 injuria
814 3613 928 3674 duobus
945 3612 1078 3694 iegibus,
1092 3625 1123 3676 et
1137 3618 1256 3678 illorum
1270 3613 1353 3685 duces,

271 3713 390 3780 Bianor,
407 3707 499 3776 Simo,
516 3705 723 3765 Athenodorus
738 3703 915 3766 calumniam
930 3726 1017 3766 exeo
1038 3713 1296 3772 senatusconsulto
1314 3715 1353 3771 im·

271 3803 449 3884 pendentem
468 3797 670 3868 formidantes,
690 3792 879 3875 quievissent,
894 3808 924 3860 et
937 3799 999 3877 ipse
1017 3800 1067 3884 illa
1080 3803 1214 3880 potentia
1228 3805 1320 3873 fretus,
1332 3813 1354 3862 et

271 3897 360 3955 totius
374 3887 456 3972 reg'ni
467 3885 591 3970 potitus,
604 3887 801 3976 potens'vobis
816 3889 956 3948 inimicus
966 3891 1134 3953 exstitisset.
1161 3893 1264 3956 Habet
1275 3906 1353 3956 auteur

221 3972 224 3978 ’
272 3988 351 4046 omni
363 3978 648 4069 temporetanquam
664 3977 761 4041 arcem
778 3993 807 4039 et
819 3981 931 4060 asylum
946 3982 1005 4064 suis
1022 3985 1229 4060 occasionibus
1243 3999 1353 4067 paratam

273 4078 487 4138 Gordianorum
507 4078 618 4146 urbem,
633 4094 721 4152 quam
740 4075 771 4132 in
789 4074 924 4133 omnibus
936 4075 1102 4137 'foederibus
1123 4079 1177 4138 sibi
1202 4087 1353 4160 ‘exemptam

221 4223 232 4250 Ι
270 4171 371 4238 voluit,
386 4189 420 4228 ac
433 4168 674 4248 ¹denique'palam
694 4187 712 4225 a
730 4165 812 4225 vobis
834 4166 1089 4254 eripuitrAt'nisi
1102 4169 1185 4229 vobis
1204 4173 1353 4250 malecogi·

258 4261 377 4333 tarent,
389 4261 495 4340 sieitra
508 4268 624 4319 omnein
638 4261 739 4318 fucum
756 4269 786 4318 et
799 4260 943 4319 exanimo
960 4271 1088 4322 vestram
1104 4261 1261 4344 amicitiam
1275 4265 1353 4325 colere

269 4353 476 4422 decrevissent,
489 4365 629 4434 quorsum
640 4352 794 4422 attinebat,
804 4370 854 4410 eos
864 4351 919 4410 sibi
931 4352 1086 4414 stationem
1096 4359 1256 4429 reservare,
1270 4358 1352 4422 advos

268 4444 484 4527 oppugnandos
499 4433 717 4524 opportunamt
747 4443 850 4506 Nostis
868 4445 946 4506 enirn
959 4445 1016 4508 hoe
1034 4466 1097 4522 ros,
1113 4446 1163 4527 qui
1184 4449 1246 4512 illic
1265 4449 1352 4519 fuistis,
