2946 4954
475 331 699 418 inversus
722 355 944 443 ιιιιιιιιιιιι.
1186 318 1257 414 ἰιι

64 537 68 546 ’
157 511 292 591 cognitas
306 520 337 570 et
348 521 501 596 perceptas
523 511 634 573 habent
640 537 651 584 3
672 513 724 571 sed
746 522 779 572 ut
798 513 867 591 jura
890 510 1033 590 simplicia
1055 519 1084 570 et
1102 509 1257 589 perspicua

160 603 256 684 legere
273 611 304 662 et
328 602 488 680 intelligere
512 603 611 682 liceat¹
623 605 784 674 omnibus„
810 604 987 682 Quinetiam
1002 613 1072 662 ente
1085 602 1158 674 haec,
1168 602 1258 681 jussit

159 705 226 759 ante
238 697 357 755 Statuas
370 695 510 768 Heroum,
522 717 539 755 a
554 696 658 774 quibus
667 697 882 774 cognominatae
896 697 989 754 tribus
1002 706 1078 768 sunt,
1086 716 1257 775 proponere,

159 787 188 846 et
202 787 306 846 scribae
316 786 441 856 tradere,
455 787 504 864 qui
524 807 588 846 eam
610 788 640 846 in
658 783 847 847 concionibus
870 785 990 866 legeret,
1004 787 1038 846 ut
1057 789 1269 867 unusquisque,

160 885 288 944 vestrum
304 875 922 958 saepe'audita,.etperotium'cousiderata‚
937 899 1050 957 eaquae
1068 881 1148 960 justa
1158 889 1258 940 esseut

159 985 190 1030 st
208 971 291 1030 utilia
313 969 373 1028 suis
388 962 760 1050 suffragiis'comprobaret.
802 972 944 1046 Quemvis
957 973 1056 1050 ‚igitur
1078 981 1122 1030 tot
1135 972 1203 1051 jura
1225 973 1257 1032 iu
1354 1019 1359 1024 -

160 1069 295 1143 promptu
309 1063 378 1133 sint,
393 1061 529 1142 Leptines
547 1073 644 1124 tamen
669 1065 738 1122 nihil
760 1065 862 1124 horum
889 1064 975 1132 fecit;
998 1085 1053 1124 nec
1076 1065 1256 1126 enimvobis

118 1195 128 1208 .
159 1177 287 1236 unquam
299 1159 469 1236 persuasum
480 1167 568 1229 esset,
580 1157 691 1236 opinor,
701 1168 736 1216 ut
749 1153 844 1236 legem
854 1158 1095 1232 hancjuberetis:
1111 1177 1165 1216 nos
1173 1176 1255 1232 quero,

160 1250 365 1320 Athenienses,
380 1249 486 1325 omnia,
501 1248 655 1325 legemque
668 1249 737 1307 item
748 1249 954 1308 substituimus
974 1250 1068 1310 multo
1085 1249 1170 1308 istius
1190 1249 1256 1329 lege

159 1340 401 1420 proestantiorem,
425 1347 463 1396 et.
481 1337 660 1414 aequiorem.„
702 1340 737 1404 Id
760 1339 844 1416 'quod
864 1339 979 1416 ¹audita
1001 1345 1045 1398 re:¹
1060 1340 1256 1418 cognoscetis.

162 1435 244 1510 Cape
259 1441 289 1490 et
303 1430 395 1489 recita
406 1429 531 1506 primum
545 1447 611 1505 quse
625 1428 654 1486 in
669 1428 752 1488 istius
764 1420 829 1506 lege
838 1429 1047 1501 accusavimus,
1059 1431 1176 1504 deinde,
1190 1451 1257 1510 quae
1367 1455 1374 1472 ι

161 1524 355 1585 illorumloco
370 1523 438 1601 poni
449 1521 556 1579 debere
567 1519 732 1580 asserimus.
774 1519 888 1580 Recita.

295 1671 299 1684 i
423 1779 427 1784 .
477 1723 798 1785 ACCUSATIONES
819 1724 953 1784 LEGIS.

106 1901 107 1904 ’
163 1888 238 1946 Haec
253 1893 321 1943 sunt
335 1901 401 1960 qum
424 1881 455 1948 in
476 1881 533 1940 ista
546 1879 612 1958 lege
624 1881 805 1954 damnemus,
819 1889 958 1958 tanquam
974 1898 1032 1938 nou
1048 1849 1260 1951 convenientia.

164 1977 369 2050 Recitaetiam
385 1995 420 2033 ea
441 1989 507 2051 quse
532 1984 703 2053 sequuntur,
717 1992 783 2051 quse
797 1973 858 2032 istis
877 1973 992 2058 petiere
1013 1971 1145 2030 dicimus.
1188 1972 1261 2032 Ani·
1287 2017 1292 2034 ,

163 2070 347 2141 madvertite,
358 2068 378 2128 J
381 2067 490 2139 udices,
505 2067 573 2124 dum
587 2066 650 2126 hoec
664 2066 812 2144 leguntur,
827 2065 991 2145 diligenter.
1033 2063 1147 2125 Recita.

536 2271 614 2331 LEX
635 2269 898 2331 SUBROGATA.

165 2429 285 2489 Desine.
329 2428 394 2488 Hoc
418 2428 506 2506 igitur
519 2435 567 2486 est
586 2425 753 2504 inreceptis
767 2425 892 2504 legibus,
908 2425 1114 2497 Athenienses,
1128 2425 1264 2508 pqlerum¹

161 2532 193 2579 et
219 2521 481 2599 perspicuumst
515 2515 618 2578 dona
644 2537 722 2596 qute
755 2518 926 2597 Populus
958 2516 1263 2592 conces-situata

163 2614 259 2674 sint:
277 2613 390 2691 justum
404 2612 460 2672 hoc
485 2621 537 2684 est
553 2611 681 2681 omnino,
702 2611 817 2684 medius
840 2611 946 2670 fidius!
988 2609 1154 2672 Decuisset,
1166 2609 1264 2688 igitur,

163 2707 314 2786 Leptinem
330 2725 390 2765 non
402 2706 480 2784 prius
500 2723 583 2772 suam
596 2704 669 2762 serre
678 2702 791 2781 legem,
806 2724 894 2782 quam
910 2715 1037 2763 veterem
1050 2705 1128 2764 hanc
1141 2724 1263 2765 accusa·

163 2808 225 2858 tam
239 2799 429 2876 abrogasset.
451 2817 528 2854 nunc
544 2815 612 2854 vero
628 2815 704 2868 cum
724 2815 799 2868 eam,
820 2816 875 2857 ceu
889 2797 1086 2880 testimonium
1101 2805 1203 2856 contra
1218 2817 1264 2856 se·
1353 2789 1356 2796 ’

163 2889 321 2966 metipsum
335 2888 481 2965 reliquerit
494 2889 601 2966 legum
606 2907 624 2945 a
638 2907 669 2945 se
683 2887 866 2958 violatarum,
877 2887 1110 2947 nihilominus't
1073 2898 1110 2946 rst
1111 2907 1158 2946 arn
1167 2888 1263 2965 legem

164 2982 254 3050 tulit;
256 2981 371 3058 idque,
392 3001 458 3056 curn
487 2980 543 3040 alia
566 2980 629 3040 lex
621 2979 752 3057 jubeat,
775 2991 806 3037 et
836 2979 879 3037 ob
909 2979 976 3038 hoc
1013 2980 1263 3060 accusationi

164 3073 368 3134 obnoxiam
396 3093 499 3146 esse,
522 3072 552 3130 si
581 3071 771 3142 veteribus
811 3068 991 3148 legibus
1013 3071 1262 3130 adversetur.
1287 3123 1292 3135 ,

167 3167 249 3245 Cape
263 3166 476 3244 ipsamlegem.
577 3199 581 3206 ·
638 3195 640 3202 v

629 3389 638 3430 .’
670 3367 760 3426 LEX.
836 3413 842 3430 ι

169 3517 429 3588 Contrarium't
375 3525 428 3602 rgi
417 3534 462 3583 tur
477 3535 531 3595 est,
546 3499 761 3604 Athenienses,
769 3533 848 3580 rata
867 3540 950 3582 esse
971 3520 1075 3579 dona
1083 3515 1177 3597 quse
1199 3521 1263 3578 Po-

166 3607 322 3700 pulus
305 3616 469 3689 dederit,
490 3615 674 3684 neminem
694 3631 835 3673 eorum
864 3614 1062 3674 immunem
1083 3631 1180 3673 esse
1187 3611 1265 3688 qui-

166 3713 235 3798 bus
269 3707 432 3787 Populus
467 3707 506 3766 id
536 3705 710 3768 dederit?
745 3689 893 3765 evidenter
919 3706 1049 3784 utique.
1071 3704 1282 3782 Nequaquam

165 3820 237 3862 vero
252 3800 282 3859 in
295 3799 351 3858 hac
364 3799 430 3876 lege
445 3799 583 3878 quaejam
597 3796 790 3878 substituitur,
805 3797 882 3880 idem
906 3797 1062 3880 usuvenit:
1032 3793 1140 3854 tsed
1154 3806 1218 3859 turn
1231 3803 1267 3853 ea

167 3913 236 3974 quse
250 3911 303 3950 vos
318 3891 450 3962 dedistis,
464 3901 528 3972 rata
541 3900 620 3976 sunt,
635 3899 697 3948 tum
710 3891 800 3966 justa
818 3890 847 3948 in
863 3909 914 3950 eos
929 3889 1004 3972 actio
1020 3885 1201 3972 relinquitur,
1217 3887 1268 3962 qui

167 3988 217 4047 vel
230 3984 334 4052 fraude
349 3984 478 4066 ahquid
471 3992 674 4063 impetrarunt,
688 3983 735 4067 vel
751 3983 910 4062 deinceps'
903 3987 978 4056 injus
980 3987 1122 4066 teagunt,
1130 3977 1176 4054 vel
1189 3996 1269 4056 pror·

170 4100 223 4140 sus
231 4053 358 4157 indigni
384 4087 462 4150 sunt,
478 4097 536 4155 qua
554 4077 683 4148 actione
690 4076 853 4152 cuicunque
866 4067 949 4133 vobis
963 4071 1057 4131 visum
1079 4058 1142 4143 erit,
1162 4069 1271 4138 donum

169 4171 312 4260 eripieris.
356 4169 462 4230 Recita
482 4168 586 4250 legem.
642 4228 645 4234 ,
754 4199 755 4202 ¹
