2920 4950
556 593 869 680 Abeunt

591 789 837 886 nunnrsrs
1018 917 1020 924 Α

399 1003 720 1074 ORATIONIS
758 1007 829 1073 DE
863 1003 1021 1072 PAGE.

586 1239 590 1252 .
615 1189 796 1264 Propositum.
857 1146 859 1154 Ι

195 1307 286 1373 Quone
295 1323 368 1362 vana
379 1307 606 1379 pollicitationum
619 1309 708 1378 specie
720 1309 863 1378 Philippus
871 1307 1026 1380 induxisset
1037 1307 1218 1364 Athenienses
1227 1314 1258 1365 ut

161 1403 253 1445 secum
271 1407 369 1460 pacem
386 1392 515 1457 facerent,
528 1393 619 1446 statim
636 1391 835 1459 Thermopylas
855 1390 1010 1458 occuparit,
1028 1406 1060 1443 ac
1072 1391 1259 1446 Phocensibus

161 1471 257 1541 injecit
265 1476 393 1536 terrorem
407 1474 455 1542 qui
465 1473 515 1526 sibi
528 1471 688 1541 semetipsos
700 1469 872 1526 dediderunt.
883 1473 972 1524 'Tunc
983 1478 1133 1526 convocato
1144 1471 1259 1543 Amphi·

161 1559 293 1624 monum
309 1555 435 1624 concilio,
448 1572 482 1608 ec
493 1571 551 1609 rem
570 1554 689 1608 adduxit
699 1559 733 1607 ut
751 1557 914 1607 statueretur
924 1553 1105 1607 Phocensium
1119 1554 1200 1607 urbes
1211 1573 1262 1624 pes

160 1639 234 1691 nitus
252 1654 313 1693 esse
330 1638 486 1705 diruendas,
499 1654 531 1690 ac
551 1638 607 1692 fore
622 1641 654 1690 ut
664 1637 723 1706 ipse
734 1637 763 1689 in
774 1653 869 1689 eorum
889 1636 950 1688 loco
962 1638 1056 1704 postea
1067 1636 1174 1689 sederet
1187 1637 1260 1692 inter

160 1719 386 1790 Amphictyonas.
409 1720 490 1776 Misit
502 1719 689 1773 Macedonum
708 1737 758 1772 rex
773 1720 807 1772 ad
824 1721 983 1772 Graecorum
1000 1718 1181 1786 quorumdam
1193 1717 1260 1773 civi·

160 1803 231 1856 tates
250 1803 300 1872 qui
321 1803 438 1856 concilio
456 1818 511 1856 non
531 1803 674 1866 affuerant,
690 1800 897 1871 praesertimque
918 1800 1138 1867 Atheniensium,
1157 1806 1190 1855 ut
1206 1801 1268 1871 ipsi'

160 1887 250 1939 ratum
259 1885 393 1938 baberent
404 1886 480 1954 quod
492 1887 625 1937 statutum
634 1884 731 1937 luerat.
743 1883 953 1947 Demosthenes,
962 1883 1087 1951 quamvis
1096 1899 1193 1951 pacem
1204 1899 1261 1937 non

160 1967 296 2036 probaret,
309 1967 360 2020 bae
376 1966 499 2020 oratione
511 1966 610 2020 suadet
621 1967 676 2024 suis
687 1970 719 2019 ut
730 1966 818 2035 petita
831 1965 994 2028 concedant,
1010 1981 1045 2018 ne
1058 1964 1162 2020 infestis
1174 1965 1259 2019 totius

161 2050 278 2104 Graeciae
291 2049 373 2102 armis
390 2053 591 2117 oppugnentur.
622 2048 716 2111 Quum
735 2054 828 2101 autem
840 2047 940 2100 alicubi
958 2050 1051 2100 orator
1071 2047 1193 2100 AEschini
1209 2065 1260 2102 ex·

160 2132 336 2202 probrarerit,
353 2130 427 2201 quod
439 2147 512 2184 unus
523 2129 620 2184 faverit
631 2126 761 2200 Philippo
772 2130 885 2199 petenti,
895 2132 974 2198 putat
986 2119 1119 2182 Liba'nics
1131 2130 1260 2199 scriptam

160 2213 244 2267 luisse
255 2215 417 2280 orationem,
433 2217 462 2266 at
477 2213 659 2277 condictam,
674 2229 710 2265 ne
729 2213 846 2280 aseipso
863 2211 1008 2264 dissentire
1018 2209 1145 2264 rideatur
1156 2211 1260 2265 Demo·
1315 2197 1319 2208 “

161 2296 279 2350 sthenes.
297 2295 436 2364 Equidem
447 2293 565 2348 Libanio
575 2311 630 2347 nou
640 2293 787 2347 assentior:
800 2309 862 2346 nam
873 2296 1057 2362 praeterquam
1067 2293 1140 2361 quod
1148 2310 1203 2348 non
1213 2311 1261 2364 ap·

161 2382 238 2448 paret
249 2393 299 2432 cur
314 2378 361 2430 ille
382 2393 437 2430 non
455 2376 599 2429 dicendam
617 2377 768 2446 scripsisset
788 2376 946 2440 orationem,
967 2391 1021 2428 non
1039 2375 1113 2428 idem
1132 2382 1183 2442 est,
1202 2379 1260 2448 imoj

162 2462 240 2516 valde
253 2459 404 2524 diversum,
417 2459 501 2512 alicui
512 2457 617 2526 petenti
629 2459 729 2523 favere,
746 2475 778 2510 ac
790 2459 904 2512 suadere
922 2462 954 2511 ut
972 2473 1027 2510 non
1044 2456 1201 2525 rejiciantur
1212 2477 1260 2532 pe·

162 2541 219 2611 tita,
230 2558 315 2596 causa
326 2540 465 2609 temporis,
477 2554 511 2592 ne
522 2539 587 2592 iude
597 2538 686 2606 majus
697 2540 903 2594 incommodum
914 2544 1055 2609 exsurgat.

633 2670 787 2726 Exordium.

196 2779 325 2849 Exponit
335 2777 520 2831 difficultatem
536 2793 610 2832 nunc
623 2778 680 2832 suis
697 2777 840 2845 suadendi,
858 2779 919 2832 tum
936 2778 972 2832 ob
988 2794 1080 2832 rerum
1086 2781 1260 2847 praesentem

164 2861 396 2930 antummum
415 2861 539 2914 habitum
558 2862 719 2914 animorum
743 2861 821 2915 Dicit
837 2864 931 2914 tamon
950 2877 984 2915 ea
1003 2877 1149 2916 suasurum
1168 2879 1260 2931 seper
1329 2913 1332 2920 ι

163 2961 225 3014 quse
236 2945 419 2999 emendentur
428 2944 575 3013 prasentia
585 2947 614 2998 et
626 2943 726 2996 amissa
736 2947 940 3013 recuperentur.
1038 2962 1052 3030 Ὺ·

616 3073 796 3148 anfimnatio.

198 3189 235 3242 1⁰.
251 3185 321 3239 'thes
331 3184 413 3238 refert
423 3182 581 3237 occasiones
592 3183 621 3238 in
633 3184 734 3254 quibus
745 3199 782 3236 ex
793 3198 882 3236 rerum
902 3181 1001 3235 eventu
1013 3181 1102 3248 patuit
1114 3195 1144 3234 se
1155 3180 1261 3252 optima

164 3264 503 3333 admonuissemus
514 3266 588 3335 prius
599 3281 683 3320 eausa
690 3281 741 3318 cur
752 3281 786 3318 ea
797 3263 902 3330 praeteri
914 3260 1050 3316 statuerit.

197 3353 237 3403 Ψ.
255 3347 386 3402 Ostendit
398 3363 480 3417 quam
490 3347 527 3402 ob
543 3349 680 3402 rationem
690 3347 742 3400 sibi
752 3347 787 3402 ad
799 3345 933 3416 populum
943 3344 1142 3422 Atheniensem
1158 3344 1261 3401 dicenti

164 3435 241 3484 recta
252 3435 281 3484 et
291 3430 370 3484 utilia
382 3431 473 3483 statim
482 3434 636 3484 occurrant.
795 3475 797 3484 .

196 3517 236 3568 3⁰.
256 3513 337 3568 Ponit
348 3511 686 3582 tanquamprinoipium,
674 3525 729 3564 uon
740 3486 921 3579 rumpendam
932 3524 992 3562 esse
1002 3523 1109 3578 paoem,
1122 3525 1176 3564 non
1186 3463 1262 3581 quod

164 3596 293 3666 praeclara
305 3595 348 3659 sit,
360 3595 409 3648 aed
421 3594 495 3663 quod
507 3592 595 3646 satius
606 3593 687 3646 fiuent
702 3610 764 3647 eam
777 3609 833 3647 non
851 3592 909 3646 ieri
925 3607 1008 3662 quam
1025 3593 1126 3646 tactam
1138 3591 1261 3654 dissolri.

197 3679 236 3732 4⁰.
257 3677 311 3730 Per
321 3675 465 3732 ratiocinia
476 3679 505 3728 et
517 3677 647 3746 exempla
657 3674 744 3730 fusius
757 3676 839 3730 docet
851 3673 1066 3730 Atheniensibus
1084 3689 1143 3729 esse
1158 3691 1262 3750 preeoa3

163 3759 282 3817 rendum
294 3775 330 3815 ue
345 3758 461 3827 singulae
479 3757 612 3823 civitates,
630 3761 725 3812 eontra
744 3773 822 3811 suam
840 3757 961 3827 ipsorum
978 3757 1133 3821 utilitatem,
1149 3758 1262 3825 privatis

165 3840 277 3912 quidem
288 3840 437 3894 inimicitiis
449 3843 478 3894 et
495 3840 697 3908 offensionibus,
708 3844 738 3894 at
750 3840 890 3894 communi
901 3842 1048 3908 praetextu,
1059 3839 1088 3892 in
1100 3839 1200 3894 bellum
1213 3841 1262 3937 “ii

163 3939 258 3978 rusus
267 3923 342 3992 ipsos
356 3923 504 3993 rapiantur,
517 3937 550 3976 ac
567 3922 682 3994 proinde
696 3923 884 3978 universorum
896 3921 1054 3976 Graecorum
1064 3920 1202 3990 impetus'
1194 3924 1261 4048 rpais

165 4005 318 4062 monendi
330 4006 423 4061 sint.

163 4091 237 4154 ..θ’
256 4081 411 4145 Concludit
427 4087 646 4158 respondendo·
628 4103 662 4143 ns
672 4103 722 4158 qur
713 4039 871 4156 negabant
881 4084 945 4138 belli
959 4091 1036 4140 metu
1058 4086 1183 4142 iacienda
1199 4104 1261 4158 esse

166 4187 271 4241 eaquae
283 4169 331 4224 alii
339 4170 482 4238 jusserint,
493 4172 523 4223 et
531 4170 611 4238 plura
622 4168 862 4225 commemorando
877 4182 942 4236 quse
953 4166 1135 4234 Athenienses
1147 4185 1260 4235 conoes-
1309 4177 1312 4194 '

165 4256 247 4310 serim
257 4255 294 4308 ob
306 4269 401 4324 paoem
414 4253 458 4307 rel
469 4251 650 4309 obtinendam
661 4255 705 4308 vel
714 4254 886 4315 servandam.

197 4337 270 4392 Hac
282 4336 369 4390 oratio
378 4335 452 4390 dicta
463 4339 505 4390 est
516 4349 588 4390 anno
598 4336 678 4391 tertio
686 4334 848 4406 olympiadis
857 4345 940 4402 cvtu,
948 4333 1000 4388 sub
1010 4333 1111 4406 Archia
1122 4332 1259 4388 archonte.
