2932 4952
221 277 278 338 ³48
577 275 748 339 CONTRA
771 275 944 340 mmmm.

122 500 128 526 Ι
220 431 313 506 nium,
326 453 413 514 quern
432 435 613 516 apertissima
630 443 748 498 comtm
767 435 797 496 in
809 425 871 496 rita
883 445 967 496 tanta
980 435 1116 516 superbia
1135 447 1167 498 et
1188 435 1316 510 omniurn

220 522 372 586 hominum
386 527 525 607 despectu
538 547 604 595 csse
617 528 767 606 refertum,
779 538 813 587 ut
822 529 909 588 etiarn
924 527 975 600 illi,
987 547 1055 589 cum
1067 527 1173 607 quibus
1187 529 1239 589 tibi
1250 529 1319 588 nihil

221 628 268 678 est
276 618 395 699 negotii,
409 629 489 680 tuam
504 620 712 702 confidentiam
725 609 880 692 atrocem,
895 631 925 680 et
937 621 1149 694 tumultum,'et
1161 621 1318 692 ministros,

223 722 256 772 et
269 713 459 792 opulentiam,
470 725 500 774 et
508 709 652 776 'ferociam
665 715 728 774 siue
746 713 848 774 dolore
862 723 996 794 spectare
1015 732 1075 773 non
1088 714 1214 794 possint,
1234 715 1266 773 iu
1275 715 1320 793 ju·

191 839 193 844 ·
224 804 302 866 dicio
315 795 542 866 misericordiam
562 807 659 866 statim
679 806 890 886 consequeris?
912 805 1056 884 Magnum
1076 805 1196 884 quidem
1215 804 1321 884 princi·

224 901 337 979 patum,
346 899 393 958 rel
403 899 501 979 potius
515 909 608 960 artem
622 899 775 970 inveneris,
795 900 821 958 si
832 898 906 958 duas
918 917 964 957 res
977 898 1055 958 inter
1068 917 1101 958 se
1114 897 1241 957 manure
1255 917 1322 958 con·

222 989 327 1052 trariar
345 1001 405 1052 tam
418 991 508 1072 paulo
521 1001 667 1052 momento
680 990 732 1051 tibi
754 990 811 1071 ipsi
834 989 1014 1052 circumdare
1037 1001 1159 1070 posses:
1184 989 1320 1050 invidiam

226 1103 263 1146 ax
282 1083 350 1144 vitae
371 1083 535 1154 insolentia,
550 1083 777 1144 misericordiam
796 1103 833 1142 ex
847 1085 1021 1163 impostura
1040 1082 1134 1143 Nulla
1146 1082 1199 1142 tibi
1214 1083 1323 1142 ratione

225 1175 312 1237 tribui
322 1185 421 1262 potest
433 1176 638 1248 misericordia,
650 1175 789 1257 quicquid
798 1177 974 1250 intueamur,
988 1175 1040 1236 sed
1050 1167 1163 1250 contra,
1171 1171 1283 1246 odium,
1295 1185 1324 1236 et

226 1266 347 1350 invidia,
361 1267 564 1350 etiracundia.
598 1269 674 1328 Hac
688 1267 764 1328 euim
777 1268 907 1328 mereris.
939 1267 1000 1328 Sed
1013 1267 1084 1328 illuc
1097 1268 1197 1340 redeo,
1211 1268 1251 1328 ad
1264 1268 1324 1348 ejus

228 1361 448 1421 accusationem
461 1359 573 1440 populi,
583 1369 614 1422 et
627 1359 786 1421 concionis.
808 1360 898 1428 Quod
912 1360 961 1420 ubi
975 1359 1076 1432 faciet,
1084 1360 1213 1440 cogitate
1227 1361 1324 1420 vobis-

229 1473 308 1524 cum,
332 1453 457 1531 judices,
484 1453 573 1514 istum
599 1452 711 1531 equites
732 1451 944 1512 commilitones
966 1453 1046 1525 suos,
1073 1471 1142 1512 cum
1162 1452 1325 1533 Olynthum

228 1546 363 1622 ivissent,
376 1544 416 1605 ad
429 1563 483 1605 vos
496 1545 527 1604 in
540 1545 710 1628 concionem
728 1563 923 1624 progressum,
938 1563 1105 1605 accusasse.
1126 1545 1214 1606 Nunc
1228 1566 1326 1607 rursus

231 1637 312 1719 apud
325 1637 440 1717 eos-qui
453 1636 522 1697 foris
536 1637 670 1710 militant,
688 1637 844 1698 occasione
858 1646 1039 1718 exspectata,
1052 1638 1193 1718 populum
1208 1658 1328 1700 accusa·

231 1741 340 1792 turum.
372 1729 479 1790 Utrum
498 1728 586 1809 igitur
596 1749 648 1790 vos
663 1731 727 1818 siro¹
737 1731 914 1807 manseritis,
929 1731 990 1792 sire
1002 1730 1161 1800 exiveritis,
1177 1730 1252 1791 tales
1265 1753 1329 1811 per·

230 1822 324 1883 hiberi
345 1841 405 1890 non
422 1822 605 1895 recusabitis,
624 1821 725 1901 quales
745 1822 853 1884 Midias
873 1822 956 1893 iacit,
980 1840 1019 1882 an
1039 1833 1142 1882 contra
1158 1823 1258 1901 potius
1276 1825 1329 1884 iste

233 1933 348 1994 temper
368 1923 398 1975 et
418 1913 527 1992 ubique
546 1913 603 1974 diis
617 1913 726 1974 invisus
746 1913 801 1975 erit
822 1925 854 1974 et
876 1914 1097 1975 exsecrandusl
1128 1913 1196 1993 Ego
1211 1916 1329 1995 quidem

154 2019 156 2024 '
233 2005 336 2088 opinor
361 2007 450 2066 istum
476 2006 581 2066 talem:
602 2025 671 2066 nam
697 2023 787 2085 quem
810 2025 870 2066 non
891 2007 1015 2084 equites,
1034 2023 1094 2066 non
1113 2006 1250 2086 collegas,
1272 2028 1329 2068 non

233 2098 319 2158 amici
332 2097 406 2158 ferre
421 2106 557 2179 possunt,
570 2099 643 2178 quid
657 2099 695 2160 de
708 2119 745 2159 ec
758 2099 916 2158 dicendum
930 2098 997 2158 esti
1064 2121 1066 2138 ¹

274 2194 324 2254 55.
345 2191 450 2252 Jorem
460 2201 563 2262 testor,
573 2190 795 2270 esApollrnen,
804 2203 891 2270 atque
913 2192 1243 2264 Minervam-dicetur
1255 2197 1332 2255 enim

236 2286 298 2348 sire
310 2283 504 2364 profuturum,
524 2283 585 2336 sire
598 2282 763 2339 nociturum
777 2279 864 2352 sit-—,
879 2301 947 2342 curn
963 2284 1016 2342 iste
1031 2305 1063 2343 se
1077 2287 1259 2364 transegisse
1272 2308 1332 2347 me·

235 2396 302 2448 cum
313 2448 316 2454 Ι
326 2374 515 2440 fabularetur,
531 2372 691 2449 apparebat
704 2373 858 2447 quosdam,
873 2377 922 2450 qui
940 2375 1048 2434 blande
1068 2378 1188 2436 omnino
1211 2397 1281 2439 curn
1299 2401 1333 2440 eo

237 2469 335 2532 solent
351 2464 488 2542 colloqui,
511 2463 634 2523 moleste
658 2462 741 2522 serre.
784 2463 878 2543 quue
903 2465 1016 2526 medius
1039 2469 1126 2528 fidius
1150 2471 1194 2530 eis
1218 2474 1333 2536 minime

236 2561 307 2634 sitio
320 2555 503 2620 vertendum.
545 2555 610 2632 Nec
633 2554 711 2614 enirn
729 2554 798 2614 l'erri
819 2564 918 2634 potest
936 2556 1037 2631 bomo,
1051 2559 1104 2618 sed
1119 2569 1149 2620 et
1162 2563 1243 2623 solus
1255 2565 1334 2626 dives

239 2663 295 2726 est,
310 2660 341 2711 et
358 2650 499 2728 eloquens
511 2649 602 2716 solus,
616 2657 647 2706 et
660 2664 762 2707 omues
780 2647 807 2707 ei
827 2659 895 2711 sunt
914 2649 1085 2728 quisquiliae,
1099 2661 1130 2711 et
1147 2657 1288 2732 mendici,
1302 2679 1335 2720 ac

239 2763 277 2806 ne
287 2743 420 2804 homines
433 2739 561 2819 quidem.
585 2738 662 2797 Eum
675 2739 774 2817 igitur,
784 2742 834 2819 qui
847 2749 931 2826 tanto
944 2742 1020 2802 fastu
1034 2750 1142 2822 turget,
1153 2746 1178 2806 si
1191 2767 1272 2810 nunc
1286 2749 1335 2812 ab·

240 2836 382 2905 solvatur,
396 2831 467 2913 quid
479 2832 622 2891 iacturum
637 2829 769 2910 putatisi
794 2831 830 2892 ld
843 2844 998 2912 quopacto
1013 2853 1194 2916 cognoscere
1207 2843 1336 2920 possitis,

238 2940 300 3010 'ego
311 2928 425 2996 dicam}
448 2923 472 2986 si
486 2943 503 2985 e
520 2923 621 3004 signis,
634 2943 702 3002 quae
721 2933 825 2984 secuta
846 2933 917 2983 suut
934 2925 1035 3004 populi
1053 2930 1265 3007 praejudicium,
1278 2943 1351 2995 rem¹

241 3019 403 3084 aestimetis.
443 3017 518 3086 Quis
532 3015 608 3077 enim
631 3025 686 3088 est,
709 3015 771 3094 qui,
790 3015 962 3096 prejudicio
981 3017 1150 3094 damnatus,
1163 3024 1340 3088 violatifesti

241 3111 412 3195 praesertim,
429 3109 543 3170 etiamsi
556 3109 668 3186 nullum
682 3108 762 3170 aliud
773 3108 934 3188 periculum
949 3119 1001 3168 aut
1014 3109 1170 3173 discrimen
1193 3119 1340 3191 subesset,

243 3211 304 3267 non
318 3207 355 3265 ob
376 3203 504 3283 idipsum
527 3200 607 3262 domi
630 3219 662 3262 se
685 3195 879 3272 abstruderet,
899 3202 1123 3282 modestumque
1144 3209 1341 3284 pnsberetad

240 3296 345 3374 judicii
358 3295 472 3366 saltem,
485 3293 511 3352 si
529 3294 633 3353 nonin
646 3311 742 3364 omne,
756 3293 890 3374 tempusi
910 3293 1008 3354 Nemo
1022 3304 1077 3367 est,
1092 3296 1165 3374 quin
1178 3298 1209 3359 id
1224 3302 1342 3363 iaceret.
1449 3321 1450 3330 ¹

245 3389 340 3450 Aliter
350 3387 421 3448 vero
432 3385 564 3447 Midias:
585 3382 656 3446 narn'
676 3386 745 3446 inde
765 3387 802 3445 ab
826 3386 932 3466 eodie
946 3388 1144 3461 concionatur,
1156 3395 1344 3467 conviciatur,

245 3480 386 3543 clamitat.
437 3473 556 3555 Le‘gimr
575 3477 763 3558 magistratus
790 3478 915 3559 aliquis?
964 3479 1073 3541 Midias
1095 3483 1296 3564 Anagyrasiur
1315 3489 1345 3549 in
1448 3523 1449 3572 l

246 3592 384 3654 campum
396 3567 557 3629 descendit.
578 3567 729 3632 Plutarchi
741 3581 960 3650 procuratorem
974 3574 1045 3652 agit.
1076 3573 1148 3654 Ejus
1164 3589 1281 3640 secreta
1292 3599 1344 3640 no·

246 3667 299 3727 rit.
311 3663 412 3725 *Urbs
423 3680 489 3724 eum
501 3649 664 3740 non'capit.
706 3661 746 3722 Et
761 3663 828 3722 hoec
840 3663 939 3747 omnia
950 3664 1032 3735 facit,
1045 3684 1106 3726 non
1123 3667 1164 3726 in'
1177 3669 1260 3730 aliud
1280 3693 1346 3751 pro-

247 3760 337 3828 fecto,
351 3752 407 3815 nisi
419 3761 452 3812 ut
463 3749 603 3812 ostendat
622 3753 754 3831 populi
774 3754 852 3815 sibi
879 3756 1145 3835 praejudicium
1166 3762 1269 3822 nihil
1291 3784 1350 3824 no·

248 3849 387 3920 coisse,
420 3862 542 3922 neque
572 3847 737 3904 metuere
765 3855 828 3906 aut
856 3847 1069 3910 formidare
1098 3871 1148 3911 se*
1169 3853 1349 3916 futurum

247 3940 357 4020 judic
367 3939 449 3998 ium.
470 3933 529 4003 Qui
539 3933 635 4013 igitur,
650 3934 855 4022 Athenienses,
865 3957 919 4000 ros
930 3941 1143 4019 pertimescere,
1157 3954 1242 4025 turpe
1256 3957 1352 4026 putat,

250 4048 305 4098 vos
325 4049 395 4090 vero
414 4027 486 4096 nihil
508 4027 615 4099 iacere,
638 4028 831 4106 praeclarum:
853 4049 912 4091 uon
938 4022 1020 4092 hunc
1042 4033 1140 4094 decies
1162 4035 1353 4099 interiectum

253 4120 428 4202 oportebat?
449 4121 536 4178 Certe
549 4120 668 4198 quidem
685 4139 752 4180 mea
770 4124 924 4194 sententia.
947 4124 1098 4186 Necsnim
1119 4147 1173 4188 ros
1187 4130 1355 4206 habituros,

194 4221 213 4276 “,
253 4213 330 4294 quod
341 4213 379 4272 de
389 4230 422 4272 se
434 4212 579 4285 statuatis,
588 4222 682 4293 putat.
704 4212 806 4284 Dives,
816 4216 979 4290 confidens,
989 4218 1121 4292 inflatus,
1132 4224 1355 4303 magniloquus,

195 4339 200 4348 «
253 4305 408 4378 violentus,
418 4302 640 4364 inverecundus.
661 4303 721 4367 Ubi
735 4307 1010 4388 comprehendetur,
1023 4309 1049 4372 si
1061 4330 1143 4376 nuno
1156 4323 1226 4376 artu
1239 4317 1357 4379 subter·

255 4396 383 4484 iurent!
643 4413 648 4420 ·
1105 4405 1108 4412 ⁴
