2920 4950
221 273 272 331 rs.
403 235 409 244 ’
495 234 653 330 onnrro
674 265 735 328 nn
763 263 1054 328 cunnsousso

224 424 300 486 Hoc
312 424 338 486 si
350 424 494 497 dixerint,
506 423 577 505 qnid
590 443 760 493 ¹asseremus
780 432 832 484 ant
842 423 1104 506 respondebimus,
1113 421 1328 484 Atheniensssi

224 517 293 600 Ego
307 519 427 599 quidem
440 538 501 580 non
512 518 611 578 rideo.
683 523 687 528 '
746 523 749 528 '
1179 515 1185 527 “

240 625 244 652 t
266 614 314 673 10.
337 612 414 673 Sunt
426 612 515 693 igitur
528 611 581 690 qui
592 620 706 692 putent,
720 630 753 672 sc
765 619 912 672 ermetem
919 610 965 670 ita
972 609 1167 690 redarguere,
1173 618 1330 690 postquem

223 703 446 784 interrogarint,
452 703 594 784 quidnam
606 723 678 784 ergo
686 703 836 782 agendum
846 701 912 764 esti
933 701 1039 782 quibus
1049 721 1231 782 egosumne
1240 701 1331 782 sequi-

223 808 288 859 tate
298 799 506 877 verissimeque
519 799 563 860 sio
577 797 777 878 respondebo,
799 797 878 858 Hrec
891 813 952 856 nou
961 795 1077 875 agenda
1090 805 1170 869 sunt,
1178 815 1332 875 quemme

225 892 358 971 agitetis:
379 901 520 952 ettamen
533 890 702 970 singulatim
714 889 804 950 'etism
822 887 1189 954 incommemoratum.
1213 886 1335 948 Vtram

225 992 323 1044 autern
336 983 388 1056 illi,
401 992 436 1048 ut
448 982 694 1062 quemadmodum
705 980 832 1062 prompti
854 989 927 1040 sunt·
942 979 982 1040 ad
993 980 1236 1059 percuritandum,
1250 980 1292 1041 its
1304 989 1334 1041 et

226 1076 266 1137 ad
288 1095 350 1138 rem
370 1075 613 1155 gerendam·sint
629 1076 743 1134 alacres
765 1085 796 1134 et
815 1068 925 1153 parati!
967 1073 1108 1147 Primmu,
1128 1072 1332 1145 Athenienses,

224 1187 398 1250 persuasum
412 1168 529 1229 omnino
541 1168 649 1228 habere
658 1167 783 1240 debetis,
797 1167 966 1247 Philippum
980 1166 1090 1227 civitati
1103 1167 1334 1228 nosboebsllum

164 1267 167 1271 “
224 1262 331 1324 inferre
341 1281 503 1342 pacemque
514 1260 771 1340 violasse—qnare
783 1260 821 1321 de
834 1259 892 1320 hoc
904 1260 1029 1320 desinite
1034 1279 1094 1346 „vos
1107 1259 1232 1321 invicem
1244 1281 1333 1322 accu-

227 1357 448 1418 sare-hostem
462 1375 528 1417 esse
540 1366 681 1437 praeterea
694 1356 749 1415 toti
759 1354 823 1414 'urbi
833 1365 866 1415 et
880 1353 946 1414 solo
954 1353 1262 1426 deuteromonio
1272 1375 1335 1416 om-

227 1450 314 1509 nibus
328 1449 495 1509 hominihus
516 1449 567 1529 qui
581 1449 611 1507 in
630 1449 704 1508 urhe
715 1447 839 1528 degunt,
852 1457 942 1526 etque
955 1445 1012 1507 illis
1026 1445 1178 1527 imprimis,
1191 1449 1245 1528 qni
1259 1467 1292 1509 se
1304 1449 1334 1508 in

228 1541 356 1605 maxima
365 1542 597 1622 esseapudeom
607 1541 701 1621 gratia
710 1540 913 1620 putant(qnod
922 1539 1019 1600 sinon
1025 1541 1186 1600 medendum
1196 1542 1334 1614 oidmtsr,

124 1679 126 1688 ,
228 1638 398 1698 intueantur
418 1636 631 1716 Euthycratem
650 1645 683 1695 et
694 1635 870 1695 Lasthenem
883 1633 1052 1714 Olynthios,
1066 1636 1117 1714 qui
1138 1653 1206 1694 cum
1225 1636 1260 1696 ei·
1272 1653 1335 1696 esse

227 1729 321 1790 intimi
341 1730 519 1802 viderentur,
537 1737 695 1808 postquam
716 1730 817 1789 urbem
840 1726 1042 1807 prodiderunt,
1054 1725 1186 1786 omnium
1205 1728 1335 1806 pessime

195 1837 198 1854 ¹
228 1822 398 1902 perierunt),
409 1821 483 1881 nulli
497 1833 594 1882 tamen
604 1819 646 1880 rei
658 1830 717 1883 tam
728 1820 841 1880 infense
852 1819 1032 1890 adversetur,
1042 1819 1271 1898 quarn'libertati
1284 1811 1335 1881 no-

228 1924 297 1974 stroe
308 1914 405 1983 urbis;
426 1933 483 1974 nec
493 1918 524 1973 in
538 1913 696 1994 quicquam
710 1913 790 1974 aliud
800 1923 884 1974 tauto
892 1913 991 1973 studio
997 1913 1151 1986 incumbit,
1159 1931 1252 1992 quam
1263 1933 1335 1993 quo-

227 2009 317 2069 modo
329 2009 407 2068 hanc
421 2007 605 2070 demoliatur.
646 2007 741 2086 quue
754 2027 823 2067 cum
836 2006 947 2066 ratione
957 2005 1273 2085 agitquodammodo:
1288 2028 1334 2068 sa·

228 2100 265 2162 tls
278 2102 356 2162 enirn
368 2101 425 2162 hoc
438 2111 623 2180 perspectum
636 2100 736 2173 hebet,
749 2100 863 2160 etiamsi
871 2109 995 2160 coeteros
1005 2117 1109 2160 omnes
1123 2119 1186 2159 sum
1199 2099 1334 2162 domine-

229 2194 302 2255 tioni
315 2195 482 2275 subjecerit,
497 2203 650 2273 setemen
671 2193 742 2253 nihil
764 2212 867 2253 secure
880 2191 1106 2272 constanterque
1118 2195 1222 2254 tenere
1237 2213 1334 2274 posse,

227 2286 394 2348 dumvobis
407 2286 500 2347 libera
516 2287 554 2347 sit
573 2286 750 2366 respublica,
764 2294 796 2346 et
814 2285 917 2365 siquis
931 2303 1018 2346 casus
1031 2285 1173 2345 adversus
1186 2286 1336 2360 inciderit,
1439 2283 1440 2288 ’

226 2383 327 2461 quales
341 2382 451 2444 homini
465 2383 580 2444 evenire
592 2382 678 2442 multi
689 2391 823 2465 possunt,
837 2382 900 2440 lore
912 2390 947 2439 ut
960 2398 1071 2449 omnes,
1084 2380 1135 2460 qui
1143 2379 1206 2460 jam
1218 2382 1249 2442 vi
1263 2383 1333 2442 sub·
1355 2377 1359 2384 '

227 2477 288 2536 aeti
309 2475 351 2535 illi
365 2486 479 2555 parent,
495 2476 534 2536 ad
554 2493 608 2535 ros
632 2474 813 2552 confugiant.
856 2472 938 2533 Estis
959 2472 1038 2532 enirn
1054 2491 1118 2543 vos,
1132 2490 1191 2532 non
1211 2473 1271 2554 ipsi
1294 2473 1333 2533 ad

173 2575 176 2580 '
229 2567 324 2628 aliena
337 2567 502 2648 arripienda
516 2563 804 2645 dominationemque
820 2563 1015 2626 affectandam
1035 2574 1141 2626 netum
1161 2563 1334 2646 comparati,

230 2660 284 2722 sed
298 2661 388 2720 alium
398 2681 435 2721 ne
444 2660 564 2740 arripiat
572 2659 724 2740 prohibere
737 2667 789 2718 aut
799 2658 922 2738 arreptis
931 2655 1193 2731 exturbarevalidi,
1203 2657 1334 2738 deniqne

228 2754 434 2818 affectantibus
448 2753 598 2832 imperium
620 2752 765 2813 lacessere
781 2751 934 2829 negotium
956 2759 986 2810 et
1008 2749 1142 2811 omnibus
1164 2749 1334 2811 hominibus

226 2849 388 2910 libertatem
400 2846 553 2906 restituere
568 2844 672 2924 parati.
714 2843 785 2904 Non
795 2843 884 2921 igitur
890 2841 953 2902 rrrlt
960 2841 1122 2902 libertatem
1132 2853 1262 2904 rostram
1275 2844 1335 2904 suis

227 2941 375 3002 imminere
384 2938 575 3018 temporibus,
589 2937 714 3000 multum
726 2934 810 2996 abest
822 2945 856 2994 ut
869 2935 926 2996 hoc
940 2935 1021 3009 velit,
1034 2953 1102 2994 cunr
1110 2953 1171 2996 rem
1183 2954 1247 2996 non
1258 2936 1334 2997 male

228 3053 283 3095 neo
298 3029 616 3113 segniter‘oonsideret.

270 3129 316 3188 ll.
339 3126 469 3185 Primum
482 3122 570 3202 igitur
585 3121 624 3180 ob
647 3119 712 3180 hon
729 3118 954 3180 abnuendum
965 3127 1023 3190 est,
1036 3117 1152 3180 hostem
1161 3117 1251 3179 illum
1269 3139 1334 3180 esse

225 3219 395 3298 reipublice
415 3237 450 3278 ac
470 3215 611 3276 libertatis
631 3211 916 3280 irreconciliabilem
936 3211 1017 3291 quod
1038 3211 1095 3270 nisi
1107 3209 1214 3270 animis
1228 3212 1334 3272 restris
1392 3250 1395 3255 -

225 3312 346 3372 infixum
361 3311 472 3380 sedeat,
485 3327 583 3368 rerum
599 3325 701 3368 curam
722 3304 800 3366 serio
816 3304 964 3382 suscipere
982 3323 1043 3366 non
1056 3303 1178 3364 voletis:
1200 3304 1333 3365 secundo

226 3406 300 3472 loco,
307 3403 380 3467 illud
391 3413 472 3464 certo
481 3399 750 3473 sciendum,ornnia
757 3417 824 3476 quoe
836 3397 955 3458 molitur
961 3407 992 3457 et
1000 3406 1086 3477 parat
1094 3415 1184 3470 nunc,
1191 3397 1334 3456 aduersus

226 3517 319 3578 remp.
334 3506 463 3556 nostram
478 3502 610 3573 apparat,
621 3503 652 3552 et
664 3491 830 3569 ubicunque
843 3489 949 3568 aliquis
963 3489 990 3549 ei
1004 3488 1166 3561 obsistitis
1181 3487 1334 3569 pro'nobis
1438 3533 1439 3536 η

227 3590 289 3650 illic
305 3589 438 3651 obsistet.
481 3585 586 3664 Neque
605 3584 683 3644 enim
706 3583 859 3662 quisquam
873 3591 1003 3642 vestrum
1024 3582 1066 3641 ito
1087 3581 1212 3661 simplex
1230 3594 1288 3653 est,
1301 3592 1334 3643 ut

229 3683 395 3764 Philippum
410 3678 557 3740 existimet
568 3677 675 3737 misere
693 3675 743 3735 illa
755 3675 786 3734 in
802 3674 1038 3736 Thracia-nam
1053 3693 1117 3754 quo
1134 3674 1193 3736 alio
1214 3678 1333 3738 nornine

228 3775 358 3856 appelles
379 3770 558 3850 Drougilurn
575 3779 605 3830 et
623 3769 757 3848 Cabylen
771 3775 802 3828 et
817 3766 968 3828 Mastirarn
986 3776 1018 3826 et
1035 3783 1073 3827 ee
1092 3785 1159 3846 quoe
1184 3785 1267 3829 nuno
1282 3789 1333 3829 ex-

227 3878 342 3950 pugnat
355 3867 469 3945 sibique
483 3861 602 3942 subjicit
609 3861 781 3940 i-cupere,
794 3869 886 3938 utque
908 3859 959 3920 illa
979 3861 1111 3918 obtineat
1129 3866 1160 3918 et
1173 3857 1290 3922 labores
1303 3870 1333 3922 et

226 3959 347 4040 hyemes
360 3967 390 4019 et
399 3968 532 4018 extrema
543 3952 672 4036 pericula
686 3952 847 4034 sustineret
869 3949 1099 4012 Atheniensium
1109 3969 1178 4012 vero
1192 3947 1296 4032 portus
1304 3962 1335 4014 et

227 4050 344 4111 navalia
355 4059 387 4110 et
396 4051 525 4110 triremes
538 4045 818 4126 etargenti.fodinae
829 4054 861 4104 et
869 4054 967 4106 tantos
976 4053 1136 4124 proventus
1145 4060 1332 4126 noncupere,

228 4153 280 4204 aut
291 4161 444 4223 passurum
455 4152 552 4202 utros
561 4138 771 4206 istateneatis;
786 4157 854 4196 cum
863 4147 981 4217 propter
985 4137 1126 4219 peninum
1136 4147 1167 4197 ot
1176 4137 1331 4218 siliginem,

178 4243 183 4250 ’
226 4237 257 4297 in
271 4234 404 4296 Thraciis
422 4232 565 4295 cuniculis
585 4231 715 4304 defossa,
730 4231 763 4290 in
783 4230 921 4290 barathro
941 4249 1001 4290 non
1021 4229 1138 4291 dubitet
1154 4230 1332 4312 hybemare.

20 4297 23 4304 .
153 4349 158 4354 ·
228 4329 299 4390 Non
312 4329 354 4390 ita
367 4336 423 4404 est,
437 4327 492 4389 sed
510 4336 540 4386 et
558 4324 619 4399 ille,
632 4333 667 4384 nt
686 4325 737 4386 his
752 4324 891 4406 potiatur,
909 4333 941 4386 et
953 4334 1063 4386 cetere
1082 4324 1182 4388 omnia
1202 4325 1332 4391 mohmr.
