2912 4946
205 195 281 295 ¹ris
535 216 1013 294 corrnrrruocsnrsm.

220 377 301 466 ptein
316 403 380 445 esse
401 404 506 446 navens
523 387 621 447 illam:
621 387 784 461 homines,
800 394 924 467 quorum
943 386 1070 468 pecunia
1088 385 1185 462 fuerit,
1209 385 1318 466 suppli·

220 497 325 540 casses
347 477 508 538 decrevisse
526 499 590 550 vos,
605 498 670 539 eam
690 480 826 540 hostilem
840 480 1017 540 habendam.
1047 479 1122 538 Tum
1139 499 1193 539 vos
1211 479 1317 540 admo·

173 576 177 583 '
222 570 287 630 nuit
300 587 399 630 earum
412 569 522 646 legum,
537 579 603 646 qu'ae
617 571 699 630 'uobis
714 571 803 630 lectae
813 569 939 641 fuerunt,
953 590 1077 650 querum
1090 572 1218 650 decreto,
1230 571 1339 630 rebus

221 659 261 720 ed
282 679 350 720 eum
367 658 487 720 modum
501 649 717 731 administratis,
727 661 853 738 pecunia
865 645 916 720 illa
928 661 1106 738 publicanda
1119 673 1207 722 esset.
1225 661 1317 720 Vide-

220 753 317 812 batur
321 771 417 829 aequa
440 750 536 810 dicere
564 753 647 811 vobis
675 751 820 812 omnibus.
843 751 1019 812 Confestim
1034 755 1137 832 surgit
1160 754 1318 824 Androtio,

220 845 391 916 Glaucetes,
402 853 433 903 et
443 843 631 922 Melampus,
632 843 857 904 -couside'rate
870 865 908 904 an
917 864 987 905 vera
994 845 1141 918 dream-
1155 845 1317 918 clamitant,

217 937 420 1014 indignantur,
434 935 641 1008 conviciantur,
657 936 811 994 absolvunt
823 935 1031 1010 trierarchos,
1023 936 1078 1016 ipsi
1100 957 1132 996 se
1144 937 1254 996 habere
1272 937 1316 996 fa-

220 1037 330 1100 tentur,
345 1027 434 1106 quari
445 1027 598 1104 pecuniam
610 1026 688 1105 apud
702 1047 734 1086 se
747 1026 908 1106 postulant.
930 1027 984 1086 His
998 1027 1115 1096 auditis,
1133 1028 1184 1088 ubi
1196 1028 1317 1089 tandem

220 1119 269 1178 isti
288 1117 459 1178 tumultuari
482 1117 666 1190 destiterunt,
684 1119 860 1178 sententiam
880 1118 954 1178 dixit
977 1119 1122 1178 Euctemo
1143 1139 1243 1199 quarn·
1255 1120 1325 1179 fieri'

219 1221 318 1290 potest
331 1209 537 1288 aequissimarn,
551 1221 585 1268 ιιι
599 1230 617 1270 a
630 1210 792 1270 trierarchis
805 1230 862 1270 vos·
879 1211 1043 1289 exigeretis,
1064 1222 1094 1271 et
1106 1223 1141 1272 ut
1159 1213 1202 1272 eis
1216 1213 1317 1272 liceret

220 1323 336 1364 omnem
348 1323 407 1362 rem
421 1323 486 1363 earn
501 1302 530 1362 in
544 1301 611 1363 illos
626 1305 676 1381 qui
688 1304 845 1382 pecuniam
859 1304 1182 1377 haberenttransferre,
1196 1308 1243 1388 siq
1256 1305 1315 1366 dis·

204 1427 206 1438 *
222 1397 366 1458 sensionis
381 1396 491 1474 aliquid
505 1396 636 1465 oriretur,
657 1407 690 1454 ut
704 1397 849 1468 sententia
858 1396 991 1475 judicum
1006 1397 1208 1469 intercederet,
1229 1407 1315 1476 atque

220 1500 254 1549 ut
271 1490 295 1548 is
308 1489 359 1568 qui
371 1490 465 1549 victus
484 1497 573 1558 esset,
594 1488 715 1548 deberet
734 1488 861 1547 oerario.¹
874 1488 1026 1548 Accusant
1038 1488 1189 1550 decretum
1203 1488 1242 1548 ed
1261 1508 1314 1548 vos

197 1614 200 1618 ·
218 1580 373 1660 perlatum,
385 1590 419 1640 ut
432 1581 460 1639 in
471 1599 565 1658 pauca
579 1599 639 1639 rem
652 1580 810 1651 conferent,
819 1581 914 1639 risum
924 1590 969 1640 est
979 1582 1141 1640 secundum
1154 1582 1241 1660 leges
1250 1601 1314 1640 esse

219 1676 341 1746 factum,
356 1684 387 1733 et
406 1674 592 1733 absolutum.
604 1672 673 1732 Jam
696 1672 756 1731 lieri
776 1673 847 1751 quid
866 1673 1041 1752 oportebat?
1062 1674 1245 1754 Reipublicae
1263 1693 1314 1752 pe·

217 1760 305 1830 cunia
327 1765 505 1825 restituenda
529 1759 601 1838 erat,
625 1774 656 1824 et
677 1765 829 1844 peculator
855 1764 1316 1844 puniendus31egeveronulla

216 1878 338 1938 prorsus
355 1858 393 1917 ad
409 1858 465 1916 hoe
478 1857 597 1934 quidem
610 1856 760 1935 negotium
776 1865 843 1916 erat
855 1877 940 1935 opus.
962 1857 1116 1918 Hactenus
1134 1857 1217 1916 nulla
1229 1859 1316 1926 ,faeta

217 1951 301 2012 v'obis
314 1959 361 2026 est
374 1970 391 2008 a
404 1949 570 2008 Timocrste
584 1949 702 2029 injuria:
723 1959 792 2028 post
805 1949 870 2008 haec
885 1969 952 2009 vero
966 1951 996 2009 in
1011 1969 1044 2008 se
1058 1955 1149 2010 unum
1163 1950 1316 2029 recepiret

218 2043 366 2104 transtulit
377 2037 542 2111 'omniaea
557 2062 624 2119 quae
639 2043 702 2121 jam
716 2051 942 2100 commemorata
955 2050 1034 2112 sunt,
1055 2051 1088 2100 ιιι
1100 2041 1171 2100 nihil
1187 2061 1248 2119 quo
1261 2061 1315 2101 ros

217 2120 496 2210 ladmen-omisisse
510 2133 652 2192 videatur.
674 2133 762 2199 Quod
779 2132 856 2192 enirn
869 2132 983 2191 illorum
1000 2133 1126 2192 artificiis
1140 2142 1170 2193 et
1182 2133 1316 2212 aucupiis

218 2247 250 2288 se
265 2226 493 2288 conducendum
506 2225 624 2297 locavit,
639 2225 861 2303 ministrumque
875 2218 1057 2303 praebuit,'se
1071 2225 1134 2304 ipse
1148 2245 1230 2284 reum
1243 2225 1317 2284 fecit

216 2319 331 2378 illarum
354 2317 534 2396 injuriarum,
558 2326 592 2376 ut
612 2336 668 2395 ego
689 2317 771 2376 vobis
788 2308 946 2385 ,manifeste
964 2309 1129 2391 ostendam.
1161 2317 1222 2376 Sed
1246 2327 1316 2378 ante

118 2429 137 2469 ·.
217 2411 314 2470 omnia
334 2429 455 2470 necesse
472 2413 533 2479 est,
551 2428 603 2468 vos
618 2409 773 2468 admonere
791 2411 965 2488 temporum,
986 2419 1017 2469 et
1038 2410 1102 2488 ejus
1119 2409 1237 2468 articuli
1258 2429 1316 2488 quo

217 2502 313 2581 legern
323 2501 406 2562 tulit:
428 2521 495 2560 nam
509 2500 591 2560 vobis
607 2520 673 2560 eum
688 2499 847 2559 insolenter
858 2501 946 2560 etiam
959 2501 1128 2583 insultasse,
1142 2509 1174 2560 et
1187 2500 1316 2561 illusisse

217 2593 375 2654 constabit.
389 2593 458 2651 Fuit
468 2593 566 2652 Maius
578 2591 695 2663 mensis,
707 2611 765 2669 quo
777 2591 817 2650 illi
828 2594 864 2650 ab
876 2593 1056 2652 Euctemone
1063 2592 1176 2671 judicio
1187 2594 1316 2671 superati

218 2697 298 2745 sunt.
326 2684 480 2744 Conducto
497 2693 592 2742 autem
612 2684 679 2754 isto,
695 2703 762 2742 cum
781 2687 818 2742 n‘e
833 2685 996 2762 cogitarent
1008 2684 1126 2762 quidem
1146 2684 1185 2744 de
1198 2686 1314 2746 satisfa-

216 2775 321 2836 ciendo
333 2775 425 2846 vobis,
444 2775 632 2851 nugigerulos
654 2775 798 2851 quosdam
820 2775 850 2832 in
873 2775 968 2832 sorum
989 2775 1173 2846 dimiserunt,
1196 2777 1248 2854 qui
1268 2797 1315 2836 ru-

217 2873 325 2930 morem
347 2877 529 2947 spargerent,
543 2875 658 2944 peratos
678 2884 728 2924 eos
745 2884 810 2923 esse
829 2864 971 2942 simplam*
983 2866 1135 2942 pecuniam
1150 2887 1315 2948 numerare,

172 2968 180 2974 ’
218 2963 336 3042 duplam
352 2980 410 3018 non
421 2978 521 3036 posse.
543 2957 599 3015 Hae
613 2976 680 3016 vero
692 2955 806 3014 insidiae
820 2965 902 3014 erant
916 2975 981 3014 curn
992 2955 1127 3024 ludibrio,
1140 2964 1172 3014 et
1182 2959 1317 3018 machina

168 3046 189 3066 '¹
218 3053 366 3132 quaedam,
382 3062 416 3110 ut
428 3049 541 3110 interim
556 3049 620 3106 haec
641 3049 700 3119 lex,
714 3047 884 3106 advertente
899 3046 1025 3118 nemine,
1045 3047 1232 3124 perferretur.
1267 3051 1317 3110 Id-'

167 3133 171 3142 ‘
218 3165 275 3223 que
289 3145 331 3204 ιιι
344 3163 418 3214 esse
433 3161 479 3200 res
494 3158 558 3220 ipsa
575 3149 709 3198 testatur.
744 3139 881 3198 Pecuniae
896 3139 973 3197 enirn
993 3137 1060 3196 rllrs
1064 3141 1250 3215 temporibus
1262 3161 1316 3200 nec

169 3235 173 3239 ’
218 3236 337 3323 obolum
351 3235 433 3295 vohis
446 3241 645 3300 numerarunt,
658 3240 688 3289 et
702 3249 760 3288 una
771 3229 837 3306 lege
844 3229 969 3306 plures'
958 3247 1021 3307 Jam
1034 3239 1168 3306 receptas
1182 3228 1317 3292 iecerunt

216 3327 322 3396 irritas,
336 3337 431 3431 eaque
442 3326 539 3429 legum
551 3322 687 3426 omniurn,
702 3341 769 3400 quae
779 3326 910 3399 unquam'
922 3319 1001 3398 apud
1011 3337 1063 3380 vos
1076 3319 1148 3380 latre
1161 3331 1246 3396 sunt,¹
1254 3333 1316 3384 tur-

218 3419 338 3500 pissima
353 3429 382 3477 et
394 3418 590 3496 iniquissima.

259 3511 288 3569 6.
310 3510 387 3569 Volo
406 3529 488 3581 sane,
503 3528 598 3588 pauca
619 3509 657 3568 de
672 3508 787 3568 usitatis
805 3509 920 3586 legibus
939 3508 1089 3587 prefatus,
1111 3481 1219 3586 quibus
1243 3509 1318 3568 tales

218 3602 348 3662 actiones
367 3601 485 3670 dantur,
514 3601 612 3660 statim
634 3601 671 3659 de
692 3601 757 3679 lege
778 3619 865 3678 quarn
887 3619 1005 3671 accuse,
1029 3599 1135 3658 dicere.
1170 3599 1226 3660 His
1239 3601 1319 3658 enim

218 3691 298 3772 prius
313 3691 428 3764 auditis,
443 3691 554 3769 reliqua
566 3691 680 3749 facilius
693 3691 867 3770 percipietis.
900 3691 1035 3768 Habetis,
1049 3679 1260 3762 Athenienses,
1272 3703 1322 3750 re-

218 3786 310 3864 ceptis
320 3795 354 3844 et
365 3783 650 3863 approbatisvestris
663 3783 787 3861 legibus,
803 3792 938 3842 accurate
953 3792 983 3842 et
999 3782 1150 3842 evidenter
1167 3783 1323 3861 descripta

111 3867 123 3960 ’Ἴ
217 3877 325 3948 emnia,
342 3897 408 3955 quae
429 3875 566 3936 facienda
586 3877 655 3932 sunt
679 3875 708 3931 in
731 3874 843 3952 legibus
863 3874 987 3952 posthac
1012 3873 1241 3933 constituendis.
1268 3874 1324 3934 Ac

84 4009 91 4016 .
214 3966 338 4045 primurn
352 3967 619 4044 omnium,tempus
632 3965 804 4043 inscriptum
824 3974 879 4035 est,
898 3983 956 4043 quo
969 3959 1065 4042 legem
1080 3964 1147 4022 ferri
1161 3973 1322 4042 oporteat:

218 4058 336 4129 deinde,
350 4079 389 4118 ne
411 4059 582 4136 sicquidem
600 4057 756 4136 unicuique
776 4057 920 4135 quidlibet
936 4056 1068 4134 permisit
1086 4055 1249 4134 legislator,
1263 4057 1327 4117 sed

211 4149 299 4229 jubet
311 4159 459 4209 auctorem
474 4150 626 4228 legissem
641 4157 713 4208 ante
724 4157 836 4208 statuas
846 4148 970 4208 heroum
988 4147 1134 4224 scripturn·
1143 4159 1326 4224 proponere,

165 4259 168 4266 ·
218 4250 284 4300 uta
303 4240 453 4316 quibusvis
475 4240 652 4300 considerari
675 4239 782 4318 possit:
804 4239 914 4298 deinde.
931 4237 1137 4298 vult-'eandem
1156 4237 1255 4316 legem
1279 4241 1326 4300 ed

218 4350 318 4392 omnes
340 4329 497 4410 pertinere:
522 4343 645 4414 postea,
657 4333 816 4394 contrarias
831 4332 987 4412 abrogati:
1000 4329 1145 4410 ..denique
1165 4331 1234 4406 alia,
1247 4349 1328 4408 que
