2920 4950
202 287 243 344 ‘ts
585 275 745 344 ORATIO
765 275 968 344 tts'PAcs.
1003 295 1005 298 ·

204 438 276 498 hum
289 447 431 517 quierant,
444 453 497 499 vos
520 457 551 498 re
568 443 630 516 jam
645 439 774 520 perfecta
792 439 824 501 id
844 441 941 501 lacere
963 437 1075 500 soletis.
1111 437 1157 498 Ex
1173 455 1233 518 quo
1254 455 1309 518 per

205 549 293 590 omne
306 539 422 610 tempus
441 529 524 610 quod
537 550 593 612 ego
609 532 789 593 meminerim
803 534 920 604 accidit,
934 542 969 594 ut
981 533 1006 593 is
1031 551 1103 592 sane
1125 531 1177 611 qui
1199 529 1308 592 delicta

205 631 301 683 vestra
330 622 556 702 reprehenderet
587 624 723 685 laudetur
749 645 875 705 vereque
900 626 997 686 dicere
1025 625 1168 698 videatur,
1189 624 1309 703 negotia

202 734 272 775 vero
288 734 382 793 eaque
396 715 435 776 de
452 715 556 796 quihus
577 715 748 779 deliberatio
771 718 932 780 instituitur
953 737 1006 800 vos
1034 716 1187 798 effugiant.
1228 718 1307 783 Quae

203 827 373 914 quanquam
397 808 441 868 ‘ita
461 819 540 884 sunt,
558 818 658 871 tamen
671 812 794 872 arbitror
814 821 846 872 et
865 812 939 890 quia
954 811 1016 871 hoe·
1025 829 1197 890 persuasum
1210 808 1307 869 habeo

191 901 326 973 surrexi,
339 920 396 974 me,
412 900 438 960 si
448 901 544 980 posito
563 904 693 964 tumultu
706 914 737 964 et
748 904 884 984 partium
896 902 996 964 studio
1008 902 1111 962 audire
1124 901 1269 974 velitis,
1246 915 1305 962 sre-

202 1001 237 1050 ut
256 991 293 1051 de
314 993 464 1072 republica
486 993 635 1075 tantisque
654 996 780 1076 negotiis
798 997 1009 1076 deliberantes
1021 1002 1147 1074 oportet,
1165 1000 1305 1100 esposse

200 1093 233 1144 'et
246 1083 344 1145 dicere
354 1095 385 1146 et
397 1087 532 1162 suadere,
545 1107 597 1169 per
610 1109 678 1168 quae
694 1097 726 1151 et
738 1108 834 1150 rerum
856 1097 951 1172 status
965 1087 1138 1148 emendetur
1152 1065 1183 1146 et
1197 1085 1306 1146 amissa

201 1190 420 1259 recuperentur.

241 1275 271 1331 2.
298 1273 374 1332 Cum
384 1293 453 1334 vero
467 1276 538 1337 saus
548 1295 648 1348 soram,
657 1273 868 1349 Athamenses,
874 1292 988 1352 semper
998 1269 1134 1352 expedire
1142 1271 1303 1350 plurimum

202 1363 282 1444 apud
295 1384 361 1438 vos,
374 1365 399 1425 si
412 1367 478 1446 quis
490 1369 580 1429 modo
593 1369 713 1441 audeat,
720 1387 760 1427 ea
773 1387 841 1446 qum
864 1376 932 1426 ante
946 1364 1051 1425 dixerit
1070 1373 1201 1444 repetere
1215 1382 1261 1422 ac
1256 1363 1301 1422 de

202 1458 360 1537 semetipso
380 1462 471 1520 verba
491 1463 599 1534 lacere,
619 1478 676 1538 ego
690 1469 790 1517 tamen
801 1459 834 1518 id
853 1457 1102 1517 adeo-molestum
1121 1464 1152 1515 et
1166 1455 1310 1516 odiosum¹

202 1571 270 1612 esse
290 1561 375 1632 puto,
393 1561 428 1611 ut
448 1572 614 1633 quanquam
634 1550 834 1612 necessarium
847 1549 945 1623 video,
967 1559 1066 1634 tamen
1087 1551 1175 1609 abso
1196 1548 1303 1609 abhor-

199 1664 289 1705 ream.
313 1643 392 1706 Puto
413 1655 511 1706 autern
524 1665 578 1706 vos
593 1643 630 1704 de
648 1644 693 1704 his
707 1663 774 1724 quae
788 1661 867 1703 nunc
880 1641 976 1702 dicam
989 1641 1097 1710 rectius
1107 1641 1302 1721 judicaturos,

200 1737 227 1798 si
246 1755 342 1817 pauca
355 1737 436 1816 prius
461 1736 617 1817 aliquando
631 1757 651 1796 a
662 1756 710 1796 me
725 1736 805 1796 dicta
817 1735 850 1795 in
863 1735 1033 1796 memoriam
1046 1733 1200 1796 revocetis.
1222 1733 1301 1813 Ego,

199 1829 404 1904 Athenienses,
432 1831 566 1910 primum,
590 1849 658 1890 cum
686 1829 769 1890 vobis
792 1829 909 1888 turbato
931 1827 1053 1888 Euboeae
1080 1835 1159 1888 statu
1179 1824 1302 1905 quidam

197 1923 365 2010 suaderent,
383 1933 422 2000 ιιι
433 1943 519 2004 opem
534 1923 691 1984 Plutarcho
705 1923 818 1982 ferretis
840 1922 1009 2028 bellumque
1023 1919 1153 2002 ignobile
1177 1925 1210 1979 et
1220 1937 1301 1980 sum-

196 2005 335 2098 ptuosum
347 2017 543 2096 susciperetis,
553 2015 663 2098 primus
672 2024 702 2078 et
711 2017 791 2076 solus
801 2035 854 2094 pro
865 2013 1006 2075 concione
1015 2013 1224 2096 repugnaviet
1233 2021 1300 2088 tan·

196 2120 260 2170 tum
274 2129 333 2170 non
347 2109 513 2192 discerptus
536 2129 601 2171 sum
616 2108 684 2170 ab''
666 2129 701 2170 ιιι
716 2109 766 2188 qui
782 2128 864 2188 parvi
856 2107 977 2169 lucelli
988 2116 1080 2168 cansa
1101 2106 1131 2167 in
1145 2106 1255 2170 multos
1268 2113 1301 2167 et

196 2222 320 2282 magnos
333 2222 387 2262 vos
401 2222 510 2263 errores
524 2201 635 2264 vellent
653 2201 805 2262 inducere.
839 2183 960 2265 Deinde
972 2200 1054 2260 brevi
1068 2210 1198 2278 tempore
1210 2197 1301 2256 inter·

190 2297 282 2376 jecto,
297 2295 383 2355 simul
397 2303 432 2355 'ac
445 2315 497 2356 vos
512 2305 543 2356 et
562 2295 751 2374 ignominiam
772 2293 942 2373 reportastis
964 2303 995 2353 et
1014 2291 1173 2371 iis'injuriis
1201 2288 1300 2350 affecti

194 2390 276 2462 estis,
290 2388 397 2467 quibus
416 2388 489 2446 nulli
512 2387 663 2446 hominum
682 2405 813 2466 unquam
829 2386 900 2444 ab'
882 2405 916 2444 ns
915 2386 1035 2465 quibus
1055 2403 1141 2464 opem
1160 2383 1300 2457 tulerant,

195 2481 401 2589 comperistis
398 2501 499 2540 omnes
520 2490 550 2538 et
570 2478 673 2538 horum
687 2477 918 2538 consiliariorum
932 2477 1146 2558 improbitatem
1161 2486 1190 2536 et
1203 2475 1300 2535 utilis-

195 2576 270 2636 sima
282 2575 410 2635 suasisse
420 2593 476 2632 ιιι.
500 2562 589 2632 Post'
593 2571 708 2643 iterum,
721 2570 926 2644 Athenienses,
940 2591 1007 2631 curn
1023 2569 1238 2651 perspexissem
1246 2567 1299 2628 hi·

195 2669 335 2732 strionem
345 2651 571 2773 Neoptolemum
583 2685 635 2746 per
644 2665 773 2744 speciem
782 2685 844 2725 suae
855 2664 925 2724 arus
939 2663 1074 2744 quidvis
1066 2682 1185 2743 impune
1199 2680 1299 2742 agere,

195 2763 273 2823 mala
285 2780 354 2824 vero
371 2761 465 2820 moliri
482 2761 610 2821 maxima
627 2759 794 2839 reipublicae
808 2780 912 2839 resque
925 2769 1036 2820 vestras
1050 2757 1253 2819 administrare
1266 2765 1304 2822 et,

169 2857 171 2860 ’
195 2855 319 2934 dirigere
339 2856 371 2913 in
383 2852 509 2933 Philippi
522 2855 667 2924 commodo,
675 2852 771 2932 prodii
785 2853 873 2932 idque
883 2853 967 2914 vobis
982 2853 1116 2934 exposui,
1136 2852 1218 2938 nullo
1228 2851 1297 2934 pri-

194 2954 264 3007 vato
277 2947 326 3008 ιιι
341 2945 409 3004 odio
421 2945 468 3005 vel
478 2943 677 3004 calumniandi
689 2945 832 3024 impulsus
843 2945 950 3016 studio,
961 2942 1207 3024 quemadmodum
1214 2944 1298 3009 facta

194 3060 261 3120 quae
283 3047 386 3098 secuta
404 3046 474 3097 sunt
487 3037 682 3098 declararunt.
713 3038 810 3116 Atque
832 3037 862 3096 in
881 3036 928 3096 his
948 3057 1008 3098 non
1024 3038 1088 3117 jam
1108 3036 1295 3116 Neoptolemi

193 3133 495 3209 defensores—neque
504 3131 581 3190 eninr
590 3130 1049 3210 unusfuit÷reprehendam,sed
1059 3149 1112 3188 vos
1122 3129 1296 3210 ipsosznam

194 3227 219 3286 si
233 3225 433 3304 tragoedorum
446 3225 477 3283 in
492 3223 603 3283 Bacchi·
614 3224 723 3282 theatro
734 3233 911 3302 spectatores
927 3222 1065 3294 fuissetis,
1076 3243 1136 3282 non
1150 3223 1187 3282 de
1199 3225 1297 3286 salute

193 3319 360 3398 reipublicae
374 3337 469 3377 sermo
483 3325 563 3377 esset
580 3315 708 3388 habitus,
724 3335 910 3399 nequaquam
923 3316 969 3375 vel
983 3335 1049 3375 eum
1064 3325 1125 3376 tam
1138 3317 1231 3396 aequis
1247 3319 1295 3379 vel

192 3420 317 3472 metam
338 3410 458 3470 infensis
478 3409 581 3469 animis
607 3409 774 3470 audissetis.
809 3410 903 3487 Atqui
915 3409 972 3469 hoc
995 3409 1098 3468 saltem
1118 3429 1170 3469 vos
1191 3411 1295 3490 opinor

194 3523 274 3564 nunc
294 3501 444 3564 universos
456 3504 594 3607 sensisse,
608 3522 676 3563 eum
696 3503 746 3582 qui
766 3511 830 3610 turn
844 3502 883 3562 ad
896 3503 997 3562 hostes
1011 3502 1159 3582 profectus
1173 3512 1229 3575 est,
1249 3515 1294 3580 ut,

193 3689 253 3759 huc
261 3688 415 3768 reportatis
426 3687 543 3767 publica
555 3707 678 3749 munera
685 3689 793 3758 obiret
803 3689 916 3797 quique
925 3688 982 3749 hac
993 3689 1125 3749 oratione
1135 3689 1293 3768 plurimum

194 3794 242 3843 est
254 3801 337 3852 usus,
351 3779 483 3886 iniquum
499 3799 564 3840 esse
577 3783 709 3842 accusari
723 3801 772 3864 eos
787 3801 837 3872 qur
828 3782 932 3841 illinc
937 3801 1016 3862 opes
1040 3802 1108 3843 suas
1122 3782 1153 3842 in
1166 3786 1292 3863 patriam

147 3945 150 3953 ¹
193 3874 375 3946 inveherent,
388 3894 447 3932 eum
459 3875 579 3950 inquom,
593 3893 661 3946 cum
679 3875 821 3955 primum
816 3868 896 3935 sacta
909 3895 982 3955 pace
996 3869 1061 3934 tuto
1074 3875 1105 3934 id
1124 3875 1186 3935 fieri
1199 3876 1292 3953 licuit,

193 3987 261 4048 qnae
272 3966 323 4026 hic
334 3968 414 4028 bona
425 3967 585 4057 immobilia
597 3968 739 4048 possedit,
758 3967 935 4068 vendidisse,
949 3969 1103 4049 pecuniam
1115 3988 1238 4072 propere
1251 3971 1292 4034 'ad

193 4061 276 4148 illum
290 4059 451 4148 profectum
465 4053 609 4121 everrisse.

220 4141 263 4212 3
279 4143 381 4230 ltaque
395 4151 454 4212 duo
463 4153 539 4228 baec,
549 4171 614 4233 quae
617 4129 746 4234 praediri
759 4172 825 4234 ego,
835 4157 980 4214 testantur
986 4153 1103 4214 habitas
1112 4161 1176 4218 tum
1184 4157 1291 4218 oratio

192 4239 433 4318 nessuisseveras
442 4247 723 4332 ιιιιιιιι,ιιιιίιιιιιιι
732 4256 820 4307 essent
822 4239 962 4328 ,qualia
943 4266 999 4328 ego
1010 4265 1046 4307 ea
1054 4241 1290 4330 pronuntiarem·

191 4339 319 4415 tertium,
334 4323 558 4416 Athenienses,
554 4351 585 4402 ιι
597 4340 655 4403 hoc
673 4341 755 4422 quod
774 4356 875 4403 unum·
886 4345 977 4403 restat
982 4340 1123 4419 lo'cutus,
1137 4343 1236 4404 statim
1251 4345 1290 4406 de
