2920 4950
190 237 241 297 oo
275 257 280 267 ·
304 196 306 205 ’
493 197 651 296 onemo
674 235 732 296 un
754 235 987 298 uauousso.

186 410 247 452 non
260 371 500 472 corrumpentur3
522 409 620 452 nonne
633 412 698 466 ros,
710 394 735 454 si
748 393 813 455 hac
824 393 996 468 admittatis,
1004 391 1140 455 omnibus
1151 389 1182 452 in
1195 389 1292 452 couti-

119 515 127 532 ·
184 493 273 544 nante
286 484 468 560 ceditissine
483 483 544 545 ulla
567 488 774 560 controversia,
795 497 826 547 et
839 486 1011 547 mortalibus
1025 484 1170 547 universis
1188 492 1291 544 osten·

184 577 266 651 ditis,
279 597 331 639 vos
344 597 399 658 pro
420 577 503 638 nulla
515 597 547 638 re
560 598 693 658 pugnam
714 599 782 640 cum
796 579 847 639 illo
861 589 1063 659 suscepturos,
1079 577 1221 657 siquidem
1234 594 1292 656 pro

186 665 308 750 irnperio
322 670 421 743 maris,
431 669 462 729 in
477 689 536 750 quo
550 692 604 733 vos
618 682 753 752 potentes
767 693 832 733 esse
847 672 1020 752 gloriamini,
1036 692 1094 730 non
1109 669 1293 750 pugnabitis,
1324 661 1330 679 ’

187 753 241 822 sed
256 763 431 840 senteutiam
440 763 551 843 judicis
565 765 796 847 exspectabitis?
1286 835 1289 840 ¹

229 859 259 916 3»
281 855 349 916 Jam
363 856 444 935 quod
459 857 497 917 ad
511 868 601 938 pacta
619 868 649 920 et
666 867 811 919 conventa
828 857 945 930 attinet,
966 878 998 920 se
1017 857 1161 938 quosdam
1179 855 1295 916 misisse

186 947 228 1008 ait
241 949 292 1027 qui
305 969 341 1009 ea
353 950 505 1010 vobiscum
519 950 655 1012 facienda
667 952 796 1011 curaturi
811 951 884 1022 sint;
905 971 952 1010 res
962 960 1061 1011 autem
1075 951 1188 1010 futuras
1204 957 1295 1023 ratas,

186 1060 247 1100 non
257 1039 307 1100 ubi
320 1040 350 1100 in
360 1051 460 1101 vestra
472 1041 667 1104 curiadecisae
681 1043 798 1118 fuerint,
813 1042 1063 1123 quemadmodum
1073 1043 1122 1102 lex
1131 1037 1227 1122 jubet,¹
1239 1035 1296 1100 sed

186 1153 278 1214 quum
292 1133 332 1194 ad
346 1154 377 1194 se
392 1133 501 1195 fuerint
513 1135 625 1215 relatae,
639 1145 766 1198 vestram
784 1137 918 1215 ipsorum
927 1135 1132 1217 'cognitionem
1151 1135 1190 1194 ad
1209 1129 1298 1196 sustu

185 1219 280 1308 ipsius
295 1225 499 1286 auctoritatem
514 1229 651 1290 referens.
694 1229 772 1290 Nam
785 1229 843 1289 hoc
857 1231 940 1290 vobis
957 1230 1118 1310 praecipere
1132 1229 1205 1312 uult,
1220 1238 1251 1290 et
1263 1229 1298 1290 iu

188 1318 341 1380 conventis
355 1337 407 1398 pro
420 1320 555 1380 confesso
569 1321 708 1394 statuere,
724 1343 757 1382 se
770 1322 808 1382 de
823 1319 909 1382 factis
922 1322 953 1381 in
964 1319 1099 1383 Potidaea
1109 1311 1220 1398 injuriis
1235 1341 1301 1382 non

188 1411 351 1473 accusari'a
363 1410 445 1471 vobis
467 1412 591 1491 iujuriae,
612 1414 665 1474 sed
680 1411 753 1475 illud
772 1415 936 1475 confirmari
947 1419 1014 1492 jure
1028 1435 1060 1475 se
1079 1435 1144 1475 eam
1158 1424 1190 1474 et
1206 1433 1301 1477 occu·

186 1515 276 1586 passe
289 1510 320 1564 et
331 1513 443 1568 tenere.
484 1507 575 1586 Atqui
588 1517 735 1587 quotquot
747 1506 942 1568 Athenienses
957 1507 1098 1568 Potidaeae
1112 1499 1300 1596 habitarunt,

189 1616 359 1678 quanquam
377 1599 418 1658 eis
431 1603 500 1660 cum
513 1597 649 1680 Philippo
661 1605 721 1660 non
735 1609 799 1660 erat
808 1599 999 1680 bellum,sed
1013 1597 1149 1673 societas,
1164 1609 1194 1661 et
1207 1601 1302 1672 iuter,-

186 1700 316 1751 cesserat
332 1691 549 1770 jusjurandum,
574 1693 722 1773 fidemque
746 1692 900 1774 Philippus
926 1691 1068 1754 Potidaeae
1091 1693 1299 1756 habitantibus

189 1782 322 1868 dederat,
336 1793 435 1844 tamen
448 1779 639 1846 facultatibus
654 1787 714 1846 suis
733 1785 819 1846 abeo
834 1785 951 1865 spoliati
972 1796 1050 1846 sunt.
1093 1781 1229 1848 Postulat
1243 1789 1303 1867 igi-

190 1885 238 1936 tur
250 1877 307 1938 hoc
322 1884 356 1938 u't
369 1879 406 1938 ab
426 1879 506 1939 omni
527 1889 610 1958 parte
630 1873 820 1952 conlismetis,
839 1899 871 1940 se
889 1879 926 1939 de
946 1879 1028 1940 hisce
1048 1878 1216 1940 criminibus
1227 1877 1302 1948 'noa

191 1969 362 2030 accusari'a
380 1972 475 2045 vobis,
494 1981 526 2032 et
547 1969 635 2032 nullis
659 1970 781 2033 affectos
804 1973 867 2033 esse
887 1992 941 2033 vos
965 1971 1074 2048 injuriis
1092 1967 1303 2052 profiteamini.

192 2061 271 2122 Nam
291 2061 506 2124 Macedonibus
523 2063 595 2124 nihil
616 2064 736 2123 omnino
750 2083 824 2144 opus
841 2083 907 2124 esse
924 2058 1076 2124 conventis
1087 2084 1159 2144 erga
1173 2059 1303 2124 Atheni·

190 2174 287 2226 enses,
301 2155 477 2235 praeteritum
493 2166 609 2235 tempus
624 2154 753 2215 evidenti
766 2156 847 2214 vobis
863 2165 1035 2235 argumento
1050 2155 1097 2216 sit.
1140 2155 1205 2215 Nec
1220 2151 1303 2216 enim

192 2247 239 2307 vel
255 2248 401 2328 Amyntas
413 2247 541 2327 Philippi
557 2257 648 2328 pater,
662 2248 710 2307 rel
730 2247 835 2325 reliqui
858 2247 1048 2306 Macedoniae
1062 2267 1148 2326 reges
1163 2268 1232 2309 oum
1247 2245 1305 2310 uo·

194 2351 255 2401 stra
274 2343 392 2402 civitate
412 2353 557 2424 cpnventa
572 2361 703 2420 unquam
719 2341 864 2413 iecerunt,
877 2337 1010 2420 quamvis
1024 2340 1112 2424 plura
1128 2351 1199 2402 tunc
1220 2363 1304 2404 com·

193 2436 302 2496 mercia
316 2455 403 2516 quam
417 2457 498 2495 nuno
510 2437 585 2496 inter
598 2455 652 2495 nos
664 2445 767 2494 mutuo
780 2435 963 2494 exsisterent.
1001 2432 1079 2493 Nam
1093 2446 1204 2496 nostrae
1217 2447 1305 2516 pote-

192 2531 260 2590 stati
275 2531 394 2590 subdita
404 2539 465 2589 erat
476 2529 664 2602 Macedonia,
678 2537 708 2588 et
721 2528 831 2587 tributa
839 2527 928 2587 'nobis
939 2526 1098 2606 pendebat,
1114 2539 1144 2588 et
1155 2533 1304 2610 portubus

193 2631 266 2681 tunc
279 2623 373 2700 magis
389 2619 477 2702 quam
486 2641 568 2692 nunc
582 2631 642 2680 tam
651 2640 705 2680 uos
719 2619 834 2680 illorum
844 2639 932 2699 quam
945 2619 1002 2698 ipsi
1014 2619 1121 2680 nostris
1132 2624 1308 2700 utebantur,

194 2721 225 2772 et
232 2714 346 2792 judicia
359 2725 587 2773 mercaturarum
599 2733 660 2772 non
670 2723 754 2772 erant
768 2713 811 2772 sic
825 2722 964 2773 accurata
977 2721 1010 2770 ut
1022 2709 1130 2781 hodie:
1152 2733 1219 2793 quae
1233 2715 1308 2794 quia

196 2804 319 2884 singulis
333 2807 484 2866 mensibus
498 2815 683 2879 exercentur,
698 2805 831 2866 efficiunt
849 2815 892 2878 ut,
906 2815 989 2865 tanto
1004 2805 1135 2865 locorum
1149 2805 1307 2870 intervallo

196 2895 331 2977 sejuncti,
345 2899 496 2959 conventis
517 2898 590 2958 nihil
604 2898 808 2978 lindigeamus.
851 2898 913 2958 Sed
927 2907 1036 2972 tamen,
1050 2917 1142 2978 quum
1155 2899 1214 2959 illis
1227 2909 1306 2962 tem-

195 2993 315 3074 p‘orib'us
329 2993 390 3052 tale
405 2991 476 3050 nihil
490 2993 519 3051 in
533 2993 590 3051 usu
604 3001 692 3064 esset,
706 3011 765 3050 non
780 2990 965 3072 expediebat,
979 2988 1064 3050 iactis
1080 2993 1247 3064 conventis,
1265 2995 1306 3057 ad

190 3085 260 3164 jura
270 3073 398 3167 petenda
406 3084 452 3144 v'el
463 3105 500 3144 ex
511 3083 688 3143 Macedonia
697 3083 841 3154 Athenas,
856 3083 904 3142 vel
913 3081 1037 3143 Athenis
1051 3083 1080 3142 in
1092 3083 1307 3158 Macedoniam

195 3179 343 3259 navigari;
364 3179 418 3238 sed
428 3187 461 3237 ut
471 3198 525 3238 nos
534 3177 659 3248 illorum,
672 3171 765 3238 sicilli
776 3177 884 3239 nostris
898 3176 1038 3237 institutis
1048 3186 1078 3236 et
1093 3175 1209 3256 legibus
1221 3179 1305 3260 judi-

196 3272 258 3332 cari
271 3273 485 3332 controversias
499 3271 696 3352 patiebantur.
734 3269 958 3348 Scitoteitaque
967 3268 1024 3330 ista
1034 3280 1182 3331 conventa
1195 3271 1259 3332 fieri
1272 3283 1309 3338 ut

197 3364 280 3424 vobis
291 3365 429 3444 deinceps
441 3363 552 3423 nullam
564 3370 629 3424 esse
643 3380 764 3424 causam
774 3359 1101 3443 probabilemPou‘daeae
1114 3360 1306 3426 vindicandae

198 3457 379 3534 concedatis.
833 3447 836 3450 ’

182 3542 188 3552 ’
239 3553 269 3609 4.
291 3549 333 3608 At
352 3545 390 3608 de
403 3546 592 3627 praedonibus
611 3567 729 3626 aequum
750 3567 816 3608 esse
832 3546 873 3607 ait
890 3557 925 3608 ut
944 3544 995 3626 qui
1008 3536 1170 3628 piraticam
1182 3547 1214 3608 in
1235 3551 1310 3612 mari

198 3647 346 3713 exercent,
362 3661 380 3701 a
397 3639 478 3701 vobis
501 3651 530 3700 et
549 3660 567 3699 a
589 3660 620 3700 se
643 3639 835 3700 communiter
848 3640 1006 3722 pellantur,
1021 3661 1081 3701 non
1100 3635 1181 3721 aliud
1202 3636 1309 3724 nempe

198 3733 357 3813 quam'hoc
375 3733 528 3814 postulans
542 3743 575 3792 ut
589 3731 644 3791 sibi
659 3753 677 3792 a
689 3733 770 3792 vobis
789 3731 923 3793 tradatur
937 3731 1025 3792 maris
1039 3731 1202 3813 imperium,
1216 3745 1310 3816 utque

201 3826 398 3886 confiteamini
411 3843 463 3885 vos
475 3825 540 3884 sine
559 3821 696 3904 Philippo
710 3843 807 3906 neque
820 3846 902 3886 mare
915 3826 991 3885 tueri
1005 3836 1036 3886 et
1046 3826 1196 3887 custodire
1210 3847 1311 3907 posse.

94 3947 98 3952 ²
199 3919 287 3978 Hanc
303 3921 391 3978 etiam
405 3919 460 3979 sibi
475 3917 538 3978 dari
551 3917 616 3977 vult
629 3917 789 3992 licentiam,
803 3929 837 3978 ut
858 3938 1045 3998 quocumque
1065 3919 1209 4000 navigans
1220 3932 1251 3981 et
1266 3923 1310 3982 in.

200 4011 280 4072 sulas
294 4011 425 4072 invectus
438 4021 490 4093 per
501 4011 629 4093 speciem
640 4012 760 4072 arcendi
779 4013 946 4093 praedones,
965 4013 1109 4076 insulares
1130 4027 1313 4099 corrumpat,

200 4113 231 4163 et
244 4123 262 4164 a
274 4105 358 4163 vobis
379 4105 495 4178 alienet,
509 4125 564 4166 neo
578 4105 674 4164 solum
689 4105 903 4174 Macedonicos
915 4107 1031 4168 exsules
1045 4129 1098 4189 per
1115 4108 1309 4190 imperatores

130 4225 136 4234 ³
200 4205 315 4258 vestros
334 4199 671 4277 transportet'Thasum,
689 4199 742 4258 sed
762 4209 792 4260 et
813 4196 939 4278 reliquas
959 4200 1015 4264 sibi
1034 4197 1164 4264 vindicet
1184 4195 1310 4278 insulas,

608 4377 615 4408 ¹
635 4375 766 4436 ludificant.
798 4372 891 4427 Wotr.
