2932 4952
379 414 382 422 ,
449 295 631 402 cousus
659 317 992 398 nursrocunun‘u.
1175 335 1233 392 375

93 539 94 546 ἵ
137 467 292 542 audituris,
305 469 374 546 quid
389 471 491 550 primo,
502 472 573 550 quid
588 469 730 540 secundo,
741 477 793 526 aut
805 473 952 546 postremo
965 464 1032 522 loco
1045 463 1143 524 audire
1157 484 1247 544 pree·¹

137 561 256 636 optetis,
279 561 404 621 Proinde
419 564 514 622 videte
529 563 668 642 quidnam
680 560 782 632 velitis,
796 571 829 618 ut
842 559 870 616 id
885 557 1006 636 primum
1027 559 1109 616 vobis
1128 557 1231 617 dicam.

139 650 188 710 De
201 653 316 713 violatis
331 655 443 733 legibus
458 654 544 714 vultis
555 653 698 734 primumi
721 653 786 711 Hoc
801 652 886 728 igitur
898 651 1045 708 dicemus:
1063 651 1124 708 Oro
1135 660 1234 708 autem

138 753 171 801 et
184 747 301 821 postulo
322 767 339 806 a
353 749 433 807 vobis
447 769 492 820 ea,
506 768 582 826 quae,
598 758 631 806 ut
643 747 714 806 mihi
727 745 899 826 persuadeo,
913 764 999 820 aequa
1013 745 1212 826 omniuosuut
1227 765 1235 805 ι

138 857 227 896 nemo
242 851 380 923 vestrum,
395 842 599 913 Athenienses,
612 850 764 920 propterea
781 838 860 916 quod
883 835 1087 896 Charidemum
1110 836 1235 915 ignorat,

138 938 172 987 et
184 930 222 989 de
237 934 387 1010 republica
399 935 475 993 bene
493 934 626 992 meritum
645 941 739 1010 putat,
755 931 884 1010 quadarn
902 929 990 988 animi
1012 930 1236 1008 pertinaciam-

139 1021 269 1095 ductus,
280 1035 397 1084 nostros
412 1026 448 1085 de
462 1025 576 1103 legibus
592 1043 739 1100 sermones
754 1023 942 1100 iniquioribus
957 1023 1074 1082 auribus
1093 1023 1235 1101 accipiat:

139 1132 239 1190 neque
252 1126 371 1193 propter
383 1117 415 1176 id,
427 1116 473 1175 vel
487 1118 614 1194 seipsum
630 1115 790 1184 defraudet,
804 1133 863 1190 quo
878 1113 973 1171 miuus
988 1133 1039 1192 pro
1048 1113 1238 1192 jurisjurandi

139 1203 290 1282 religione
298 1207 472 1266 sententiam
485 1207 568 1278 ferat,
583 1206 629 1265 vel
643 1225 691 1264 me
705 1205 869 1284 impediat
862 1226 893 1261 ιιι
912 1206 947 1264 iis
962 1206 1151 1283 explicandis,
1170 1226 1237 1283 quse

67 1333 70 1335 -
139 1312 195 1351 vos
210 1295 332 1355 edocere
352 1297 485 1357 decrevi:
507 1298 614 1356 sedita
628 1293 782 1367 auscultet
805 1305 838 1353 ut
851 1295 1025 1373 consideret,
1046 1317 1132 1374 quam
1154 1318 1239 1378 aequa

141 1389 250 1447 dicam.
279 1391 323 1450 Ac
344 1392 394 1450 ubi
406 1392 503 1470 legum
517 1393 684 1462 meminero,
700 1391 806 1448 omissa
821 1390 998 1466 cogitatione
1013 1401 1129 1468 propter
1150 1411 1239 1468 quem

143 1491 198 1540 aut
221 1484 337 1560 qualem
353 1494 437 1544 senat
425 1484 641 1544 tusconsulturn
664 1483 702 1540 sit
722 1482 854 1551 factum,
864 1479 895 1539 id
910 1482 1014 1551 solum,
1038 1501 1134 1560 neque
1159 1484 1240 1542 aliud

142 1575 303 1652 quicquam
329 1576 507 1648 consideret,
522 1586 670 1635 ¹contrane
698 1583 735 1632 an
763 1574 924 1634 secuudum
951 1574 1031 1651 leges
1061 1575 1099 1632 sit
1118 1575 1249 1634 factum.¹

142 1668 244 1736 Quum
254 1687 322 1727 iero
333 1685 377 1728 res
391 1671 427 1727 ab
441 1689 476 1728 eo
491 1678 590 1746 gestas
605 1683 773 1736 excussero‚
787 1677 874 1742 atque
888 1686 1070 1737 recensuero,
1081 1687 1139 1746 quo
1152 1678 1239 1747 pacto

143 1759 210 1818 sitis
232 1762 268 1846 ab
288 1781 323 1820 eo
344 1762 468 1848 decepti,
483 1762 605 1838 cogitet,
626 1769 722 1818 utrum
736 1779 783 1818 res
799 1759 900 1828 factae,
915 1778 951 1816 an
966 1759 1119 1818 ementitas
1133 1760 1239 1844 dicam.

146 1851 207 1909 Ubi
227 1869 312 1930 porro
325 1853 527 1930 disquisivero‚
550 1863 647 1912 utrum
669 1850 850 1929 erepublica
867 1850 913 1920 sit,
934 1851 980 1908 vel
1001 1861 1104 1911 contra
1124 1873 1239 1933 rempu-

142 1943 264 2014 blicam,
278 1945 342 2005 hacc
357 1946 531 2019 decernere,
538 1946 651 2004 omissis
666 1945 769 2004 ceteris
783 1944 928 2015 omnibus,
942 1945 1070 2004 rationes
1089 1946 1130 2005 de
1139 1947 1184 2006 his
1198 1949 1241 2007 nl·

143 2035 224 2094 latas
244 2036 392 2115 inspiciat,
404 2046 500 2096 utrum
514 2037 572 2094 illae
586 2048 666 2096 recte
689 2055 753 2094 sese
772 2036 911 2105 habeant,
925 2055 962 2093 an
986 2056 1080 2096 secus.
1092 2100 1096 2106 ,
1106 2039 1202 2098 ιΝιιιιι
1217 2041 1242 2100 si

141 2141 197 2185 'me
209 2127 262 2187 ’his
283 2117 387 2196 animis
401 2130 535 2200 audietis,
556 2140 618 2186 tum
632 2128 685 2206 ipsi
700 2127 817 2204 optime,
831 2147 897 2203 quoe
913 2127 1048 2200 deceant,
1062 2129 1243 2208 intelligetis,
1277 2187 1283 2199 ,

144 2219 272 2296 singulis
291 2221 413 2279 seorsim
437 2221 640 2291 consideratis,
661 2229 706 2278 et
710 2239 769 2278 non
791 2219 877 2277 simul
897 2219 995 2278 omnia
1017 2221 1171 2282 confertim
1190 2225 1243 2282 ob·

145 2320 284 2370 tuentes:
299 2321 366 2371 turn
381 2333 436 2391 ego
451 2333 517 2390 quoe
536 2313 602 2373 volo
620 2310 757 2371 facillime
772 2321 883 2389 potero
893 2311 1000 2372 dicere
1019 2307 1130 2406 Paucis
1144 2326 1242 2377 autem

145 2403 458 2464 absolventuromnia.
526 2419 529 2424 ‘

192 2495 222 2552 6.
244 2495 346 2574 Cape
339 2497 427 2572 rgitur
440 2495 538 2572 leges
530 2515 620 2574 ipsas,
636 2504 666 2554 et
679 2495 735 2554 reci
738 2504 778 2566 ta,
792 2505 825 2554 ut
838 2515 890 2575 per
902 2515 952 2554 eas
973 2490 1136 2572 ostendam,
1157 2519 1243 2610 quam

147 2587 199 2645 isti
213 2587 312 2665 legum
324 2587 492 2646 nullamt
448 2597 492 2646 rat
494 2588 589 2646 ionem
601 2586 785 2647 habuerint.

314 2792 339 2848 Ε
360 2789 638 2896 CAPITALIBUS
663 2793 838 2854 LEGIBUS
855 2794 1085 2858 AREOPAGI.

574 2982 578 2990 ¹
651 2971 745 3028 LEX.

187 3130 286 3176 Senatus
296 3127 475 3189 Areopagiticus
486 3127 516 3174 de
525 3127 590 3174 crede
602 3133 625 3172 et
643 3127 738 3180 vnlnere
750 3127 855 3174 consulto
866 3127 937 3184 fecto,
949 3128 980 3175 de
989 3127 1098 3183 inccndio
1107 3137 1131 3178 et
1142 3134 1246 3193 venenis,

151 3207 241 3271 quibus
252 3204 367 3267 porrectis
377 3204 462 3264 aliquis
473 3204 585 3251 hominem
598 3202 824 3281 occiderit,Judicet

152 3356 278 3415 Desine.
315 3342 469 3415 Audistis*
486 3364 546 3415 tam
574 3355 681 3432 legem,
717 3372 805 3430 quam
844 3352 1004 3426 decretum,
1040 3355 1247 3424 Athenienses.

152 3446 412 3514 Quemadmodum
426 3457 522 3505 autem
536 3445 605 3503 mihi
619 3445 775 3504 videamini
794 3445 918 3504 rationes
932 3445 1008 3523 ipsas
1029 3447 1066 3507 de
1078 3449 1192 3513 violatis
1205 3457 1248 3523 le-

153 3542 242 3620 gibus
262 3537 397 3597 facillime
422 3539 575 3617 cognituri,
603 3538 659 3597 hoc
687 3539 768 3596 vobis
795 3535 893 3596 dicam
901 3558 910 3605 ;
939 3538 964 3596 si
988 3535 1248 3622 consideraveritis,

153 3631 241 3709 cujus
262 3631 371 3710 ordinis
386 3631 422 3689 sit
432 3630 469 3701 is,
489 3649 616 3710 proquo
631 3627 920 3690 senatusconsultum
933 3629 1123 3694 facturn'est:
1146 3657 1184 3696 an
1197 3660 1249 3718 pe·
1293 3698 1296 3705 ,

152 3723 300 3801 regrinus,
314 3741 351 3780 an
368 3721 538 3801 inquilinus,
552 3742 590 3782 an
610 3720 681 3782 civis
695 3723 740 3781 sit.
770 3724 866 3788 Quem
880 3723 904 3782 si
919 3723 1048 3784 dicemus
1067 3726 1249 3804 inquilinum,

153 3814 348 3876 mentiemur:
371 3833 470 3872 rursus
485 3814 509 3872 si
522 3813 677 3891 hospitem,
691 3813 824 3888 injuriam
839 3815 865 3872 ei
878 3815 1037 3875 faciemus:
1059 3819 1157 3896 populi
1172 3823 1250 3884 enim

151 3905 340 3978 beneficium,
353 3925 412 3983 quo
426 3906 542 3964 civitate
554 3915 600 3964 est
613 3905 749 3976 donatus,
765 3917 859 3966 ratum
875 3907 916 3966 illi
930 3929 1047 3968 manere
1062 3910 1161 3972 debet.
1189 3917 1250 3978 Re-

152 3997 308 4076 linquitur,
323 4000 365 4057 sic
379 4009 412 4057 ut
425 3999 462 4058 de
476 3998 549 4069 cive,
563 4019 628 4058 esse
644 3998 681 4057 de
694 4019 730 4058 eo
744 3999 931 4078 loquendum.
953 4001 1088 4078 Obsecro¹
1104 4017 1204 4081 autem
1219 4021 1252 4071 ut

154 4092 306 4172 spectetis,
320 4110 409 4168 quam
429 4089 550 4168 simplici
563 4100 593 4148 et
601 4090 684 4168 justa
696 4095 808 4150 ratione
820 4103 896 4164 utar,
911 4093 960 4170 qui
975 4094 1006 4151 in
1025 4093 1104 4156 hunc
1119 4098 1251 4162 ordinem
1323 4087 1324 4096 ἵ

153 4203 226 4260 enm
240 4181 391 4253 collocem,
406 4181 435 4240 in
458 4202 517 4261 quo
532 4183 688 4241 maximum
703 4184 842 4242 honorem
857 4196 1078 4262 consequatur:
1094 4190 1169 4258 Quae
1182 4215 1252 4255 vero

152 4275 241 4339 vobis
256 4285 360 4334 natura
372 4274 483 4334 civibus
504 4287 612 4354 negata
629 4268 711 4347 sunt,
723 4275 832 4334 necilli
846 4277 947 4356 opinor
961 4290 1064 4340 contra
1080 4270 1252 4362 legessunt
1280 4305 1283 4312 ’

153 4369 360 4432 concedenda.
396 4369 470 4436 Quae
486 4379 555 4444 sunt
574 4367 661 4452 igitur
675 4369 728 4428 eal
748 4389 815 4455 quse
835 4369 888 4429 iste
907 4370 995 4432 modo
1013 4375 1137 4454 scripsit.
1173 4377 1251 4439 Nam
