2912 4946
234 231 295 291 ros
456 219 659 302 &cormac
681 189 1038 292 inrsroerrouam
1062 231 1088 290 1.
1168 243 1184 270 s

230 375 340 455 vident.
354 392 388 444 ut
401 397 460 444 non
473 384 583 446 ildissc
596 385 760 447 videantur.
781 386 827 444 lta
836 387 879 456 fit,
890 396 924 445 ut
937 385 1036 446 omnia
1049 387 1122 446 flant
1133 405 1200 464 quae
1211 383 1328 464 ingenia

230 477 339 548 serunt,
353 487 384 538 et
397 488 476 537 recte
489 477 571 538 fiant.
592 478 640 538 Ad
654 478 778 538 eundem
792 479 880 555 igitur
889 478 968 538 hunc
982 479 1101 538 modurn
1116 488 1147 538 et
1161 497 1223 546 vos,
1233 476 1325 534 Athe-

154 627 157 636 ,
230 570 356 639 nienses,
370 569 400 626 in
416 571 486 630 urbe
496 569 644 642 habitatis,
658 580 851 648 cognatorum
865 569 966 644 instat,
979 581 1067 649 atque
1080 571 1261 630 humaniter:
1282 566 1329 626 alii

231 661 274 722 sic
288 661 486 740 adspicientes
500 662 737 722 calamitosorum
752 661 840 734 mala,
853 654 983 740 utriuod
996 660 1149 742 proverbio
1161 658 1279 729 dicitur,
1287 658 1328 716 vi·

232 753 337 812 dentes
348 771 407 814 non
421 753 557 822 videatis,
574 763 604 812 et
617 754 770 813 audientes
782 773 841 835 non
855 753 993 827 audiatis,
1002 754 1045 812 illi
1058 752 1100 810 ita
1113 771 1149 812 ea
1163 762 1254 828 agant
1264 770 1328 828 quae

231 845 353 917 faciunt,
364 854 398 904 ut
408 864 459 904 eos
472 855 614 924 appareat
626 865 728 908 cavere
742 855 773 904 et
785 845 986 908 verecundari.
1010 845 1089 903 Hine
1103 841 1268 903 communis
1281 842 1329 900 illa

231 947 261 996 et
274 924 402 998 omni'um
415 939 559 998 bonorum
579 957 669 998 causa
683 938 851 1016 reipublicae
867 948 968 998 manet
981 947 1012 997 et
1026 944 1143 996 constat
1163 935 1329 995 concordia.

233 1030 307 1089 Haec
322 1029 482 1108 Aristogito
496 1031 572 1090 adeo
585 1028 727 1108 praeclare
739 1031 799 1089 fixa
812 1040 927 1102 natura,
937 1041 967 1090 et
978 1029 1117 1089 institutis
1130 1028 1248 1100 restria,
1262 1047 1329 1086 con-

172 1137 175 1144 *
228 1120 322 1194 ,vellit
337 1121 422 1194 eruit,
436 1122 559 1181 evertit:
581 1133 611 1180 ct
631 1140 698 1199 quae
718 1141 820 1180 omnes
834 1121 882 1180 alii
898 1117 1062 1202 calamitosi
1077 1123 1189 1199 absque
1208 1121 1328 1199 strepitu

232 1213 353 1284 faciunt,
362 1234 397 1273 ea
411 1216 436 1274 is
450 1224 565 1273 tantum
578 1233 637 1272 non
650 1214 726 1283 nolis
737 1213 889 1293 suspensis
902 1213 1026 1292 peragit.
1051 1214 1120 1272 Non
1134 1224 1264 1286 senator,
1274 1234 1328 1292 non

230 1325 342 1388 praeco,
355 1319 414 1368 non
429 1320 550 1386 praeses,
564 1327 624 1368 non
642 1307 805 1387 praesidens
826 1309 919 1366 tribus
933 1327 999 1366 eum
1013 1315 1148 1368 coercere
1161 1317 1269 1387 potest.
1300 1308 1329 1366 Si

232 1400 299 1478 quis
313 1401 400 1479 igitur
409 1413 538 1466 vestrum
549 1401 614 1478 ejus
628 1398 789 1477 petulantia
803 1399 942 1471 offensus,
956 1420 1024 1460 eum
1039 1401 1110 1458 talia
1124 1410 1155 1458 et
1168 1400 1240 1460 talia
1254 1401 1330 1459 dicat

232 1511 332 1571 agere,
350 1513 416 1552 curn
431 1493 538 1552 debeat
551 1492 662 1562 aerario,
684 1490 755 1570 quid
771 1511 851 1564 vero,
873 1491 1212 1571 consecratamque,
1230 1493 1329 1552 aerario

233 1588 344 1656 debet?
367 1588 407 1647 Et
419 1589 534 1647 hostem
548 1586 672 1664 quisque
686 1605 770 1644 suurn
786 1586 927 1645 nominat.
949 1586 1047 1649 Quare
1061 1585 1232 1666 improbitas
1249 1586 1328 1644 istius

233 1699 326 1740 causa
339 1690 386 1739 est
399 1680 630 1752 maledictorum,
646 1699 712 1758 quae
726 1688 844 1758 propter
858 1677 946 1738 istum
965 1676 1000 1758 iis
1013 1677 1099 1756 liunt,
1114 1677 1165 1755 qui
1179 1687 1251 1736 sunt
1270 1678 1329 1756 ejus

164 1849 170 1853 .
209 1772 401 1834 dissimiles.

225 1931 228 1938 ,
273 1870 323 1928 21.
345 1867 504 1944 Reliquum
514 1866 602 1944 igitur
613 1873 668 1938 est,
681 1864 889 1936 Athenienses,
898 1866 933 1926 iis
945 1866 994 1946 qui
1005 1866 1061 1940 isto
1072 1866 1189 1926 liberari
1202 1867 1328 1946 cupiunt,

232 1969 266 2020 ut
280 1960 346 2020 freti
366 1959 467 2036 legum
487 1957 624 2036 exemplo
643 1958 798 2036 perspicuo
817 1969 848 2036 et
867 1958 970 2017 illustri
989 1959 1123 2030 maxime,
1144 1959 1249 2038 capitis
1267 1979 1328 2018 eum

231 2051 437 2120 condemnent,
450 2062 502 2109 aut
516 2059 600 2126 tanta
609 2051 744 2128 pecunia
755 2050 909 2120 mulctent,
925 2059 1064 2130 quantam
1078 2043 1194 2120 solvere
1207 2071 1268 2110 non
1281 2072 1328 2130 po

231 2145 310 2216 terit.
331 2143 425 2203 Aliter
436 2145 512 2202 enim
527 2143 618 2220 quieti
630 2162 681 2221 per
695 2163 762 2202 eum
776 2163 842 2202 esse
858 2163 918 2202 non
927 2142 1070 2223 poteritis,
1081 2143 1111 2202 id
1125 2153 1207 2206 certo
1218 2145 1329 2203 scitote.

232 2237 361 2308 Etenim,
377 2236 771 2314 Atheniensesreliquorum
780 2235 932 2294 hominum
946 2235 1069 2294 videatis
1084 2236 1211 2315 optimos
1229 2248 1260 2297 et
1273 2257 1329 2296 mo·

234 2329 416 2390 destissimos
427 2336 537 2386 naturae
550 2327 701 2396 instinctu,
716 2327 795 2386 omni
806 2327 883 2386 ultro
897 2327 980 2404 fungi
996 2327 1110 2388 officio:
1132 2328 1206 2386 alios
1221 2329 1268 2414 bis
1282 2329 1330 2388 dc-

224 2423 352 2490 ,teniores
365 2440 425 2500 non
446 2420 522 2488 adeo
538 2429 647 2492 tanen,
661 2429 696 2478 ut
709 2419 831 2480 nimium
844 2427 987 2480 vocentur
1000 2419 1132 2498 improbi,
1147 2431 1229 2479 metu
1245 2423 1329 2482 vestri

228 2515 416 2594 ,turpiumque
427 2523 457 2572 et
466 2515 666 2590 verborumuet
674 2513 846 2590 probrorum
857 2511 971 2582 dolore,
982 2529 1084 2572 cavere
1093 2530 1130 2570 ne
1141 2511 1328 2591 delinquant:

230 2605 461 2687 improbissimos
476 2614 584 2676 autem,
603 2615 635 2665 et
654 2623 728 2682 quos
747 2603 916 2683 deploratos
935 2601 1097 2682 nominent,
1116 2604 1329 2666 calamitatibus

232 2697 420 2780 etsupplrcus
428 2695 535 2757 erudrrr
545 2695 656 2756 drount
680 2696 887 2774 AtArrstogrto
895 2693 1033 2756 mortales
1043 2713 1254 2774 omnebusque
1263 2700 1330 2758 adeo

231 2789 417 2870 improbitate
441 2796 571 2868 superat,
584 2797 618 2846 ut
632 2807 688 2848 nec
709 2788 839 2866 acceptis
862 2785 943 2850 malis
966 2786 1003 2844 sit
1024 2785 1119 2846 factus
1143 2790 1330 2862 emendatior,

232 2882 307 2944 sed
300 2904 329 2942 m
344 2882 446 2942 iisdem
461 2865 620 2950 sceleribus
632 2889 662 2940 et
674 2881 785 2956 injuriis
800 2879 897 2938 denuo
889 2878 1118 2964 deprehensus.
1139 2881 1258 2942 Tanto
1250 2886 1332 2963 rgitur

232 2995 313 3050 nunc
326 2974 352 3034 ei
367 2975 483 3052 gravius
496 2992 584 3051 quarn
598 2972 667 3032 olim
681 2982 726 3032 est
738 2954 942 3042 irascendum,
948 2970 1028 3048 quod
1046 2981 1109 3030 tum
1123 2971 1248 3038 decreta
1262 2977 1330 3034 durr-

231 3075 315 3128 taxat
327 3066 473 3128 contraria
485 3065 599 3144 legibus
611 3063 746 3128 facienda
760 3083 827 3126 esse
840 3065 980 3142 putabat.
996 3083 1076 3125 nunc
1091 3085 1160 3124 vero
1174 3065 1240 3124 baec
1255 3069 1329 3138 lacit,

232 3159 414 3236 criminatur,
434 3157 465 3216 in
479 3155 622 3216 concione
636 3155 783 3222 orationes
796 3154 887 3214 habet
901 3155 940 3222 ad
959 3155 1111 3235 populum,
1132 3157 1332 3235 calumniatur,

232 3225 337 3311 duclt'
330 3270 361 3309 ιιι
374 3269 533 3321 carcerem,
547 3247 706 3317 maledicit,
723 3246 827 3326 capitis
840 3247 971 3316 arcessit,
991 3247 1070 3308 laesa
1090 3253 1256 3324 majestatis
1271 3275 1330 3313 reos

165 3397 167 3399 .
233 3343 306 3422 agit,
320 3341 350 3402 iu
361 3341 494 3401 homines
507 3340 665 3400 honoratos
678 3336 833 3411 invehitur,
850 3359 917 3402 cum
932 3339 995 3418 ipse
1009 3340 1112 3400 aerario
1126 3342 1247 3403 debeat.
1270 3347 1330 3414 Quo

232 3435 305 3496 nihil
329 3445 375 3494 est
396 3433 564 3522 indignius.
590 3434 635 3492 Ac
665 3432 824 3494 admonere
842 3431 984 3518 quidem
981 3432 1068 3491 istum
1091 3433 1215 3494 insanies
1238 3437 1328 3498 suerit

234 3526 293 3598 Qni
307 3525 384 3592 enim
404 3524 589 3608 tumultibus,
604 3525 709 3602 quibus
724 3525 879 3600 universus
898 3508 1024 3603 populus
1043 3526 1100 3584 sibi
1110 3528 1253 3590 molestos
1274 3551 1330 3588 mo·

233 3639 304 3698 nere
319 3618 406 3692 solet,
427 3635 577 3712 nunquam
592 3617 692 3704 cessit,
715 3627 1057 3694 nequecommotusest,
1072 3616 1095 3676 is
1116 3619 1204 3680 unius
1222 3623 1330 3682 scilicet

233 3692 359 3788 bominis
374 3703 506 3778 oratione
520 3683 704 3769 movebilurl
726 3710 904 3783 insanabile,
919 3695 1124 3783 Athenienses
1139 3713 1216 3773 illius
1238 3717 1329 3774 estin

234 3803 363 3880 genium
384 3801 531 3880 Oportet
524 3801 622 3880 igitur,
636 3813 670 3860 ut
683 3801 789 3866 medici
804 3816 954 3874 cancrum,
969 3811 1020 3862 aut
1033 3802 1118 3876 ulcus
1133 3806 1271 3880 eredens,
1283 3819 1328 3868 aut

233 3895 313 3954 aliud
327 3913 444 3974 prorsus
459 3893 672 3962 immedicabile
686 3895 807 3965 malurn,
820 3905 872 3956 aut
884 3904 983 3969 urunt,
997 3905 1049 3954 aut
1059 3911 1196 3958 resecant
1208 3903 1327 3978 penitus,

225 3987 274 4062 'ita
286 4006 337 4045 vos
351 4005 454 4060 ornnes
468 3986 544 4046 hanc
557 3987 686 4052 belluam
700 3987 902 4070 exterminare,
916 3987 1020 4068 ejicere
1034 4005 1051 4046 e
1065 3989 1195 4064 civitate,
1205 3993 1327 4052 tolleres

229 4077 343 4156 medio,
362 4097 419 4137 nec
442 4071 589 4158 eousque
612 4089 784 4156 exspectare
804 4079 928 4152 debetis,
949 4079 1022 4140 dum
1042 4080 1327 4162 accipiatismalum,

233 4169 314 4250 quod
330 4169 462 4241 absitus
476 4170 513 4228 sit
527 4170 692 4248 reipublicae
706 4170 913 4248 perniciosum,
922 4171 975 4230 sed
987 4181 1099 4238 mature
1110 4157 1326 4251 praecavendum

235 4271 291 4342 est.
306 4261 365 4330 ‚Sic
381 4259 458 4318 enirn
473 4261 667 4332 considerate,
682 4262 826 4340 neminem
846 4263 970 4328 fortasse
984 4274 1113 4324 vestrum
1126 4285 1253 4342 unquam
1271 4287 1325 4328 scr·

236 4372 311 4430 pens
336 4351 502 4423 momordit,
522 4363 574 4412 aut
595 4373 730 4430 araneus,
754 4364 784 4414 et
806 4355 937 4424 absitut
960 4365 1090 4434 unquam
1113 4358 1260 4442 mordeat:¹
1278 4359 1325 4420 sed
