2920 4950
244 287 287 346 80
453 323 455 331 ,
521 284 680 345 ORATIO
702 283 760 345 DE
778 281 1073 368 KOHERSONESO'.

243 439 291 501 lta
304 442 346 514 lit,
358 449 391 500 ut
403 459 456 500 vos
467 440 556 501 otium
568 425 782 519 adipiscamini,
798 451 885 518 atque
896 439 923 526 in
939 459 1067 519 presens
1075 427 1151 502 'nitu
1163 427 1266 521 agatis,
1278 461 1341 522 qum

244 551 347 593 vereor
357 553 394 593 ne
407 534 490 593 vobis
505 533 662 612 aliquando
678 551 786 611 magno
796 533 965 592 constitisse
978 531 1115 594 credituri
1129 535 1201 608 sitis,
1215 535 1262 594 isti
1276 555 1340 596 reru
1359 569 1362 574 ·

244 625 368 704 gratiam
383 635 601 704 consequantur
614 634 644 684 et
658 645 727 703 quae
744 643 780 684 ex
792 625 838 684 his
852 627 933 684 rebus
948 627 1040 686 oritur
1058 627 1233 686 mercedem.
1277 627 1340 707 Ego

243 735 314 778 vero
327 716 577 798 supervacaneum
595 737 659 778 esse
674 728 745 797 puto
758 719 842 778 vobis
861 719 985 779 suadere
1001 737 1114 800 pacem,
1129 720 1190 799 qui,
1205 739 1271 780 cum
1281 721 1340 801 jam

243 831 417 891 persuasum
433 810 533 883 idest,
548 810 697 883 desidetis,
713 811 766 871 sed
780 811 820 870 illi
833 814 998 872 suadendum
1011 823 1063 885 est,
1078 813 1128 892 qui
1143 813 1226 873 bellis
1239 803 1340 893 geren·

240 903 287 962 dis
301 912 479 982 occupatum
499 905 547 963 cui
566 903 590 962 si
614 923 787 982 persuasum
807 904 904 978 fuerit,
924 905 955 964 in
972 907 1056 965 vobis
1073 906 1155 966 nulla
1177 927 1259 968 mora
1283 919 1340 968 est:

242 996 368 1056 molesta
380 1015 459 1068 vero,
475 1017 579 1055 nereus
589 1005 658 1086 puto
669 998 745 1056 vobis
754 1000 878 1068 suadae,
895 998 1003 1058 ducere
1017 1019 1090 1070 esse,
1107 1019 1166 1059 nou
1177 1019 1245 1078 quse
1258 1013 1339 1061 tuen·

242 1089 289 1148 due
303 1088 406 1148 salutis
418 1090 513 1168 gratia
526 1089 776 1167 insumpserim,
788 1091 841 1150 sed
851 1111 887 1150 ea
899 1111 966 1169 quae
976 1091 1113 1159 feremus,
1128 1093 1153 1152 si
1167 1092 1231 1152 haec
1244 1094 1340 1156 iacere

173 1209 175 1218 ν
240 1181 419 1241 noluerimus
430 1201 438 1240 ε
450 1191 482 1240 et
497 1187 515 1218 ‘⁶
530 1199 600 1260 opes
621 1190 730 1241 nostrae
744 1181 942 1243 differentur”
956 1185 1074 1261 quemme
1093 1185 1338 1261 obstrepentem‘si-

239 1283 328 1346 stere,
338 1273 501 1334 custodiam
511 1294 571 1352 qua
580 1284 824 1334 conservarentur
836 1275 1026 1354 assignando,
1037 1295 1097 1337 non
1110 1279 1236 1356 neglectu
1250 1287 1279 1337 et
1291 1281 1344 1340 ab·⁴

234 1363 367 1447 jectione
382 1367 524 1426 utilitatis.
553 1359 633 1447 'Ego
654 1385 738 1440 vero,
757 1367 965 1438 Athenienses,
983 1368 1040 1428 hoc
1058 1370 1156 1448 ipsum
1171 1390 1250 1449 aegre
1268 1373 1339 1446 fero,

240 1460 265 1520 si
277 1459 410 1541 pecuniae
431 1460 564 1538 direptio,
586 1479 674 1539 quam
695 1469 729 1519 ut
748 1460 834 1532 tueri,
853 1459 896 1519 sic
917 1461 1100 1539 peculatores
1118 1462 1232 1541 punire,
1252 1483 1339 1542 penes
1365 1447 1368 1462 ,

236 1571 290 1612 ros
314 1561 370 1623 est,
394 1551 568 1632 quibusdam
583 1567 712 1612 vestmm
734 1563 780 1612 est
802 1552 935 1613 molesta.
976 1553 1131 1633 Philippus
1156 1567 1267 1628 autem,
1290 1557 1340 1636 qui

239 1655 332 1706 totam
355 1645 493 1726 deinceps
513 1645 659 1706 Graciam
678 1643 785 1724 diripit,
805 1653 945 1706 etvestro
968 1645 1047 1706 malo
1072 1646 1179 1727 diripit,
1203 1665 1267 1709 non
1295 1659 1339 1708 est

239 1739 391 1800 molestus.
434 1747 437 1754 ⁴
1110 1755 1111 1759 ’

282 1835 328 1893 14.
349 1836 426 1900 Ques
444 1832 641 1919 igitur'causa
660 1834 780 1893 tandem
798 1844 854 1909 est,
870 1825 1078 1906 Athenienses,
1098 1853 1167 1895 cum
1185 1834 1337 1917 Philippus

238 1927 280 1986 ita
294 1925 535 1985 manifestabella
548 1935 639 2014 gerat,
652 1925 854 2010 perinjurium
868 1935 1026 2005 grassetur,
1042 1929 1128 1987 urbes
1148 1938 1286 2008 occupet,
1306 1939 1338 1988 ut

234 2019 358 2078 istorum
369 2037 455 2078 nemo
469 2037 596 2098 unquam
611 2017 724 2088 dixerit,
739 2039 806 2078 eum
825 2019 1034 2100 injuste-agere
1049 2020 1217 2100 bellumque
1231 2023 1337 2093 iacere,

238 2110 292 2170 sed
307 2119 339 2169 ut
351 2112 491 2172 concitati
504 2111 574 2172 belli
588 2111 696 2171 crimen
714 2111 773 2171 illis
789 2112 960 2192 impingant,
975 2113 1026 2190 qui
1044 2114 1184 2174 conatibus
1197 2115 1275 2173 illius
1286 2115 1338 2174 ob·

219 2205 222 2213 “
237 2203 400 2264 sistendum
416 2215 447 2264 et
459 2205 524 2265 haec
543 2215 644 2266 nosue
657 2203 835 2264 vindicanda
853 2193 996 2264 suadenti
1018 2205 1083 2284 Ego
1103 2205 1234 2266 docebo:
1258 2203 1338 2286 quod

234 2295 416 2356 iracundiam
435 2317 510 2369 eam,
524 2316 615 2375 quam
630 2317 683 2376 par
702 2305 800 2358 estut
818 2315 871 2355 vos
890 2296 1069 2376 concipiatis,
1083 2298 1108 2357 si
1129 2318 1204 2378 quas
1225 2319 1244 2358 e
1258 2300 1334 2360 bello

175 2407 180 2414 ·
235 2389 383 2450 molestias
397 2391 542 2470 ceperitis,
556 2389 585 2448 in
600 2411 661 2465 eos,
675 2390 725 2469 qui
737 2389 820 2450 robis
841 2379 997 2449 utilissima
1013 2387 1126 2464 dicunt,
1141 2392 1275 2452 converti
1287 2411 1335 2453 ro.

234 2482 313 2551 hints
335 2494 369 2542 ut
381 2483 436 2542 hos
447 2502 567 2543 eausam
578 2483 676 2542 dicere
690 2483 814 2562 cogatis,
825 2501 886 2540 non
901 2480 1068 2561 Philippum
1082 2482 1278 2556 ulciscamini,
1291 2496 1336 2552 at-x

235 2564 495 2655 que'accns'atores
510 2595 577 2635 cum
593 2576 660 2650 sint,
674 2575 729 2655 ipsi
742 2585 842 2634 tamen
857 2594 875 2634 a
891 2593 924 2633 se
934 2593 1014 2634 nunc
1025 2574 1219 2635 admissorum
1235 2597 1335 2657 pesnas

234 2667 332 2727 nullas
346 2669 430 2733 dent,
469 2668 534 2728 lloc
551 2669 623 2728 illud
642 2677 688 2729 est
706 2667 786 2746 quod
806 2667 920 2740 dicunt,
932 2667 1007 2728 velle
1025 2667 1168 2746 quosdam
1188 2671 1269 2749 apud
1284 2691 1333 2730 ros

234 2760 362 2820 excitare
375 2761 495 2832 bellum,
509 2762 579 2822 hinc
591 2762 642 2821 illa
661 2770 733 2820 nata
750 2771 797 2820 est
816 2760 975 2837 altercatio.
1018 2760 1082 2839 Ego
1092 2779 1160 2820 vero
1175 2755 1260 2822 certo
1274 2762 1333 2822 scio

234 2852 412 2932 Philippum,
428 2873 495 2914 cum
516 2873 602 2915 neruo
622 2853 844 2914 Atheniensium
862 2853 973 2915 bellum
991 2852 1181 2926 decrevisset,
1194 2863 1261 2914 tum
1275 2856 1331 2914 alia

233 2946 337 3017 multa,
359 2945 427 3027 'quse
446 2957 547 3007 nostra
565 2937 693 3020 fuerunt,
713 2966 885 3027 occupasse,
906 2955 969 3006 tum
987 2965 1068 3006 nunc
1087 2946 1333 3010 auxilia‘misi'sse

235 3038 400 3100 Cardiauis.
431 3039 462 3098 si
476 3059 530 3100 nos
545 3040 632 3119 igitur
646 3035 830 3098 dissimulare
842 3039 986 3112 volemus,
997 3040 1037 3099 ab
1050 3057 1087 3098 so
1101 3058 1155 3099 nos
1168 3039 1249 3100 bello
1263 3041 1331 3120 p'eti,

233 3133 363 3193 omnium
376 3133 582 3194 stolidissimus
600 3143 689 3205 esset,
707 3133 731 3192 si
746 3131 808 3210 ipse
823 3132 854 3191 id
877 3149 1037 3211 coarguere
1049 3132 1147 3193 vellet.
1189 3133 1253 3192 Sed
1267 3151 1336 3194 cum·

233 3247 288 3287 nos
310 3229 390 3306 ipsos
410 3217 556 3299 invaserit,
579 3227 650 3306 quid
671 3225 758 3306 [tum]
778 3225 927 3286 dicemus?
947 3227 1012 3305 ipse
1035 3227 1160 3285 enimse
1179 3228 1340 3288 nobiscum,

192 3323 196 3342 ³
231 3320 342 3379 bellum
355 3337 456 3400 gerere
468 3322 587 3400 negabit,
601 3317 848 3398 quemadmodum
862 3329 893 3378 et
906 3317 996 3377 Oritis
1010 3317 1090 3390 lecit,
1101 3337 1169 3378 cum
1182 3319 1290 3392 milites
1303 3319 1331 3376 in

142 3455 148 3462 -
232 3429 335 3472 eorum
348 3431 419 3491 agro
437 3401 555 3484 essent,
565 3423 595 3473 et
612 3411 752 3483 Pheraeis,
765 3410 936 3490 priusquam
944 3409 1058 3468 ’moenia
1071 3420 1267 3489 oppugnaret,
1280 3429 1329 3468 ne·

229 3523 286 3584 que
299 3494 368 3564 cum
382 3503 530 3584 Olynthiis
545 3507 642 3564 statim
656 3506 686 3563 in
700 3503 841 3583 principio
859 3523 888 3561 rc
905 3502 1001 3561 uuum
1011 3521 1112 3580 gerere
1126 3502 1328 3582 prrffeseusett,

230 3597 327 3658 donec
343 3597 372 3655 in
386 3598 513 3677 ipsorum
528 3615 629 3675 agrum
644 3595 774 3656 duxisset
788 3595 958 3654 exercitum.
999 3594 1047 3652 An
1061 3602 1123 3652 tum
1136 3613 1257 3672 quoque
1268 3593 1329 3654 bel-

228 3689 290 3750 lum
300 3681 366 3750 illos
382 3690 528 3750 concitare
538 3687 678 3761 dicemus,
693 3689 742 3766 qui
756 3683 929 3767 propulsare
940 3687 1000 3746 vim
1010 3685 1175 3766 jubebunt?
1198 3685 1267 3746 Hoc
1276 3685 1329 3764 igi·

227 3794 275 3841 tur
287 3792 431 3864 superest,
445 3790 480 3841 ut
494 3777 670 3841 serviamus:
692 3800 747 3840 nec
762 3781 839 3840 enim
849 3779 978 3839 medium
991 3779 1151 3858 quicquam
1164 3788 1221 3850 est,
1235 3779 1261 3838 si
1274 3798 1328 3838 nec

226 3869 470 3954 vis'propulsetur
483 3893 538 3934 nec
552 3875 589 3934 ab
609 3873 741 3934 hostibus
761 3873 852 3934 otium
869 3872 1057 3933 concedatur.
1099 3869 1160 3932 Sed
1174 3891 1272 3950 neque
1290 3872 1327 3932 de
1429 3867 1430 3871 ’

225 3959 330 4026 iisdem
339 3972 418 4028 rehu
431 3970 513 4029 vobis
528 3977 575 4028 est
586 3967 810 4048 periclitandum
823 3985 859 4026 ac
873 3966 1003 4026 ceteris:
1024 3965 1211 4044 nequeenim
1225 3967 1326 4026 urbem

226 4060 360 4137 subigere
373 4059 436 4120 vult
446 4061 613 4140 Philippus,
627 4059 679 4120 sed
693 4059 810 4139 penitus
824 4058 1006 4119 exscindere.
1025 4103 1027 4110 ,
1048 4057 1129 4124 Quis
1137 4059 1208 4118 satis
1222 4057 1326 4118 intelli-

225 4151 279 4230 git,
289 4169 342 4210 ros
357 4151 461 4212 servire
480 4171 576 4230 neque
590 4152 675 4222 velle,
690 4171 786 4230 neque
803 4152 828 4210 si
839 4150 963 4222 velletis,
975 4169 1081 4230 posse;
1102 4167 1171 4210 cum
1183 4149 1326 4231 imperare

224 4243 448 4304 consueveritis:
470 4229 550 4323 atini
564 4246 717 4305 occasione
728 4242 841 4315 oblau,
856 4242 989 4326 sibi'plus
1002 4242 1112 4322 negotii
1128 4259 1217 4323 posse
1233 4242 1324 4302 faces-

225 4353 300 4407 sere,
313 4353 401 4415 quam
415 4335 544 4413 reliquos
558 4336 876 4399 hominesunirersos:
921 4393 923 4399 ,
992 4331 995 4338 ⁴
1427 4325 1428 4334 ἵ

236 4469 239 4474 -
269 4430 315 4487 15.
336 4425 464 4490 Proinde
477 4429 562 4507 quasi
575 4429 740 4490 desumma
753 4447 849 4490 rerum
863 4428 1072 4505 decertaretur,
1085 4429 1127 4490 its
1139 4447 1191 4490 ros
1206 4435 1322 4507 oportet
1426 4493 1427 4503 χ
