2932 4952
130 273 134 279 ·
197 251 257 310 nso
432 241 435 246 “
482 207 1017 305 cournnnursroculrsn.

139 412 141 439 ³
193 403 274 465 -ferri,
305 402 451 486 Praeterea
467 399 537 460 mihi
558 399 677 479 qnhlem
690 401 831 478 perquam
855 415 919 456 esse
942 392 1097 473 impudens
1117 392 1168 452 illa
1184 390 1324 452 uidetur.

198 497 302 565 oratio,
315 494 396 572 prius
409 492 497 551 etiam
511 491 574 550 aliis
588 491 658 550 talia
672 492 792 550 decreta
805 510 871 548 esse
883 490 972 576 sacta.
1008 487 1078 572 Nec
1089 487 1177 556 enim,
1190 486 1214 544 si
1228 486 1307 562 quid

198 606 329 664 unquam
342 584 574 644 nonsecundum
589 585 671 662 leges
685 585 865 652 factumest,
880 579 967 658 idque
980 589 1014 638 tu
1027 598 1058 638 os
1072 578 1210 646 imitatus,
1230 597 1305 656 pro·

197 693 299 759 pterea
309 691 339 738 te
355 678 465 738 absolvi
477 679 572 750 decet,
586 677 638 738 sed
652 687 764 746 contra,
782 684 865 734 tanto
879 672 1011 732 damnari·
1023 671 1118 749 magis
1135 681 1305 748 propterea.

198 773 285 832 Sicut
303 772 425 839 enim,si
434 770 499 848 quis
513 770 627 830 illorum
639 768 798 828 damnatus
810 767 923 838 suisset,
933 776 966 830 tu
975 765 1035 822 ista
1047 783 1107 823 non
1122 763 1306 841 scripsisses,

197 865 240 924 ita
255 867 279 924 si
292 875 323 924 tu
337 883 417 922 nunc
430 863 626 932 damnaberis,
641 861 715 920 alius
729 880 788 918 non
803 860 920 919 scribet.

225 961 290 1016 -u7.
313 958 380 1016 Hoc
397 956 547 1014 decretum
564 954 653 1033 igitur
665 973 700 1013 se
714 973 774 1012 non
788 952 941 1012 mardieste
952 959 1057 1011 contra
1073 969 1174 1010 omnes
1185 947 1308 1008 'secisse

199 1051 293 1128 leges,
314 1068 370 1108 nec
385 1048 478 1127 ipsum
493 1066 582 1126 posse
603 1066 711 1124 negare
725 1047 933 1105 Aristocratem
951 1045 1090 1104 arbitror:
1112 1043 1166 1102 sed
1184 1042 1309 1114 accidit,

78 1143 81 1164 '
167 1207 169 1216 ,
198 1153 233 1206 ut
250 1142 398 1220 quendam
412 1140 584 1200 violatarum
597 1141 699 1218 legum
711 1159 791 1198 reum
812 1137 942 1206 viderim,
956 1139 1005 1215 qui
1020 1155 1087 1196 curn
1108 1135 1222 1214 legibus
1246 1135 1308 1194 da-

199 1245 359 1302 mnaretur,
371 1254 403 1294 se
413 1232 608 1292 conducibilia
621 1233 703 1292 vobis
716 1231 868 1311 scripsisse
883 1231 980 1290 dicere
990 1230 1164 1300 institueret,
1174 1229 1311 1288 etvehe-'

200 1339 312 1388 menter
325 1325 526 1393 contenderet,
543 1326 633 1408 stulta
646 1325 763 1402 quidem
786 1343 915 1402 prorsus,
936 1325 1048 1403 opinor,
1069 1323 1114 1382 rel
1137 1323 1311 1400 impudenti

144 1469 146 1474 .
198 1420 297 1498 potius
312 1417 453 1478 oratioue.
475 1418 602 1477 Tametsi
613 1419 688 1478 euim
701 1437 736 1476 ea
748 1437 814 1495 quae
824 1415 1004 1492 decreuisset
1014 1417 1049 1474 in»
1057 1415 1158 1474 ceteris
1169 1417 1206 1474 ab
1219 1419 1310 1476 omni

199 1525 281 1590 parte
300 1512 383 1570 utilia
397 1519 508 1579 essent,
529 1520 559 1569 et
573 1531 590 1570 a
604 1510 687 1570 uobis
705 1521 815 1579 tamen,
828 1510 877 1588 qui
896 1495 998 1568 rosiex
1013 1507 1181 1588 praescripto
1192 1509 1309 1588 legum

198 1604 441 1682 pronunciatores
449 1603 581 1681 jurastis,
591 1622 626 1662 ea
638 1601 804 1662 confirmari
819 1601 991 1679 postularet,
1006 1620 1138 1680 quaeneo
1151 1601 1212 1679 ipse
1219 1604 1309 1682 juste

103 1691 109 1708 '
196 1695 395 1779 scriptsesse
417 1703 520 1774 posset
540 1694 707 1764 ostendere,
732 1715 785 1773 pro
807 1695 958 1753 inutilibus
976 1693 1113 1752 habenda
1134 1695 1252 1765 fuerint,
1276 1697 1331 1756 si.

198 1788 286 1847 modo
296 1787 484 1866 jurisjurandi
498 1787 601 1866 religio
615 1787 733 1846 maximi
747 1787 882 1846 omnibus
896 1786 1032 1845 facienda
1044 1796 1100 1846 est.
1129 1786 1227 1846 Habet
1240 1788 1308 1848 for-

197 1869 275 1941 tasse
290 1891 389 1940 tamen
401 1880 453 1939 illa
466 1880 646 1958 impudentia
659 1880 792 1938 nonnihil
806 1880 1014 1939 excusationis.
1051 1878 1102 1938 lsti
1125 1890 1220 1940 autem
1244 1903 1308 1942 nec

138 2021 142 2029 .
198 1994 234 2034 cn
253 1993 343 2034 causa
357 1974 529 2052 relinquitur
542 1974 622 2053 apud
637 1993 698 2033 vos.
732 1974 809 2032 Cum
828 1972 1069 2032 enimdecreturn
1087 1973 1151 2052 ejus
1168 1995 1308 2036 summo-

198 2067 395 2146 perelegibus
409 2067 589 2139 adversetur,
604 2065 792 2144 perniciosius
806 2066 890 2124 etiam
909 2074 964 2136 est,
979 2084 1068 2143 quam
1080 2064 1217 2143 iniquius.
1247 2069 1309 2128 At-

198 2177 256 2236 que
271 2159 397 2236 idipsum
420 2171 536 2237 quo'que
557 2159 766 2218 demonstrabo
779 2158 873 2216 rob-is.
907 2158 949 2215 Ut
964 2169 1063 2216 autem
1083 2158 1114 2216 id
1135 2158 1213 2246 quod
1233 2162 1308 2220 volo

198 2252 294 2310 verbis
313 2251 497 2329 paucissimis
507 2251 676 2321 ostendam,
687 2261 791 2309 notum
806 2251 891 2310 uobis
903 2250 1047 2308 omnibus
1069 2252 1236 2330 exemplum
1258 2275 1308 2314 re·

197 2346 336 2404 censebo.
372 2344 457 2402 Scitis
472 2364 488 2402 e
504 2344 654 2424 republica
674 2357 775 2402 nostra
795 2337 868 2410 esse,
888 2354 921 2403 ut
936 2362 1032 2420 neque
1047 2342 1191 2414 Thebani,
1205 2363 1307 2425 neque

199 2432 491 2511 Lacedaemoniissint
504 2447 660 2514 potentes:
683 2436 735 2494 sed
750 2446 783 2493 ut
803 2435 846 2493 illi
867 2435 1049 2506 Phocenses,
1067 2434 1098 2494 hi
1118 2435 1190 2494 alios
1211 2457 1307 2515 quos-

198 2532 278 2608 piam
296 2529 483 2592 adversarios
507 2529 644 2588 habeant.
672 2529 750 2587 Nam
771 2527 822 2586 tali
845 2547 940 2587 rerum
967 2537 1059 2598 statu,
1080 2547 1133 2588 vos
1156 2549 1308 2592 summam

198 2621 475 2699 potentiamsecuri,
490 2631 520 2678 et
534 2631 617 2678 extra
641 2639 727 2679 omne
747 2619 833 2698 positi
858 2619 1018 2698 periculum
1040 2630 1141 2680 tenere
1163 2621 1305 2700 potestis.

198 2713 265 2772 Hoc
282 2713 374 2790 ipsum
392 2713 480 2789 igitur·
499 2712 643 2776 consimili
658 2712 771 2774 ratione
789 2713 899 2772 civibus
919 2712 1037 2782 nostris,
1051 2714 1104 2791 qui
1121 2714 1152 2772 in
1173 2713 1304 2776 Cherso-

198 2824 271 2864 neso
293 2805 462 2888 consedere,
481 2805 624 2883 prodesse
647 2805 766 2882 putetis,
792 2814 827 2863 ut
850 2824 887 2862 ne
916 2804 982 2882 quis
1004 2805 1155 2864 Thracum
1176 2824 1303 2888 magnus

197 2917 269 2976 opes
290 2897 406 2958 habeat.
445 2896 523 2956 Nam
550 2896 666 2956 illorum
685 2897 829 2955 turnultus
850 2897 928 2956 inter
943 2896 1038 2975 ipsos,
1063 2907 1236 2977 matureque
1252 2921 1304 2959 su-

197 2991 344 3069 spiciones
358 3001 390 3049 et
404 2990 578 3060 simultates,
595 3009 708 3054 summa
728 3000 798 3050 sunt
810 2990 939 3049 omniurn
956 2989 1184 3070 firmissimaque
1208 2992 1305 3053 Cher·

198 3084 297 3141 sonesi
315 3082 461 3160 praesidia.
490 3082 651 3142 Decretum
664 3102 734 3142 vero
748 3082 839 3150 istud,
859 3101 920 3160 quo
933 3091 967 3141 ut
981 3083 1181 3161 Cersobleptcs
1194 3087 1302 3144 summi

199 3175 283 3258 ducis
303 3173 449 3233 securitati
463 3174 635 3244 consulitur,
651 3173 693 3234 sic
707 3184 868 3258 'ceterorum
886 3194 990 3253 regum
1005 3162 1304 3252 praelectisnrctuset

198 3276 304 3335 terror,
319 3286 356 3324 ne
370 3267 399 3323 in
415 3267 531 3326 crimen
541 3265 659 3344 aliquod
680 3267 808 3331 veniant,
823 3267 973 3338 incutitur,
987 3267 1041 3326 hos
1055 3267 1196 3340 infirmos,
1209 3289 1301 3328 unum

198 3357 281 3415 illum
304 3367 454 3436 potentem
480 3357 561 3420 facit.
598 3359 645 3417 Ne
666 3377 736 3432 vero
760 3358 900 3417 miremini
928 3357 1047 3417 decreta
1067 3369 1166 3418 restra
1186 3369 1301 3420 tautum

198 3450 307 3508 habere
321 3449 460 3528 ponderis
473 3463 504 3510 et
518 3451 667 3522 momenti,
686 3471 747 3510 rem
761 3451 880 3521 factam,
895 3460 925 3509 et
945 3459 1044 3510 notam
1057 3452 1140 3510 vobis
1155 3454 1300 3524 omnibus,

198 3545 228 3602 in
244 3541 412 3604 memoriam
426 3543 571 3620 redigam·
599 3545 698 3608 Quum
714 3543 902 3622 Miltocythes
917 3563 935 3602 a
948 3543 1043 3622 Cotye
1056 3543 1301 3616 deiecisset-bel-

199 3635 317 3713 lumque
328 3633 378 3691 diu
390 3634 561 3704 traheretur,
573 3646 603 3694 et
613 3636 774 3714 Ergophilo
786 3655 940 3698 successor
950 3635 1038 3696 datus
1050 3637 1194 3704 Autncles
1202 3638 1301 3698 classe

198 3730 383 3806 profecturus
397 3737 486 3797 esset,
501 3729 612 3788 tactum
627 3729 777 3806 quoddam
793 3727 872 3807 apud
888 3747 941 3788 vos
961 3728 1130 3808 hujusmodi
1146 3729 1301 3791 decretum

141 3887 148 3896 ἱ
192 3821 265 3891 iniit,
280 3839 339 3898 quo
360 3819 549 3898 Miltocpthes
563 3822 730 3898 perterritus
745 3820 920 3898 abiit,‘qu0d
937 3840 990 3880 uos
1013 3840 1032 3879 a
1043 3839 1077 3880 se
1092 3820 1237 3882 alienatos
1251 3843 1301 3882 ex.-

52 3913 54 3918 '
86 3944 93 3950 -
198 3914 354 3986 istimabat,
365 3912 561 3990 Cotysautern
571 3923 601 3970 et
610 3912 684 3971 sacri
695 3914 812 3983 montis,
823 3924 851 3972 et
863 3912 1007 3972 thesauris
1018 3923 1065 3973 est
1074 3913 1197 3991 potitus.
1212 3917 1302 3994 Atqui

199 4005 316 4075 deinde,
325 4003 529 4070 Athenienses,
545 4004 692 4063 Autocles
702 4007 906 4076 accusabatur,
916 4006 1001 4084 quasi
1016 4005 1227 4086 Mittocythem,
1235 4029 1301 4087 per·

200 4095 340 4154 didisset:
359 4096 478 4173 jamque
487 4107 604 4172 tempus
618 4096 778 4156 accusandi
793 4107 941 4166 auctorem
956 4096 1066 4156 decreti
1080 4097 1160 4155 illius
1174 4100 1303 4158 exierat:

199 4196 230 4246 et
240 4197 339 4244 nostra
349 4189 449 4246 civitas
462 4189 552 4247 rebus
566 4188 679 4246 iniectis
695 4198 725 4247 et
735 4190 855 4267 perditis
867 4189 1012 4249 desistere
1027 4191 1195 4266 cogebatur.
1226 4195 1302 4253 Om-

200 4276 271 4344 nino
283 4276 372 4354 igitur
386 4279 499 4346 scitote,
513 4299 593 4338 nuno
603 4281 701 4350 etiam,
712 4281 768 4340 nisi
778 4280 928 4340 decretum
939 4280 996 4339 hoc
1006 4280 1162 4352 solveritis,
1172 4296 1204 4342 et
1217 4305 1301 4363 reges

200 4368 292 4444 ipsos,
315 4379 345 4428 et
365 4387 463 4427 eorum
484 4369 574 4430 duces
589 4366 767 4434 mutabiliter
782 4371 889 4436 animis
908 4372 1113 4452 trepidaturos.
1150 4375 1301 4437 Putabunt
