2946 4954
282 347 287 354 ¹
392 269 460 392 un
481 323 603 388 ιιιιι
625 299 761 386 cusis
783 323 1040 416 Lucumonis.
1119 310 1124 315 ’
1181 284 1271 423 ἰιι
1329 397 1334 402 .
1402 303 1404 320 '

170 480 382 566 perdidissent,
397 501 476 544 nunc
495 483 557 562 jam
579 465 681 543 etiam
686 467 892 544 libertatem'
868 503 910 542 ιιι
933 481 1068 560 eripiunt.
1110 476 1188 542 Nam
1202 497 1274 556 quo·

170 575 294 634 tundam
314 594 352 634 ex
370 575 425 634 eis
431 563 512 646 ιιοιι
527 576 708 635 Macedones
723 575 867 654 proe'sidlis
882 583 1036 657 occupant.
1068 573 1115 630 In
1128 570 1276 649 Pelopon-

171 686 274 728 nesum
290 677 389 728 autem
401 669 542 747 ingressa,
557 668 653 730 caedes
665 668 729 726 illas
745 668 830 727 Elide
843 668 1012 738 concitavit,
1027 675 1058 726 et
1071 680 1108 726 ea
1120 664 1281 744 iniquitate

170 769 199 818 et
212 759 329 818 insania
344 760 469 820 miseros
484 760 550 820 illos
565 759 704 838 implevit,
719 769 763 832 ιιι,
778 779 837 837 quo
851 759 904 818 alii
914 759 1002 818 31ιιι
994 756 1147 837 imperent,
1162 766 1192 816 et
1205 756 1276 816 Pbi-

169 849 248 930 lippo
262 851 476 930 gratificentur,
476 859 678 930 cognatorum
694 871 811 912 suorum
826 859 858 910 ιι
868 852 972 912 cisium
986 850 1070 910 coede
1084 869 1116 910 se
1131 848 1276 928 polluant.

172 944 220 1003 Ac
233 963 269 1002 ne
280 942 330 1024 bic
340 943 459 1022 quidem
473 963 519 1002 res
534 944 625 1016 stetit,
641 944 704 1003 sed
708 943 885 1004 Arcadiam
878 953 1023 1022 ingresse·
1034 959 1132 1002 omma
1140 941 1200 1002 sllrc
1213 959 1276 1000 sur·

174 1035 244 1092 sum
257 1035 455 1113 deorsumque
468 1037 563 1095 vertit.
606 1036 646 1094 Ει
658 1055 737 1094 nunc
751 1035 901 1096 Arcadum
915 1035 1011 1104 multi,
1028 1053 1096 1094 cum
1118 1053 1168 1092 eos
1192 1026 1277 1095 liber-

174 1135 262 1184 tatem
275 1125 373 1186 facere
387 1127 505 1186 maximi
519 1108 662 1206 oporteat,
682 1146 767 1204 seque
781 1137 814 1185 ut
829 1125 990 1200 vesp-soli
1004 1125 1081 1185 enim
1095 1144 1157 1194 vos
1165 1137 1201 1184 ex
1216 1143 1277 1184 om·

173 1217 269 1290 nibus,
284 1228 315 1279 ιι
328 1217 380 1292 illi,
396 1219 562 1296 aborigines
577 1217 700 1290 estis—,
715 1217 882 1297 Philippum
896 1218 1087 1289 admirantur,
1101 1227 1132 1276 ιι
1144 1236 1237 1284 cereas
1251 1217 1278 1277 ei

172 1319 285 1370 statuas
299 1310 424 1387 erigunt,
435 1319 467 1369 et
479 1329 602 1370 coronas
613 1309 787 1382 decernunt,
802 1310 980 1389 denique,
957 1331 982 1369 ιι
996 1309 1026 1369 in
1041 1309 1278 1388 Peloponnesum

172 1400 247 1472 ierit,
261 1421 330 1460 eum
343 1402 458 1481 oppidis
469 1401 597 1480 recipere
606 1401 809 1462 decreverunt.
847 1401 959 1461 Eadem
973 1411 1003 1460 et
1017 1401 1190 1479 Argivorum
1205 1399 1278 1465 setin
1367 1436 1369 1442 ·

174 1503 227 1554 est.
253 1494 329 1553 Haec
344 1493 458 1554 medius
472 1495 571 1565 fidius,
582 1494 605 1552 si
621 1495 696 1553 serio
710 1494 859 1573 agendum
873 1503 928 1566 ιιι,
941 1514 1000 1553 ιιοιι
1015 1513 1136 1572 parvam
1149 1494 1278 1573 pruden-

173 1585 244 1646 tiam
256 1584 409 1665 postulant
419 1608 434 1654 ;ι
449 1587 561 1664 passim'
579 1586 655 1644 enim
669 1594 831 1666 pervagata
844 1586 907 1646 lues
921 1585 973 1670 illa
985 1585 1072 1645 etiam
1086 1585 1144 1644 huc
1159 1584 1278 1659 introiit,
1332 1606 1337 1616 ·

165 1678 377 1752 Athenienses.
401 1680 480 1738 de
488 1681 579 1759 igitur
591 1680 622 1737 iu
636 1689 701 1740 tuto
717 1679 802 1752 estis,
811 1685 929 1749 cavete,
938 1688 1032 1738 eteos
1042 1681 1092 1757 qui
1105 1678 1183 1739 illam
1195 1672 1280 1766 primi

172 1771 408 1844 introduxerunt,
428 1771 525 1851 cogite
548 1773 578 1830 in
602 1771 749 1840 ordinem
773 1770 893 1850 quod
870 1791 894 1832 ιι
909 1771 1107 1870 neglexeritis²
1120 1762 1227 1842 videte,
1235 1789 1279 1830 ne

173 1874 235 1925 ιιιιιι
246 1883 283 1924 ea
293 1883 360 1942 quse
381 1865 643 1946 nuncdic051ecte
658 1862 747 1924 dicta
751 1883 816 1924 esse
829 1864 994 1974 videantur,
1008 1883 1076 1924 cum
1099 1862 1211 1924 nullum
1233 1883 1278 1924 re·

70 2009 76 2016 .
173 1979 240 2018 rum
253 1967 427 2034 vestrarum
423 1959 543 2018 initium
557 1959 717 2038 reperietis.

171 2053 266 2138 75.
275 2051 357 2110 Ν-οιι
370 2050 499 2123 ιιιιιιιιι,
509 2051 701 2110 Athemeuses
704 2071 811 2129 ,quam
825 2051 946 2113 evidens
957 2061 988 2112 ιι
997 2051 1107 2114 illustre
1116 2051 1281 2132 exemplum

173 2143 212 2203 sit
225 2133 256 2203 iu
274 2143 394 2216 miseros
413 2143 567 2222 Olynthios
582 2143 711 2220 editum?
731 2162 782 2222 qur
773 2143 877 2203 nulla
895 2143 996 2204 aliare
1013 2144 1279 2223 magisquamisti·

174 2235 292 2295 usmodi
313 2235 399 2296 factis
423 2235 581 2314 perierunt.
621 2235 715 2314 quue
731 2255 768 2295 ex
781 2240 883 2295 eorum
895 2236 1047 2298 eventibus
1061 2237 1201 2313 cognosci
1214 2255 1281 2315 per-

170 2327 278 2408 spicue
287 2336 396 2406 potest
418 2328 476 2395 Qui
486 2347 557 2386 cum·
564 2328 794 2408 quadringentos
807 2329 950 2389 duntaxat
960 2328 1073 2407 equites
1084 2329 1236 2402 habereut,
1251 2340 1282 2390 et

170 2420 302 2479 universi
315 2419 486 2498 conplures
500 2439 622 2479 numero
632 2419 760 2498 quinque
769 2419 891 2478 millium
902 2429 1008 2500 essent,
1017 2429 1178 2497 'antequam
1190 2420 1280 2483 Chal-

168 2512 311 2572 cidenscs
329 2511 360 2572 in
374 2531 466 2570 unum
476 2511 589 2572 -locu'm-
598 2511 813 2585 convenissent,
827 2533 846 2572 3
860 2511 1090 2582 Lacedaemoniis
1113 2512 1196 2591 petiti
1218 2533 1280 2574 ma·

170 2605 242 2685 ¹gnis
248 2615 278 2664 et
286 2604 512 2684 pedestribuset
521 2605 674 2675 navalibus
685 2603 925 2682 copiis-mostis
937 2605 1082 2664 enimhoc
1092 2605 1279 2678 hauddubie,

169 2710 253 2758 terra
266 2697 395 2776 marique
403 2705 441 2756 ut
451 2696 552 2774 paucis
565 2697 671 2769 dicam,
686 2697 743 2757 illis
756 2699 936 2776 temporibus
947 2699 1127 2778 imperitasse
1138 2700 1279 2775 lacede-

142 2815 146 2820 ’
169 2789 342 2859 ιιιοιιιοι-,ῑ
354 2799 453 2847 tamen
467 2788 554 2848 tantis
566 2790 729 2868 oppugnati
742 2789 844 2870 copiis,
856 2808 951 2868 neque
961 2793 1064 2850 urbem
1076 2809 1172 2862 suem,
1184 2812 1279 2870 neque

175 2881 330 2942 castellum
340 2881 432 2939 ullum
447 2881 615 2955 amiserunt,
629 2882 681 2941 sed
696 2891 726 2942 et
736 2882 943 2961 praelia'multa
956 2882 1138 2969 viserunt,'et
1151 2895 1211 2945 tres
1225 2885 1284 2944 im-·

91 2973 99 2984 “
171 2983 326 3056 penatores
338 2973 566 3053 occiderunt,'et
577 2994 682 3053 pacem
694 2975 820 3053 denique
834 2994 869 3034 ex
885 2975 974 3034 animi
989 2975 1032 3044 sui
1048 2978 1194 3036 sententia
1202 2977 1279 3038 fece·
1376 3011 1379 3020 ι

176 3079 255 3128 runt.
271 3068 465 3146 Posteaquam
480 3077 577 3126 autern
589 3067 709 3146 quidam
722 3077 876 3146 acceptare
889 3078 1185 3147 muuera'coeperunt,
1199 3078 1278 3136 etex

176 3160 375 3240 simplicitate,
385 3180 418 3220 ac
429 3160 526 3238 potius
538 3159 715 3232 calamitate,
726 3158 792 3220 illos
807 3159 952 3220 fideliores
960 3159 1280 3239 existimavitpopult'rs,
1368 3197 1375 3203 ν
1389 3152 1396 3158 ’

176 3253 559 3334 quamvparriaestudiosos
580 3263 611 3312 et
631 3251 811 3324 defensores,
837 3271 904 3312 cum
917 3247 1191 3314 'Lasthenes'sedes
1211 3273 1280 3316 suas

176 3346 310 3411 contexit
334 3344 421 3428 lignis
449 3344 528 3404 dono
551 3344 682 3424 allatise
705 3343 895 3416 Macedonia,
919 3353 949 3404 et
969 3341 1167 3424 Euthycrates
1187 3347 1279 3412 boves

175 3441 288 3499 multos
300 3438 383 3511 aluit,
403 3439 496 3517 pretio
511 3437 620 3496 nemini
633 3445 795 3509 numerato,
811 3447 841 3496 ιι
856 3436 929 3496 alius
942 3436 1047 3514 aliquis
1068 3457 1137 3498 oves
1152 3438 1279 3513 adrexit,

176 3532 252 3593 alius
263 3551 367 3611 equos,
381 3549 447 3589 curn
462 3529 599 3610 populus,
613 3531 643 3588 in
662 3529 749 3609 cujus
768 3530 820 3588 illa
833 3529 967 3588 fraudem
981 3529 1100 3603 fiebant,
1119 3550 1178 3614 non
1191 3533 1280 3592 modo

176 3644 239 3684 non
263 3622 445 3695 irasceretur,
472 3630 524 3680 sut
549 3621 579 3680 id
603 3640 695 3704 genus
713 3620 862 3680 hominum
880 3620 1005 3701 puniret,
1031 3621 1086 3682 sed
1107 3622 1280 3702 suspiceret,

174 3715 361 3798 predicaret,
372 3723 569 3787 veneraretur
582 3713 659 3772 viros
682 3723 816 3792 putarem
847 3732 915 3773 cum
934 3714 1023 3792 igitur
1047 3734 1082 3774 ea
1102 3713 1144 3772 ita
1166 3733 1281 3774 cresce·

164 3819 254 3884 seut,
266 3820 296 3868 et
303 3805 472 3885 largitiones
486 3805 710 3880 invalescerent,
724 3806 856 3885 quamvis
867 3807 978 3885 equites
992 3807 1070 3866 mille
1083 3785 1235 3876 haberent,
1252 3817 1283 3868 et
1314 3814 1317 3819 '

175 3902 277 3984 plures
297 3909 399 3960 essent
419 3919 452 3958 x.
472 3897 609 3971 millibus,
625 3908 735 3966 etcum
754 3898 883 3958 finitimis
905 3897 1039 3958 omnibus
1053 3895 1194 3958 societate
1208 3917 1282 3958 con-

172 3995 281 4078 juncti,
299 3992 444 4073 quamv-is
451 4010 508 4054 vos·
527 3992 569 4050 eis
583 3991 679 4050 decies
699 3991 779 4050 mille
798 3989 996 4072 conductitiis,
1016 3997 1047 4047 et
1064 3979 1229 4050 triremibus
1252 4005 1283 4050 ι.

159 4107 271 4168 Ιοριιιι
271 4084 426 4156 tulissetis,
440 4092 471 4142 et
480 4092 582 4162 quater
596 4083 676 4143 mille
687 4093 829 4163 proeterea
839 4083 960 4154 civibus,
975 4078 1047 4138 nihil
1061 4079 1204 4140 horum
1179 4102 1221 4142 ers
1236 4103 1282 4143 ss·

175 4181 234 4242 luti
253 4186 326 4240 csse·
338 4177 443 4258 potuit,
465 4175 518 4242 sed
538 4176 707 4256 priusquam
728 4175 798 4238 belli
821 4193 913 4233 annus
933 4172 1033 4244 exiret,
1057 4173 1166 4252 oppida
1184 4175 1284 4244 omnia

163 4269 676 4349 ,Chalcidicaeditionis.pmditores
695 4266 968 4348 perdiderunt-nec
990 4265 1144 4346 Philippus
1163 4268 1226 4348 jam
1243 4269 1283 4326 ad
1370 4289 1373 4296 ’

163 4376 286 4435 ¹nutum
300 4363 481 4443 proditorum
500 4371 608 4442 praesto
628 4380 694 4420 esse
717 4358 828 4439 potuit*
844 4377 945 4438 neque·
960 4358 1145 4440 scivitpquid
1158 4360 1282 4438 primum

164 4467 349 4538 occuparet,
374 4465 405 4516 ιι
425 4455 602 4547 quingentos
623 4451 736 4532 equites
758 4452 796 4510 ab
822 4449 894 4530 ipsis
917 4451 1040 4536 ducibus
1059 4450 1188 4530 proditos
1215 4447 1283 4512 cunr
