<?xml version="1.0" encoding="UTF-8"?>
<!DOCTYPE html PUBLIC "-//W3C//DTD XHTML 1.0 Transitional//EN"
    "http://www.w3.org/TR/xhtml1/DTD/xhtml1-transitional.dtd">
<html xmlns="http://www.w3.org/1999/xhtml" xml:lang="en" lang="en">
 <head>
  <title>
</title>
<meta http-equiv="Content-Type" content="text/html;charset=utf-8" />
  <meta name='ocr-system' content='tesseract 3.04.00' />
  <meta name='ocr-capabilities' content='ocr_page ocr_carea ocr_par ocr_line ocrx_word'/>
</head>
<body>
  <div class='ocr_page' id='page_1' title='image "./demosthenisetsc08ulpigoog/demosthenisetsc08ulpigoog_0407.png"; bbox 0 0 2932 4952; ppageno 0'>
   <div class='ocr_carea' id='block_1_1' title="bbox 224 291 1045 378">
    <p class='ocr_par' dir='ltr' id='par_1_1' title="bbox 224 291 1045 378">
     <span class='ocr_line' id='line_1_1' title="bbox 224 291 1045 378; baseline -0.001 -26"><span class='ocrx_word' id='word_1_1' title='bbox 224 295 286 352; x_wconf 81' lang='grc'><strong>396</strong></span> <span class='ocrx_word' id='word_1_2' title='bbox 485 293 655 354; x_wconf 82' lang='lat' dir='ltr'><strong>CONTRA</strong></span> <span class='ocrx_word' id='word_1_3' title='bbox 681 291 1045 378; x_wconf 59' lang='lat' dir='ltr'><strong>hermocastrum.</strong></span> 
     </span>
    </p>
   </div>
   <div class='ocr_carea' id='block_1_2' title="bbox 182 406 1329 1088">
    <p class='ocr_par' dir='ltr' id='par_1_2' title="bbox 182 406 1325 899">
     <span class='ocr_line' id='line_1_2' title="bbox 222 406 1325 542; baseline 0.003 -35"><span class='ocrx_word' id='word_1_4' title='bbox 222 443 360 528; x_wconf 81' lang='lat' dir='ltr'><strong>quicquid</strong></span> <span class='ocrx_word' id='word_1_5' title='bbox 374 449 490 542; x_wconf 84' lang='lat' dir='ltr'><strong>perierit</strong></span> <span class='ocrx_word' id='word_1_6' title='bbox 509 406 695 514; x_wconf 57' lang='lat' dir='ltr'><strong>Charidemos</strong></span> <span class='ocrx_word' id='word_1_7' title='bbox 721 447 809 532; x_wconf 89' lang='lat' dir='ltr'><strong>Nam</strong></span> <span class='ocrx_word' id='word_1_8' title='bbox 812 450 921 530; x_wconf 64' lang='lat' dir='ltr'><strong>Cotys</strong></span> <span class='ocrx_word' id='word_1_9' title='bbox 941 449 1129 530; x_wconf 82' lang='lat' dir='ltr'><strong>Iphicratem,</strong></span> <span class='ocrx_word' id='word_1_10' title='bbox 1151 441 1325 524; x_wconf 70' lang='lat' dir='ltr'><strong>linearibus,</strong></span> 
     </span>
     <span class='ocr_line' id='line_1_3' title="bbox 221 541 1323 634; baseline -0.002 -30"><span class='ocrx_word' id='word_1_11' title='bbox 221 541 301 634; x_wconf 84' lang='lat' dir='ltr'><strong>victu</strong></span> <span class='ocrx_word' id='word_1_12' title='bbox 321 543 450 622; x_wconf 89' lang='lat' dir='ltr'><strong>publico,</strong></span> <span class='ocrx_word' id='word_1_13' title='bbox 470 545 587 616; x_wconf 83' lang='lat' dir='ltr'>statuis,</span> <span class='ocrx_word' id='word_1_14' title='bbox 609 543 714 626; x_wconf 88' lang='lat' dir='ltr'><strong>patria,</strong></span> <span class='ocrx_word' id='word_1_15' title='bbox 737 563 804 624; x_wconf 84' lang='lat' dir='ltr'><strong>quse</strong></span> <span class='ocrx_word' id='word_1_16' title='bbox 827 563 935 618; x_wconf 80' lang='lat' dir='ltr'><strong>nomen</strong></span> <span class='ocrx_word' id='word_1_17' title='bbox 957 543 1024 623; x_wconf 82' lang='lat' dir='ltr'><strong>ejus</strong></span> <span class='ocrx_word' id='word_1_18' title='bbox 1043 543 1209 612; x_wconf 87' lang='lat' dir='ltr'><strong>illustrarat,</strong></span> <span class='ocrx_word' id='word_1_19' title='bbox 1233 543 1323 602; x_wconf 87' lang='lat' dir='ltr'><strong>rebus</strong></span> 
     </span>
     <span class='ocr_line' id='line_1_4' title="bbox 220 635 1325 716; baseline 0.001 -20"><span class='ocrx_word' id='word_1_20' title='bbox 220 655 312 715; x_wconf 86' lang='lat' dir='ltr'>prope</span> <span class='ocrx_word' id='word_1_21' title='bbox 330 635 451 696; x_wconf 76' lang='lat' dir='ltr'>dixerim</span> <span class='ocrx_word' id='word_1_22' title='bbox 465 637 652 709; x_wconf 89' lang='lat' dir='ltr'><strong>omnibus,</strong></span> <span class='ocrx_word' id='word_1_23' title='bbox 630 657 692 696; x_wconf 82' lang='lat' dir='ltr'><strong>erne</strong></span> <span class='ocrx_word' id='word_1_24' title='bbox 706 635 811 716; x_wconf 92' lang='lat' dir='ltr'><strong>quibus</strong></span> <span class='ocrx_word' id='word_1_25' title='bbox 831 638 966 696; x_wconf 83' lang='lat' dir='ltr'>acerbam</span> <span class='ocrx_word' id='word_1_26' title='bbox 991 655 1056 695; x_wconf 90' lang='lat' dir='ltr'><strong>esse</strong></span> <span class='ocrx_word' id='word_1_27' title='bbox 1071 635 1161 707; x_wconf 85' lang='lat' dir='ltr'><strong>vitam</strong></span> <span class='ocrx_word' id='word_1_28' title='bbox 1182 635 1325 714; x_wconf 83' lang='lat' dir='ltr'><strong>Iphicrati</strong></span> 
     </span>
     <span class='ocr_line' id='line_1_5' title="bbox 220 727 1323 812; baseline 0 -26"><span class='ocrx_word' id='word_1_29' title='bbox 220 747 275 807; x_wconf 80' lang='lat' dir='ltr'><strong>par</strong></span> <span class='ocrx_word' id='word_1_30' title='bbox 289 737 360 812; x_wconf 80' lang='lat' dir='ltr'><strong>erat,</strong></span> <span class='ocrx_word' id='word_1_31' title='bbox 372 747 402 788; x_wconf 89' lang='lat' dir='ltr'><strong>se</strong></span> <span class='ocrx_word' id='word_1_32' title='bbox 416 729 541 812; x_wconf 89' lang='lat' dir='ltr'><strong>spoliare</strong></span> <span class='ocrx_word' id='word_1_33' title='bbox 555 729 747 810; x_wconf 79' lang='lat' dir='ltr'><strong>prospiciens,</strong></span> <span class='ocrx_word' id='word_1_34' title='bbox 762 731 944 806; x_wconf 63' lang='lat' dir='ltr'><strong>tamen&#39;ejus</strong></span> <span class='ocrx_word' id='word_1_35' title='bbox 964 727 1106 790; x_wconf 84' lang='lat' dir='ltr'><strong>rationem</strong></span> <span class='ocrx_word' id='word_1_36' title='bbox 1116 747 1181 786; x_wconf 86' lang='lat' dir='ltr'><strong>non</strong></span> <span class='ocrx_word' id='word_1_37' title='bbox 1196 727 1323 798; x_wconf 82' lang='lat' dir='ltr'>habuit:</span> 
     </span>
     <span class='ocr_line' id='line_1_6' title="bbox 182 819 1329 899; baseline 0 -21"><span class='ocrx_word' id='word_1_38' title='bbox 182 871 186 878; x_wconf 81' lang='grc'><strong>,</strong></span> <span class='ocrx_word' id='word_1_39' title='bbox 220 820 313 880; x_wconf 88' lang='lat' dir='ltr'><strong>istum</strong></span> <span class='ocrx_word' id='word_1_40' title='bbox 328 840 395 882; x_wconf 90' lang='lat' dir='ltr'><strong>vero</strong></span> <span class='ocrx_word' id='word_1_41' title='bbox 410 819 480 898; x_wconf 91' lang='lat' dir='ltr'><strong>quid</strong></span> <span class='ocrx_word' id='word_1_42' title='bbox 497 821 616 888; x_wconf 89' lang='lat' dir='ltr'><strong>tandem</strong></span> <span class='ocrx_word' id='word_1_43' title='bbox 629 830 760 881; x_wconf 89' lang='lat' dir='ltr'><strong>moveret</strong></span> <span class='ocrx_word' id='word_1_44' title='bbox 776 820 897 894; x_wconf 86' lang='lat' dir='ltr'><strong>scilicet,</strong></span> <span class='ocrx_word' id='word_1_45' title='bbox 911 840 948 878; x_wconf 91' lang='lat' dir='ltr'><strong>ne</strong></span> <span class='ocrx_word' id='word_1_46' title='bbox 962 839 1021 899; x_wconf 88' lang='lat' dir='ltr'><strong>qua</strong></span> <span class='ocrx_word' id='word_1_47' title='bbox 1038 839 1071 880; x_wconf 90' lang='lat' dir='ltr'><strong>re</strong></span> <span class='ocrx_word' id='word_1_48' title='bbox 1089 819 1226 898; x_wconf 86' lang='lat' dir='ltr'><strong>spoliaret</strong></span> <span class='ocrx_word' id='word_1_49' title='bbox 1239 819 1329 878; x_wconf 48' lang='lat' dir='ltr'><strong>Chae</strong></span> 
     </span>
    </p>

    <p class='ocr_par' dir='ltr' id='par_1_3' title="bbox 191 911 1329 1088">
     <span class='ocr_line' id='line_1_7' title="bbox 220 911 1327 1004; baseline -0.002 -32"><span class='ocrx_word' id='word_1_50' title='bbox 220 912 385 996; x_wconf 69' lang='lat' dir='ltr'><strong>ridentum?</strong></span> <span class='ocrx_word' id='word_1_51' title='bbox 406 914 495 986; x_wconf 89' lang='lat' dir='ltr'><strong>Nulla</strong></span> <span class='ocrx_word' id='word_1_52' title='bbox 506 933 638 995; x_wconf 89' lang='lat' dir='ltr'><strong>prorsus.</strong></span> <span class='ocrx_word' id='word_1_53' title='bbox 678 913 777 972; x_wconf 85' lang='lat' dir='ltr'><strong>Habet</strong></span> <span class='ocrx_word' id='word_1_54' title='bbox 797 913 874 972; x_wconf 87' lang='lat' dir='ltr'><strong>euim</strong></span> <span class='ocrx_word' id='word_1_55' title='bbox 888 913 969 992; x_wconf 92' lang='lat' dir='ltr'><strong>apud</strong></span> <span class='ocrx_word' id='word_1_56' title='bbox 987 931 1037 972; x_wconf 90' lang='lat' dir='ltr'><strong>vos</strong></span> <span class='ocrx_word' id='word_1_57' title='bbox 1056 931 1115 984; x_wconf 87' lang='lat' dir='ltr'><strong>non</strong></span> <span class='ocrx_word' id='word_1_58' title='bbox 1130 911 1242 1004; x_wconf 82' lang='lat' dir='ltr'><strong>liberos,</strong></span> <span class='ocrx_word' id='word_1_59' title='bbox 1257 929 1327 980; x_wconf 84' lang='lat' dir='ltr'><strong>uon</strong></span> 
     </span>
     <span class='ocr_line' id='line_1_8' title="bbox 191 975 1329 1088; baseline 0 -24"><span class='ocrx_word' id='word_1_60' title='bbox 191 1023 193 1028; x_wconf 74' lang='grc'>’</span> <span class='ocrx_word' id='word_1_61' title='bbox 217 1005 374 1086; x_wconf 66' lang='lat' dir='ltr'><strong>imagines</strong></span> <span class='ocrx_word' id='word_1_62' title='bbox 388 1027 446 1068; x_wconf 91' lang='grc' dir='ltr'>ιιοιι</span> <span class='ocrx_word' id='word_1_63' title='bbox 460 1005 613 1088; x_wconf 77' lang='lat' dir='ltr'><strong>cognatos,</strong></span> <span class='ocrx_word' id='word_1_64' title='bbox 628 1027 687 1066; x_wconf 90' lang='lat' dir='ltr'><strong>non</strong></span> <span class='ocrx_word' id='word_1_65' title='bbox 701 975 781 1066; x_wconf 83' lang='lat' dir='ltr'><strong>irlirid</strong></span> <span class='ocrx_word' id='word_1_66' title='bbox 794 1005 951 1084; x_wconf 88' lang='lat' dir='ltr'><strong>quicquam</strong></span> <span class='ocrx_word' id='word_1_67' title='bbox 967 1005 1102 1084; x_wconf 91' lang='lat' dir='ltr'><strong>denique</strong></span> <span class='ocrx_word' id='word_1_68' title='bbox 1125 993 1324 1072; x_wconf 72' lang='lat' dir='ltr'><strong>Enimvero’</strong></span> <span class='ocrx_word' id='word_1_69' title='bbox 1292 1027 1329 1072; x_wconf 71' lang='lat' dir='ltr'><strong>ss</strong></span> 
     </span>
    </p>
   </div>
   <div class='ocr_carea' id='block_1_3' title="bbox 219 1099 1464 1192">
    <p class='ocr_par' dir='ltr' id='par_1_4' title="bbox 219 1099 1464 1192">
     <span class='ocr_line' id='line_1_9' title="bbox 219 1099 1464 1192; baseline 0.006 -36"><span class='ocrx_word' id='word_1_70' title='bbox 219 1118 315 1178; x_wconf 89' lang='lat' dir='ltr'><strong>neque</strong></span> <span class='ocrx_word' id='word_1_71' title='bbox 332 1109 437 1160; x_wconf 87' lang='lat' dir='ltr'><strong>natura</strong></span> <span class='ocrx_word' id='word_1_72' title='bbox 450 1101 527 1160; x_wconf 89' lang='lat' dir='ltr'><strong>fidus</strong></span> <span class='ocrx_word' id='word_1_73' title='bbox 541 1111 587 1192; x_wconf 84' lang='lat' dir='ltr'><strong>est</strong></span> <span class='ocrx_word' id='word_1_74' title='bbox 603 1100 819 1178; x_wconf 78' lang='lat' dir='ltr'><strong>Cersobleptes,</strong></span> <span class='ocrx_word' id='word_1_75' title='bbox 833 1111 864 1158; x_wconf 89' lang='lat' dir='ltr'><strong>et</strong></span> <span class='ocrx_word' id='word_1_76' title='bbox 882 1110 999 1179; x_wconf 89' lang='lat' dir='ltr'><strong>propter</strong></span> <span class='ocrx_word' id='word_1_77' title='bbox 1013 1119 1048 1158; x_wconf 88' lang='lat' dir='ltr'><strong>ea</strong></span> <span class='ocrx_word' id='word_1_78' title='bbox 1067 1118 1133 1178; x_wconf 71' lang='lat' dir='ltr'><strong>quoe</strong></span> <span class='ocrx_word' id='word_1_79' title='bbox 1149 1099 1226 1178; x_wconf 91' lang='lat' dir='ltr'><strong>prius</strong></span> <span class='ocrx_word' id='word_1_80' title='bbox 1249 1109 1328 1164; x_wconf 82' lang='lat' dir='ltr'><strong>acta</strong></span> <span class='ocrx_word' id='word_1_81' title='bbox 1380 1139 1382 1147; x_wconf 37' lang='grc' dir='ltr'><strong>ι</strong></span> <span class='ocrx_word' id='word_1_82' title='bbox 1463 1129 1464 1140; x_wconf 52' lang='lat'>¹</span> 
     </span>
    </p>
   </div>
   <div class='ocr_carea' id='block_1_4' title="bbox 148 1191 1330 1456">
    <p class='ocr_par' dir='ltr' id='par_1_5' title="bbox 148 1191 1330 1456">
     <span class='ocr_line' id='line_1_10' title="bbox 148 1191 1328 1297; baseline 0.002 -45"><span class='ocrx_word' id='word_1_83' title='bbox 148 1269 149 1272; x_wconf 9' lang='grc' dir='ltr'>ι</span> <span class='ocrx_word' id='word_1_84' title='bbox 218 1203 296 1264; x_wconf 84' lang='lat' dir='ltr'><strong>suut,</strong></span> <span class='ocrx_word' id='word_1_85' title='bbox 291 1197 384 1297; x_wconf 40' lang='lat' dir='ltr'><strong>jure·</strong></span> <span class='ocrx_word' id='word_1_86' title='bbox 393 1202 559 1296; x_wconf 76' lang='lat' dir='ltr'><strong>suspectus,</strong></span> <span class='ocrx_word' id='word_1_87' title='bbox 580 1203 680 1270; x_wconf 86' lang='lat' dir='ltr'><strong>neque</strong></span> <span class='ocrx_word' id='word_1_88' title='bbox 688 1191 846 1270; x_wconf 90' lang='lat' dir='ltr'><strong>quicquam</strong></span> <span class='ocrx_word' id='word_1_89' title='bbox 859 1192 890 1250; x_wconf 89' lang='lat' dir='ltr'><strong>in</strong></span> <span class='ocrx_word' id='word_1_90' title='bbox 902 1192 1008 1284; x_wconf 82' lang='lat' dir='ltr'><strong>rebus</strong></span> <span class='ocrx_word' id='word_1_91' title='bbox 1001 1201 1087 1261; x_wconf 74' lang='lat' dir='ltr'><strong>mest</strong></span> <span class='ocrx_word' id='word_1_92' title='bbox 1102 1202 1218 1270; x_wconf 88' lang='lat' dir='ltr'><strong>propter</strong></span> <span class='ocrx_word' id='word_1_93' title='bbox 1234 1195 1328 1270; x_wconf 81' lang='lat' dir='ltr'><strong>quod</strong></span> 
     </span>
     <span class='ocr_line' id='line_1_11' title="bbox 216 1277 1330 1374; baseline 0.004 -32"><span class='ocrx_word' id='word_1_94' title='bbox 216 1293 247 1342; x_wconf 89' lang='lat' dir='ltr'><strong>et</strong></span> <span class='ocrx_word' id='word_1_95' title='bbox 258 1292 363 1361; x_wconf 76' lang='lat' dir='ltr'><strong>prater</strong></span> <span class='ocrx_word' id='word_1_96' title='bbox 377 1284 526 1364; x_wconf 65' lang='lat' dir='ltr'><strong>eugenium</strong></span> <span class='ocrx_word' id='word_1_97' title='bbox 541 1295 572 1346; x_wconf 87' lang='lat' dir='ltr'><strong>et</strong></span> <span class='ocrx_word' id='word_1_98' title='bbox 584 1296 686 1344; x_wconf 90' lang='lat' dir='ltr'><strong>contra</strong></span> <span class='ocrx_word' id='word_1_99' title='bbox 699 1284 878 1344; x_wconf 86' lang='lat' dir='ltr'><strong>voluntatem</strong></span> <span class='ocrx_word' id='word_1_100' title='bbox 893 1277 976 1344; x_wconf 82' lang='lat' dir='ltr'><strong>suam</strong></span> <span class='ocrx_word' id='word_1_101' title='bbox 991 1285 1159 1352; x_wconf 83' lang='lat' dir='ltr'><strong>Charidemi</strong></span> <span class='ocrx_word' id='word_1_102' title='bbox 1173 1285 1330 1374; x_wconf 74' lang='lat' dir='ltr'><strong>rationem</strong></span> 
     </span>
     <span class='ocr_line' id='line_1_12' title="bbox 216 1375 1326 1456; baseline 0.004 -22"><span class='ocrx_word' id='word_1_103' title='bbox 216 1375 426 1456; x_wconf 83' lang='lat' dir='ltr'><strong>haberet,·quae</strong></span> <span class='ocrx_word' id='word_1_104' title='bbox 440 1387 598 1454; x_wconf 81' lang='lat' dir='ltr'><strong>causaest,</strong></span> <span class='ocrx_word' id='word_1_105' title='bbox 612 1397 664 1438; x_wconf 86' lang='lat' dir='ltr'><strong>eur</strong></span> <span class='ocrx_word' id='word_1_106' title='bbox 677 1375 854 1455; x_wconf 89' lang='lat' dir='ltr'><strong>simpliciter,</strong></span> <span class='ocrx_word' id='word_1_107' title='bbox 869 1376 1003 1454; x_wconf 83' lang='lat' dir='ltr'>adeoque</span> <span class='ocrx_word' id='word_1_108' title='bbox 1022 1387 1128 1456; x_wconf 84' lang='lat' dir='ltr'><strong>praeter</strong></span> <span class='ocrx_word' id='word_1_109' title='bbox 1141 1396 1254 1442; x_wconf 85' lang='lat' dir='ltr'><strong>ornnem</strong></span> <span class='ocrx_word' id='word_1_110' title='bbox 1267 1397 1326 1438; x_wconf 84' lang='lat' dir='ltr'><strong>ra-</strong></span> 
     </span>
    </p>
   </div>
   <div class='ocr_carea' id='block_1_5' title="bbox 123 1467 1329 1556">
    <p class='ocr_par' dir='ltr' id='par_1_6' title="bbox 123 1467 1329 1556">
     <span class='ocr_line' id='line_1_13' title="bbox 123 1467 1329 1556; baseline 0.007 -31"><span class='ocrx_word' id='word_1_111' title='bbox 123 1513 126 1525; x_wconf 76' lang='grc'>,</span> <span class='ocrx_word' id='word_1_112' title='bbox 216 1467 325 1548; x_wconf 82' lang='lat' dir='ltr'><strong>tiqnem</strong></span> <span class='ocrx_word' id='word_1_113' title='bbox 340 1469 378 1528; x_wconf 82' lang='lat' dir='ltr'><strong>ed</strong></span> <span class='ocrx_word' id='word_1_114' title='bbox 392 1468 542 1546; x_wconf 77' lang='lat' dir='ltr'><strong>libidinem</strong></span> <span class='ocrx_word' id='word_1_115' title='bbox 553 1489 635 1530; x_wconf 88' lang='lat' dir='ltr'><strong>suam</strong></span> <span class='ocrx_word' id='word_1_116' title='bbox 648 1469 835 1549; x_wconf 81' lang='lat' dir='ltr'>explendam,</span> <span class='ocrx_word' id='word_1_117' title='bbox 854 1467 936 1528; x_wconf 89' lang='lat' dir='ltr'><strong>illum</strong></span> <span class='ocrx_word' id='word_1_118' title='bbox 950 1469 1134 1548; x_wconf 88' lang='lat' dir='ltr'><strong>adjutemus:</strong></span> <span class='ocrx_word' id='word_1_119' title='bbox 1149 1471 1329 1556; x_wconf 73' lang='lat' dir='ltr'><strong>presertim</strong></span> 
     </span>
    </p>
   </div>
   <div class='ocr_carea' id='block_1_6' title="bbox 216 1561 1332 1830">
    <p class='ocr_par' dir='ltr' id='par_1_7' title="bbox 216 1561 1332 1830">
     <span class='ocr_line' id='line_1_14' title="bbox 217 1561 1330 1640; baseline 0 -20"><span class='ocrx_word' id='word_1_120' title='bbox 217 1579 284 1620; x_wconf 89' lang='lat' dir='ltr'><strong>cum</strong></span> <span class='ocrx_word' id='word_1_121' title='bbox 298 1570 361 1622; x_wconf 89' lang='lat' dir='ltr'><strong>tota</strong></span> <span class='ocrx_word' id='word_1_122' title='bbox 374 1581 420 1622; x_wconf 90' lang='lat' dir='ltr'><strong>res</strong></span> <span class='ocrx_word' id='word_1_123' title='bbox 434 1563 464 1622; x_wconf 93' lang='lat' dir='ltr'><strong>in</strong></span> <span class='ocrx_word' id='word_1_124' title='bbox 474 1561 681 1638; x_wconf 71' lang='lat' dir='ltr'><strong>detrimentum</strong></span> <span class='ocrx_word' id='word_1_125' title='bbox 695 1573 826 1626; x_wconf 86' lang='lat' dir='ltr'><strong>nostrum</strong></span> <span class='ocrx_word' id='word_1_126' title='bbox 841 1561 1031 1622; x_wconf 73' lang='lat' dir='ltr'><strong>cessurasiti</strong></span> <span class='ocrx_word' id='word_1_127' title='bbox 1052 1561 1192 1640; x_wconf 80' lang='lat' dir='ltr'><strong>Equidem</strong></span> <span class='ocrx_word' id='word_1_128' title='bbox 1203 1561 1330 1631; x_wconf 70' lang='lat' dir='ltr'><strong>nullam</strong></span> 
     </span>
     <span class='ocr_line' id='line_1_15' title="bbox 216 1653 310 1714; baseline -0.021 0"><span class='ocrx_word' id='word_1_129' title='bbox 216 1653 310 1714; x_wconf 87' lang='lat' dir='ltr'><strong>video.</strong></span> 
     </span>
     <span class='ocr_line' id='line_1_16' title="bbox 258 1744 1332 1830; baseline 0.001 -24"><span class='ocrx_word' id='word_1_130' title='bbox 258 1750 307 1806; x_wconf 84' lang='grc'><strong>34.</strong></span> <span class='ocrx_word' id='word_1_131' title='bbox 330 1746 531 1830; x_wconf 77' lang='lat' dir='ltr'><strong>Praeterquam</strong></span> <span class='ocrx_word' id='word_1_132' title='bbox 542 1747 639 1826; x_wconf 86' lang='lat' dir='ltr'><strong>igitur,</strong></span> <span class='ocrx_word' id='word_1_133' title='bbox 653 1745 733 1824; x_wconf 92' lang='lat' dir='ltr'><strong>quod</strong></span> <span class='ocrx_word' id='word_1_134' title='bbox 747 1744 895 1806; x_wconf 86' lang='lat' dir='ltr'><strong>decreturh</strong></span> <span class='ocrx_word' id='word_1_135' title='bbox 910 1746 967 1806; x_wconf 91' lang='lat' dir='ltr'><strong>hoc</strong></span> <span class='ocrx_word' id='word_1_136' title='bbox 978 1764 1037 1812; x_wconf 89' lang='lat' dir='ltr'><strong>nou</strong></span> <span class='ocrx_word' id='word_1_137' title='bbox 1047 1753 1140 1806; x_wconf 83' lang='lat' dir='ltr'><strong>estex</strong></span> <span class='ocrx_word' id='word_1_138' title='bbox 1149 1759 1206 1806; x_wconf 87' lang='lat' dir='ltr'><strong>usu</strong></span> <span class='ocrx_word' id='word_1_139' title='bbox 1217 1745 1332 1825; x_wconf 90' lang='lat' dir='ltr'><strong>reipu-.·</strong></span> 
     </span>
    </p>
   </div>
   <div class='ocr_carea' id='block_1_7' title="bbox 9 1837 1330 1922">
    <p class='ocr_par' dir='ltr' id='par_1_8' title="bbox 9 1837 1330 1922">
     <span class='ocr_line' id='line_1_17' title="bbox 9 1837 1330 1922; baseline 0.001 -20"><span class='ocrx_word' id='word_1_140' title='bbox 9 1885 20 1902; x_wconf 81' lang='lat'><em>.</em></span> <span class='ocrx_word' id='word_1_141' title='bbox 129 1907 131 1918; x_wconf 30' lang='grc' dir='ltr'>Ι</span> <span class='ocrx_word' id='word_1_142' title='bbox 216 1837 529 1911; x_wconf 78' lang='lat' dir='ltr'><strong>blicae„existimatioui</strong></span> <span class='ocrx_word' id='word_1_143' title='bbox 542 1849 658 1918; x_wconf 86' lang='lat' dir='ltr'><strong>quoque</strong></span> <span class='ocrx_word' id='word_1_144' title='bbox 669 1848 777 1912; x_wconf 82' lang='lat' dir='ltr'><strong>¹nostrae</strong></span> <span class='ocrx_word' id='word_1_145' title='bbox 788 1838 912 1922; x_wconf 88' lang='lat' dir='ltr'><strong>civitatis</strong></span> <span class='ocrx_word' id='word_1_146' title='bbox 922 1839 979 1898; x_wconf 74' lang='lat' dir='ltr'><strong>trie</strong></span> <span class='ocrx_word' id='word_1_147' title='bbox 988 1838 1145 1917; x_wconf 82' lang='lat' dir='ltr'><strong>quicquum</strong></span> <span class='ocrx_word' id='word_1_148' title='bbox 1153 1839 1330 1904; x_wconf 80' lang='lat' dir='ltr'><strong>decrevisse</strong></span> 
     </span>
    </p>
   </div>
   <div class='ocr_carea' id='block_1_8' title="bbox 148 1930 1349 4530">
    <p class='ocr_par' dir='ltr' id='par_1_9' title="bbox 148 1930 1349 3854">
     <span class='ocr_line' id='line_1_18' title="bbox 216 1930 1329 2015; baseline 0.001 -25"><span class='ocrx_word' id='word_1_149' title='bbox 216 1930 402 2015; x_wconf 62' lang='lat' dir='ltr'><strong>adversatum</strong></span> <span class='ocrx_word' id='word_1_150' title='bbox 425 1931 514 2009; x_wconf 87' lang='lat' dir='ltr'><strong>idque</strong></span> <span class='ocrx_word' id='word_1_151' title='bbox 528 1931 765 2010; x_wconf 80' lang='lat' dir='ltr'><strong>cognoscendum</strong></span> <span class='ocrx_word' id='word_1_152' title='bbox 778 1931 860 1990; x_wconf 93' lang='lat' dir='ltr'><strong>vobis</strong></span> <span class='ocrx_word' id='word_1_153' title='bbox 874 1940 929 1990; x_wconf 90' lang='lat' dir='ltr'><strong>est.</strong></span> <span class='ocrx_word' id='word_1_154' title='bbox 950 1931 989 1996; x_wconf 77' lang='lat' dir='ltr'><strong>st</strong></span> <span class='ocrx_word' id='word_1_155' title='bbox 1009 1933 1096 2002; x_wconf 83' lang='lat' dir='ltr'><strong>enim,</strong></span> <span class='ocrx_word' id='word_1_156' title='bbox 1112 1931 1329 2006; x_wconf 74' lang='lat' dir='ltr'><strong>Athenienses,</strong></span> 
     </span>
     <span class='ocr_line' id='line_1_19' title="bbox 216 2020 1329 2102; baseline 0.004 -24"><span class='ocrx_word' id='word_1_157' title='bbox 216 2020 245 2080; x_wconf 86' lang='lat' dir='ltr'><strong>iu</strong></span> <span class='ocrx_word' id='word_1_158' title='bbox 259 2024 331 2100; x_wconf 88' lang='lat' dir='ltr'><strong>urbe</strong></span> <span class='ocrx_word' id='word_1_159' title='bbox 346 2022 498 2096; x_wconf 80' lang='lat' dir='ltr'><strong>habitanti,</strong></span> <span class='ocrx_word' id='word_1_160' title='bbox 512 2034 543 2083; x_wconf 90' lang='lat' dir='ltr'><strong>et</strong></span> <span class='ocrx_word' id='word_1_161' title='bbox 554 2023 670 2102; x_wconf 84' lang='lat' dir='ltr'><strong>legibus</strong></span> <span class='ocrx_word' id='word_1_162' title='bbox 686 2023 811 2083; x_wconf 85' lang='lat' dir='ltr'><strong>obnoxio</strong></span> <span class='ocrx_word' id='word_1_163' title='bbox 833 2023 972 2101; x_wconf 87' lang='lat' dir='ltr'><strong>scriptum</strong></span> <span class='ocrx_word' id='word_1_164' title='bbox 990 2033 1070 2082; x_wconf 89' lang='lat' dir='ltr'><strong>esset</strong></span> <span class='ocrx_word' id='word_1_165' title='bbox 1082 2023 1241 2093; x_wconf 84' lang='lat' dir='ltr'><strong>decretum,</strong></span> <span class='ocrx_word' id='word_1_166' title='bbox 1258 2029 1329 2088; x_wconf 80' lang='lat' dir='ltr'><strong>etsi</strong></span> 
     </span>
     <span class='ocr_line' id='line_1_20' title="bbox 214 2115 1325 2195; baseline 0.002 -21"><span class='ocrx_word' id='word_1_167' title='bbox 214 2125 278 2180; x_wconf 87' lang='lat' dir='ltr'><strong>tum</strong></span> <span class='ocrx_word' id='word_1_168' title='bbox 291 2115 379 2174; x_wconf 88' lang='lat' dir='ltr'><strong>etiam</strong></span> <span class='ocrx_word' id='word_1_169' title='bbox 392 2115 639 2194; x_wconf 81' lang='lat' dir='ltr'><strong>iniquum,minus</strong></span> <span class='ocrx_word' id='word_1_170' title='bbox 648 2126 730 2195; x_wconf 81' lang='lat' dir='ltr'><strong>turpe</strong></span> <span class='ocrx_word' id='word_1_171' title='bbox 741 2126 840 2193; x_wconf 80' lang='lat' dir='ltr'><strong>tamen</strong></span> <span class='ocrx_word' id='word_1_172' title='bbox 850 2115 1023 2176; x_wconf 84' lang='lat' dir='ltr'><strong>haberetur:</strong></span> <span class='ocrx_word' id='word_1_173' title='bbox 1045 2133 1123 2182; x_wconf 86' lang='lat' dir='ltr'><strong>nunc</strong></span> <span class='ocrx_word' id='word_1_174' title='bbox 1136 2117 1325 2180; x_wconf 86' lang='lat' dir='ltr'><strong>Charidemo</strong></span> 
     </span>
     <span class='ocr_line' id='line_1_21' title="bbox 216 2205 1326 2292; baseline 0.005 -26"><span class='ocrx_word' id='word_1_175' title='bbox 216 2205 422 2286; x_wconf 80' lang='lat' dir='ltr'><strong>scriptumest,</strong></span> <span class='ocrx_word' id='word_1_176' title='bbox 438 2208 488 2289; x_wconf 93' lang='lat' dir='ltr'><strong>qui</strong></span> <span class='ocrx_word' id='word_1_177' title='bbox 496 2208 585 2292; x_wconf 75' lang='lat' dir='ltr'><strong>pulla</strong></span> <span class='ocrx_word' id='word_1_178' title='bbox 597 2210 627 2267; x_wconf 88' lang='lat' dir='ltr'><strong>in</strong></span> <span class='ocrx_word' id='word_1_179' title='bbox 638 2211 710 2267; x_wconf 89' lang='lat' dir='ltr'><strong>urhe</strong></span> <span class='ocrx_word' id='word_1_180' title='bbox 719 2208 847 2282; x_wconf 25' lang='lat' dir='ltr'><strong>,Habitat</strong></span> <span class='ocrx_word' id='word_1_181' title='bbox 857 2219 887 2276; x_wconf 79' lang='lat' dir='ltr'><strong>et</strong></span> <span class='ocrx_word' id='word_1_182' title='bbox 896 2208 967 2286; x_wconf 84' lang='lat' dir='ltr'><strong>regi,</strong></span> <span class='ocrx_word' id='word_1_183' title='bbox 979 2208 1089 2268; x_wconf 85' lang='lat' dir='ltr'><strong>bomini</strong></span> <span class='ocrx_word' id='word_1_184' title='bbox 1103 2209 1215 2276; x_wconf 82' lang='lat' dir='ltr'><strong>Thraci,</strong></span> <span class='ocrx_word' id='word_1_185' title='bbox 1229 2209 1326 2272; x_wconf 85' lang='lat' dir='ltr'><strong>ducit</strong></span> 
     </span>
     <span class='ocr_line' id='line_1_22' title="bbox 214 2299 1328 2380; baseline 0.005 -22"><span class='ocrx_word' id='word_1_186' title='bbox 214 2301 388 2380; x_wconf 83' lang='lat' dir='ltr'><strong>exereitum,</strong></span> <span class='ocrx_word' id='word_1_187' title='bbox 405 2304 487 2375; x_wconf 89' lang='lat' dir='ltr'><strong>cujus</strong></span> <span class='ocrx_word' id='word_1_188' title='bbox 510 2319 601 2379; x_wconf 83' lang='lat' dir='ltr'><strong>regno</strong></span> <span class='ocrx_word' id='word_1_189' title='bbox 620 2301 722 2370; x_wconf 79' lang='lat' dir='ltr'><strong>fretus,</strong></span> <span class='ocrx_word' id='word_1_190' title='bbox 742 2299 841 2374; x_wconf 89' lang='lat' dir='ltr'><strong>multis</strong></span> <span class='ocrx_word' id='word_1_191' title='bbox 860 2299 996 2379; x_wconf 80' lang='lat' dir='ltr'><strong>injuriam</strong></span> <span class='ocrx_word' id='word_1_192' title='bbox 1015 2301 1094 2359; x_wconf 88' lang='lat' dir='ltr'><strong>facit.</strong></span> <span class='ocrx_word' id='word_1_193' title='bbox 1126 2300 1211 2378; x_wconf 82' lang='lat' dir='ltr'><strong>Scitis</strong></span> <span class='ocrx_word' id='word_1_194' title='bbox 1235 2304 1328 2364; x_wconf 87' lang='lat' dir='ltr'><strong>enim</strong></span> 
     </span>
     <span class='ocr_line' id='line_1_23' title="bbox 213 2390 1327 2471; baseline 0.005 -23"><span class='ocrx_word' id='word_1_195' title='bbox 213 2390 271 2450; x_wconf 90' lang='lat' dir='ltr'><strong>hoe</strong></span> <span class='ocrx_word' id='word_1_196' title='bbox 280 2392 422 2470; x_wconf 88' lang='lat' dir='ltr'><strong>profecto,</strong></span> <span class='ocrx_word' id='word_1_197' title='bbox 431 2412 533 2452; x_wconf 86' lang='lat' dir='ltr'><strong>omnes</strong></span> <span class='ocrx_word' id='word_1_198' title='bbox 546 2394 616 2454; x_wconf 89' lang='lat' dir='ltr'><strong>istos</strong></span> <span class='ocrx_word' id='word_1_199' title='bbox 624 2393 674 2471; x_wconf 91' lang='lat' dir='ltr'><strong>qui</strong></span> <span class='ocrx_word' id='word_1_200' title='bbox 686 2391 842 2470; x_wconf 78' lang='lat' dir='ltr'><strong>peregrinis</strong></span> <span class='ocrx_word' id='word_1_201' title='bbox 853 2403 982 2469; x_wconf 89' lang='lat' dir='ltr'><strong>praesunt</strong></span> <span class='ocrx_word' id='word_1_202' title='bbox 993 2391 1178 2464; x_wconf 85' lang='lat' dir='ltr'><strong>exercitibus,</strong></span> <span class='ocrx_word' id='word_1_203' title='bbox 1188 2391 1327 2459; x_wconf 78' lang='lat' dir='ltr'><strong>Graecas</strong></span> 
     </span>
     <span class='ocr_line' id='line_1_24' title="bbox 214 2483 1327 2570; baseline 0.001 -26"><span class='ocrx_word' id='word_1_204' title='bbox 214 2485 301 2546; x_wconf 85' lang='lat' dir='ltr'><strong>urbes</strong></span> <span class='ocrx_word' id='word_1_205' title='bbox 315 2495 521 2566; x_wconf 83' lang='lat' dir='ltr'><strong>occupare,et</strong></span> <span class='ocrx_word' id='word_1_206' title='bbox 541 2485 700 2564; x_wconf 19' lang='lat' dir='ltr'><strong>imperium·</strong></span> <span class='ocrx_word' id='word_1_207' title='bbox 717 2485 746 2570; x_wconf 84' lang='lat' dir='ltr'><strong>ln</strong></span> <span class='ocrx_word' id='word_1_208' title='bbox 768 2504 820 2544; x_wconf 88' lang='lat' dir='ltr'><strong>eas</strong></span> <span class='ocrx_word' id='word_1_209' title='bbox 841 2483 895 2543; x_wconf 88' lang='lat' dir='ltr'><strong>sibi</strong></span> <span class='ocrx_word' id='word_1_210' title='bbox 912 2483 1080 2554; x_wconf 81' lang='lat' dir='ltr'><strong>vendicare,</strong></span> <span class='ocrx_word' id='word_1_211' title='bbox 1106 2492 1145 2556; x_wconf 90' lang='lat' dir='ltr'><strong>et,</strong></span> <span class='ocrx_word' id='word_1_212' title='bbox 1167 2485 1191 2543; x_wconf 89' lang='lat' dir='ltr'><strong>si</strong></span> <span class='ocrx_word' id='word_1_213' title='bbox 1210 2505 1327 2551; x_wconf 86' lang='lat' dir='ltr'><strong>verum</strong></span> 
     </span>
     <span class='ocr_line' id='line_1_25' title="bbox 213 2566 1325 2655; baseline 0.002 -19"><span class='ocrx_word' id='word_1_214' title='bbox 213 2577 310 2638; x_wconf 84' lang='lat' dir='ltr'><strong>dicere</strong></span> <span class='ocrx_word' id='word_1_215' title='bbox 324 2579 369 2638; x_wconf 88' lang='lat' dir='ltr'><strong>fas</strong></span> <span class='ocrx_word' id='word_1_216' title='bbox 384 2589 440 2651; x_wconf 88' lang='lat' dir='ltr'><strong>est,</strong></span> <span class='ocrx_word' id='word_1_217' title='bbox 453 2577 623 2638; x_wconf 87' lang='lat' dir='ltr'><strong>communes</strong></span> <span class='ocrx_word' id='word_1_218' title='bbox 637 2577 737 2654; x_wconf 82' lang='lat' dir='ltr'><strong>hostes</strong></span> <span class='ocrx_word' id='word_1_219' title='bbox 748 2566 887 2650; x_wconf 87' lang='lat' dir='ltr'><strong>omnium,</strong></span> <span class='ocrx_word' id='word_1_220' title='bbox 896 2577 946 2655; x_wconf 89' lang='lat' dir='ltr'><strong>qui</strong></span> <span class='ocrx_word' id='word_1_221' title='bbox 956 2573 1025 2636; x_wconf 47' lang='lat' dir='ltr'><strong>eum*</strong></span> <span class='ocrx_word' id='word_1_222' title='bbox 1034 2576 1167 2644; x_wconf 82' lang='lat' dir='ltr'><strong>libertate</strong></span> <span class='ocrx_word' id='word_1_223' title='bbox 1180 2577 1211 2646; x_wconf 83' lang='lat' dir='ltr'><strong>in</strong></span> <span class='ocrx_word' id='word_1_224' title='bbox 1219 2581 1325 2655; x_wconf 87' lang='lat' dir='ltr'><strong>patria</strong></span> 
     </span>
     <span class='ocr_line' id='line_1_26' title="bbox 211 2669 1323 2748; baseline 0.004 -20"><span class='ocrx_word' id='word_1_225' title='bbox 211 2670 307 2745; x_wconf 86' lang='lat' dir='ltr'><strong>vivere</strong></span> <span class='ocrx_word' id='word_1_226' title='bbox 329 2671 460 2746; x_wconf 87' lang='lat' dir='ltr'><strong>student,</strong></span> <span class='ocrx_word' id='word_1_227' title='bbox 475 2691 576 2732; x_wconf 88' lang='lat' dir='ltr'><strong>omnes</strong></span> <span class='ocrx_word' id='word_1_228' title='bbox 592 2671 726 2748; x_wconf 82' lang='lat' dir='ltr'><strong>regiones</strong></span> <span class='ocrx_word' id='word_1_229' title='bbox 751 2671 914 2747; x_wconf 80' lang='lat' dir='ltr'><strong>pervagari.</strong></span> <span class='ocrx_word' id='word_1_230' title='bbox 948 2669 1026 2730; x_wconf 89' lang='lat' dir='ltr'><strong>Num</strong></span> <span class='ocrx_word' id='word_1_231' title='bbox 1049 2669 1138 2748; x_wconf 82' lang='lat' dir='ltr'><strong>igitur</strong></span> <span class='ocrx_word' id='word_1_232' title='bbox 1155 2669 1323 2732; x_wconf 86' lang='lat' dir='ltr'><strong>honestum</strong></span> 
     </span>
     <span class='ocr_line' id='line_1_27' title="bbox 214 2760 1323 2839; baseline 0.002 -19"><span class='ocrx_word' id='word_1_233' title='bbox 214 2762 306 2834; x_wconf 88' lang='lat' dir='ltr'><strong>vobis,</strong></span> <span class='ocrx_word' id='word_1_234' title='bbox 326 2772 378 2822; x_wconf 87' lang='lat' dir='ltr'><strong>aut</strong></span> <span class='ocrx_word' id='word_1_235' title='bbox 392 2763 529 2822; x_wconf 88' lang='lat' dir='ltr'><strong>decorum</strong></span> <span class='ocrx_word' id='word_1_236' title='bbox 551 2762 616 2835; x_wconf 88' lang='lat' dir='ltr'><strong>erit,</strong></span> <span class='ocrx_word' id='word_1_237' title='bbox 633 2761 842 2836; x_wconf 84' lang='lat' dir='ltr'><strong>Athenienses,</strong></span> <span class='ocrx_word' id='word_1_238' title='bbox 856 2761 895 2834; x_wconf 82' lang='lat' dir='ltr'><strong>ei,</strong></span> <span class='ocrx_word' id='word_1_239' title='bbox 910 2761 961 2838; x_wconf 92' lang='lat' dir='ltr'><strong>qui</strong></span> <span class='ocrx_word' id='word_1_240' title='bbox 975 2760 1206 2839; x_wconf 81' lang='lat' dir='ltr'><strong>explendaesuoe</strong></span> <span class='ocrx_word' id='word_1_241' title='bbox 1220 2765 1323 2822; x_wconf 79' lang='lat' dir='ltr'><strong>avari·</strong></span> 
     </span>
     <span class='ocr_line' id='line_1_28' title="bbox 213 2852 1323 2958; baseline 0.004 -46"><span class='ocrx_word' id='word_1_242' title='bbox 213 2854 261 2913; x_wconf 83' lang='lat' dir='ltr'><strong>tiae</strong></span> <span class='ocrx_word' id='word_1_243' title='bbox 273 2875 366 2919; x_wconf 81' lang='lat' dir='ltr'><strong>eausa</strong></span> <span class='ocrx_word' id='word_1_244' title='bbox 380 2855 560 2933; x_wconf 86' lang='lat' dir='ltr'><strong>quibusvis,&#39;</strong></span> <span class='ocrx_word' id='word_1_245' title='bbox 553 2875 582 2915; x_wconf 89' lang='grc' dir='ltr'><strong>ιιι</strong></span> <span class='ocrx_word' id='word_1_246' title='bbox 596 2875 682 2958; x_wconf 87' lang='lat' dir='ltr'><strong>quos</strong></span> <span class='ocrx_word' id='word_1_247' title='bbox 679 2852 824 2925; x_wconf 88' lang='lat' dir='ltr'><strong>inciderit,</strong></span> <span class='ocrx_word' id='word_1_248' title='bbox 838 2852 1032 2924; x_wconf 86' lang='lat' dir='ltr'><strong>insidiabitur,</strong></span> <span class='ocrx_word' id='word_1_249' title='bbox 1046 2852 1135 2924; x_wconf 84' lang='lat' dir='ltr'><strong>talem</strong></span> <span class='ocrx_word' id='word_1_250' title='bbox 1145 2853 1323 2916; x_wconf 80' lang='lat' dir='ltr'><strong>custodiam</strong></span> 
     </span>
     <span class='ocr_line' id='line_1_29' title="bbox 212 2928 1349 3026; baseline 0.004 -22"><span class='ocrx_word' id='word_1_251' title='bbox 212 2945 424 3006; x_wconf 77' lang='lat' dir='ltr'><strong>decrevissez&#39;</strong></span> <span class='ocrx_word' id='word_1_252' title='bbox 416 2948 451 3007; x_wconf 90' lang='lat' dir='ltr'><strong>ris</strong></span> <span class='ocrx_word' id='word_1_253' title='bbox 467 2967 545 3022; x_wconf 86' lang='lat' dir='ltr'><strong>vero,</strong></span> <span class='ocrx_word' id='word_1_254' title='bbox 561 2947 638 3026; x_wconf 90' lang='lat' dir='ltr'><strong>qui</strong></span> <span class='ocrx_word' id='word_1_255' title='bbox 625 2966 708 3004; x_wconf 88' lang='lat' dir='ltr'><strong>suam</strong></span> <span class='ocrx_word' id='word_1_256' title='bbox 721 2928 886 3016; x_wconf 82' lang='lat' dir='ltr'><strong>libertatem</strong></span> <span class='ocrx_word' id='word_1_257' title='bbox 899 2945 1036 3020; x_wconf 80' lang='lat' dir='ltr'><strong>asserturi</strong></span> <span class='ocrx_word' id='word_1_258' title='bbox 1047 2953 1132 3016; x_wconf 81' lang='lat' dir='ltr'><strong>sunt,</strong></span> <span class='ocrx_word' id='word_1_259' title='bbox 1143 2955 1247 3006; x_wconf 84' lang='lat' dir='ltr'><strong>vestra</strong></span> <span class='ocrx_word' id='word_1_260' title='bbox 1266 2967 1323 3008; x_wconf 86' lang='lat' dir='ltr'><strong>sc·</strong></span> <span class='ocrx_word' id='word_1_261' title='bbox 1346 2995 1349 2998; x_wconf 84' lang='lat'>-</span> 
     </span>
     <span class='ocr_line' id='line_1_30' title="bbox 212 3036 1322 3118; baseline 0.002 -20"><span class='ocrx_word' id='word_1_262' title='bbox 212 3039 318 3118; x_wconf 82' lang='lat' dir='ltr'><strong>&#39;cietate</strong></span> <span class='ocrx_word' id='word_1_263' title='bbox 338 3039 550 3116; x_wconf 75' lang='lat' dir='ltr'><strong>interdixisset</strong></span> <span class='ocrx_word' id='word_1_264' title='bbox 572 3039 651 3118; x_wconf 79' lang='lat' dir='ltr'><strong>Ego</strong></span> <span class='ocrx_word' id='word_1_265' title='bbox 657 3047 734 3101; x_wconf 84' lang='lat' dir='ltr'><strong>certe</strong></span> <span class='ocrx_word' id='word_1_266' title='bbox 755 3036 874 3115; x_wconf 90' lang='lat' dir='ltr'><strong>quidem</strong></span> <span class='ocrx_word' id='word_1_267' title='bbox 889 3037 946 3097; x_wconf 93' lang='lat' dir='ltr'><strong>hoo</strong></span> <span class='ocrx_word' id='word_1_268' title='bbox 962 3057 1060 3116; x_wconf 86' lang='lat' dir='ltr'><strong>neque</strong></span> <span class='ocrx_word' id='word_1_269' title='bbox 1073 3037 1246 3109; x_wconf 86' lang='lat' dir='ltr'><strong>honestum,</strong></span> <span class='ocrx_word' id='word_1_270' title='bbox 1257 3061 1322 3104; x_wconf 88' lang='lat' dir='ltr'><strong>nec</strong></span> 
     </span>
     <span class='ocr_line' id='line_1_31' title="bbox 212 3125 1322 3212; baseline 0.001 -20"><span class='ocrx_word' id='word_1_271' title='bbox 212 3153 228 3192; x_wconf 95' lang='lat' dir='ltr'><strong>e</strong></span> <span class='ocrx_word' id='word_1_272' title='bbox 243 3133 383 3212; x_wconf 66' lang='lat' dir='ltr'><strong>diurnitate</strong></span> <span class='ocrx_word' id='word_1_273' title='bbox 396 3141 496 3192; x_wconf 84' lang='lat' dir='ltr'><strong>vestra</strong></span> <span class='ocrx_word' id='word_1_274' title='bbox 508 3151 574 3194; x_wconf 87' lang='lat' dir='ltr'><strong>esse</strong></span> <span class='ocrx_word' id='word_1_275' title='bbox 588 3151 703 3192; x_wconf 88' lang='lat' dir='ltr'><strong>censeo.</strong></span> <span class='ocrx_word' id='word_1_276' title='bbox 737 3129 833 3204; x_wconf 86' lang='lat' dir='ltr'><strong>Quam</strong></span> <span class='ocrx_word' id='word_1_277' title='bbox 856 3129 933 3189; x_wconf 90' lang='lat' dir='ltr'><strong>enim</strong></span> <span class='ocrx_word' id='word_1_278' title='bbox 955 3139 1040 3210; x_wconf 84' lang='lat' dir='ltr'><strong>turpe</strong></span> <span class='ocrx_word' id='word_1_279' title='bbox 1063 3125 1150 3190; x_wconf 85' lang='lat' dir='ltr'><strong>iuerit</strong></span> <span class='ocrx_word' id='word_1_280' title='bbox 1164 3147 1322 3198; x_wconf 85' lang='lat' dir='ltr'><strong>accusare</strong></span> 
     </span>
     <span class='ocr_line' id='line_1_32' title="bbox 211 3221 1321 3306; baseline -0.001 -22"><span class='ocrx_word' id='word_1_281' title='bbox 211 3223 464 3306; x_wconf 80' lang='lat' dir='ltr'><strong>Lacedremonios,</strong></span> <span class='ocrx_word' id='word_1_282' title='bbox 483 3224 589 3302; x_wconf 73' lang='lat' dir='ltr'><strong>quod,</strong></span> <span class='ocrx_word' id='word_1_283' title='bbox 582 3245 612 3286; x_wconf 90' lang='grc' dir='ltr'><strong>ιιι</strong></span> <span class='ocrx_word' id='word_1_284' title='bbox 635 3222 748 3296; x_wconf 79' lang='lat' dir='ltr'><strong>,soedera</strong></span> <span class='ocrx_word' id='word_1_285' title='bbox 769 3221 1046 3293; x_wconf 68' lang='lat' dir='ltr'><strong>retuleruntiicere</strong></span> <span class='ocrx_word' id='word_1_286' title='bbox 1061 3221 1218 3292; x_wconf 76' lang='lat' dir='ltr'><strong>Persarum</strong></span> <span class='ocrx_word' id='word_1_287' title='bbox 1238 3227 1321 3304; x_wconf 74' lang='lat' dir='ltr'><strong>regi,</strong></span> 
     </span>
     <span class='ocr_line' id='line_1_33' title="bbox 212 3305 1319 3394; baseline 0.002 -20"><span class='ocrx_word' id='word_1_288' title='bbox 212 3315 334 3393; x_wconf 79' lang='lat' dir='ltr'><strong>Graecos</strong></span> <span class='ocrx_word' id='word_1_289' title='bbox 348 3319 453 3392; x_wconf 83' lang='lat' dir='ltr'><strong>Asiam</strong></span> <span class='ocrx_word' id='word_1_290' title='bbox 475 3317 648 3390; x_wconf 78' lang='lat' dir='ltr'><strong>incolentes,</strong></span> <span class='ocrx_word' id='word_1_291' title='bbox 661 3315 802 3388; x_wconf 77' lang='lat' dir='ltr'><strong>¹arbitratu</strong></span> <span class='ocrx_word' id='word_1_292' title='bbox 817 3333 871 3374; x_wconf 87' lang='lat' dir='ltr'><strong>suo</strong></span> <span class='ocrx_word' id='word_1_293' title='bbox 885 3324 1011 3378; x_wconf 87' lang='lat' dir='ltr'><strong>tractare</strong></span> <span class='ocrx_word' id='word_1_294' title='bbox 1022 3313 1075 3373; x_wconf 62' lang='lat' dir='ltr'><strong>:esi</strong></span> <span class='ocrx_word' id='word_1_295' title='bbox 1094 3305 1319 3394; x_wconf 78' lang='lat' dir='ltr'><strong>nosipsiCer·</strong></span> 
     </span>
     <span class='ocr_line' id='line_1_34' title="bbox 211 3403 1319 3508; baseline 0 -40"><span class='ocrx_word' id='word_1_296' title='bbox 211 3408 376 3506; x_wconf 74' lang='lat' dir='ltr'><strong>sobleptaq</strong></span> <span class='ocrx_word' id='word_1_297' title='bbox 381 3429 431 3470; x_wconf 92' lang='lat' dir='ltr'><strong>eos</strong></span> <span class='ocrx_word' id='word_1_298' title='bbox 453 3409 605 3482; x_wconf 90' lang='lat' dir='ltr'><strong>dedamus,</strong></span> <span class='ocrx_word' id='word_1_299' title='bbox 629 3407 679 3485; x_wconf 92' lang='lat' dir='ltr'><strong>qui</strong></span> <span class='ocrx_word' id='word_1_300' title='bbox 703 3405 1015 3508; x_wconf 81' lang='lat' dir='ltr'><strong>Europamincqluut,</strong></span> <span class='ocrx_word' id='word_1_301' title='bbox 1044 3415 1133 3482; x_wconf 85' lang='lat' dir='ltr'><strong>etque</strong></span> <span class='ocrx_word' id='word_1_302' title='bbox 1158 3403 1237 3476; x_wconf 83' lang='lat' dir='ltr'><strong>adeo</strong></span> <span class='ocrx_word' id='word_1_303' title='bbox 1261 3428 1319 3468; x_wconf 86' lang='lat' dir='ltr'><strong>eos</strong></span> 
     </span>
     <span class='ocr_line' id='line_1_35' title="bbox 211 3495 1320 3580; baseline 0 -20"><span class='ocrx_word' id='word_1_304' title='bbox 211 3519 323 3580; x_wconf 72' lang='lat' dir='ltr'><strong>emeres,</strong></span> <span class='ocrx_word' id='word_1_305' title='bbox 341 3495 476 3580; x_wconf 90' lang='lat' dir='ltr'><strong>quibus</strong></span> <span class='ocrx_word' id='word_1_306' title='bbox 481 3519 512 3559; x_wconf 87' lang='lat' dir='ltr'><strong>se</strong></span> <span class='ocrx_word' id='word_1_307' title='bbox 536 3498 738 3558; x_wconf 88' lang='lat' dir='ltr'><strong>Charidemus</strong></span> <span class='ocrx_word' id='word_1_308' title='bbox 751 3497 926 3578; x_wconf 83' lang='lat' dir='ltr'><strong>superiorem</strong></span> <span class='ocrx_word' id='word_1_309' title='bbox 945 3497 1014 3559; x_wconf 88' lang='lat' dir='ltr'><strong>fore</strong></span> <span class='ocrx_word' id='word_1_310' title='bbox 1036 3495 1185 3558; x_wconf 70' lang='lat' dir='ltr'><strong>confidet?</strong></span> <span class='ocrx_word' id='word_1_311' title='bbox 1208 3498 1320 3577; x_wconf 87' lang='lat' dir='ltr'><strong>Neque</strong></span> 
     </span>
     <span class='ocr_line' id='line_1_36' title="bbox 148 3588 1319 3694; baseline -0.001 -42"><span class='ocrx_word' id='word_1_312' title='bbox 148 3603 155 3608; x_wconf 82' lang='lat'>&#39;</span> <span class='ocrx_word' id='word_1_313' title='bbox 210 3595 287 3654; x_wconf 86' lang='lat' dir='ltr'><strong>eninr</strong></span> <span class='ocrx_word' id='word_1_314' title='bbox 309 3592 367 3668; x_wconf 87' lang='lat' dir='ltr'><strong>elia</strong></span> <span class='ocrx_word' id='word_1_315' title='bbox 380 3589 528 3666; x_wconf 80' lang='lat' dir='ltr'><strong>decreti</strong></span> <span class='ocrx_word' id='word_1_316' title='bbox 502 3611 545 3650; x_wconf 80' lang='grc' dir='ltr'><strong>ιιι</strong></span> <span class='ocrx_word' id='word_1_317' title='bbox 553 3601 612 3672; x_wconf 86' lang='lat' dir='ltr'><strong>est,</strong></span> <span class='ocrx_word' id='word_1_318' title='bbox 628 3609 694 3649; x_wconf 89' lang='lat' dir='ltr'><strong>cum</strong></span> <span class='ocrx_word' id='word_1_319' title='bbox 708 3588 785 3650; x_wconf 88' lang='lat' dir='ltr'><strong>illius</strong></span> <span class='ocrx_word' id='word_1_320' title='bbox 800 3589 868 3647; x_wconf 89' lang='lat' dir='ltr'><strong>duci</strong></span> <span class='ocrx_word' id='word_1_321' title='bbox 880 3588 1100 3694; x_wconf 78' lang='lat' dir='ltr'><strong>praescriptum</strong></span> <span class='ocrx_word' id='word_1_322' title='bbox 1100 3608 1160 3648; x_wconf 85' lang='lat' dir='ltr'><strong>uon</strong></span> <span class='ocrx_word' id='word_1_323' title='bbox 1179 3590 1228 3660; x_wconf 89' lang='lat' dir='ltr'><strong>sit,</strong></span> <span class='ocrx_word' id='word_1_324' title='bbox 1241 3591 1319 3668; x_wconf 90' lang='lat' dir='ltr'><strong>quid</strong></span> 
     </span>
     <span class='ocr_line' id='line_1_37' title="bbox 210 3665 1317 3764; baseline -0.004 -18"><span class='ocrx_word' id='word_1_325' title='bbox 210 3671 371 3764; x_wconf 78' lang='lat' dir='ltr'><strong>agendum,</strong></span> <span class='ocrx_word' id='word_1_326' title='bbox 389 3682 472 3762; x_wconf 89' lang='lat' dir='ltr'><strong>quid</strong></span> <span class='ocrx_word' id='word_1_327' title='bbox 472 3701 530 3741; x_wconf 89' lang='lat' dir='ltr'><strong>nou</strong></span> <span class='ocrx_word' id='word_1_328' title='bbox 549 3665 709 3760; x_wconf 83' lang='lat' dir='ltr'><strong>agendum,</strong></span> <span class='ocrx_word' id='word_1_329' title='bbox 730 3690 762 3740; x_wconf 88' lang='lat' dir='ltr'><strong>et</strong></span> <span class='ocrx_word' id='word_1_330' title='bbox 782 3680 928 3756; x_wconf 81' lang='lat' dir='ltr'><strong>omnibus,</strong></span> <span class='ocrx_word' id='word_1_331' title='bbox 953 3680 1059 3759; x_wconf 87' lang='lat' dir='ltr'><strong>siquis</strong></span> <span class='ocrx_word' id='word_1_332' title='bbox 1077 3699 1111 3752; x_wconf 79' lang='lat' dir='ltr'><strong>se</strong></span> <span class='ocrx_word' id='word_1_333' title='bbox 1122 3679 1317 3754; x_wconf 72' lang='grc' dir='ltr'><strong>ιιιιιιιιιιιιιιι,Ι</strong></span> 
     </span>
     <span class='ocr_line' id='line_1_38' title="bbox 161 3773 679 3854; baseline -0.015 -17"><span class='ocrx_word' id='word_1_334' title='bbox 161 3773 162 3776; x_wconf 55' lang='grc'>’</span> <span class='ocrx_word' id='word_1_335' title='bbox 209 3786 309 3843; x_wconf 83' lang='lat' dir='ltr'><strong>tantus</strong></span> <span class='ocrx_word' id='word_1_336' title='bbox 322 3796 366 3836; x_wconf 90' lang='lat' dir='ltr'><strong>me</strong></span> <span class='ocrx_word' id='word_1_337' title='bbox 369 3785 415 3845; x_wconf 82' lang='lat' dir='ltr'><strong>tus</strong></span> <span class='ocrx_word' id='word_1_338' title='bbox 427 3774 607 3854; x_wconf 88' lang='lat' dir='ltr'><strong>impendeat</strong></span> <span class='ocrx_word' id='word_1_339' title='bbox 670 3825 679 3852; x_wconf 24' lang='grc' dir='ltr'><strong>,Ι</strong></span> 
     </span>
    </p>

    <p class='ocr_par' dir='ltr' id='par_1_10' title="bbox 208 3863 1317 4501">
     <span class='ocr_line' id='line_1_39' title="bbox 244 3863 1317 3952; baseline 0 -26"><span class='ocrx_word' id='word_1_340' title='bbox 244 3871 299 3952; x_wconf 90' lang='lat'><strong>35.</strong></span> <span class='ocrx_word' id='word_1_341' title='bbox 322 3867 415 3938; x_wconf 87' lang='lat' dir='ltr'><strong>Libet,</strong></span> <span class='ocrx_word' id='word_1_342' title='bbox 434 3865 640 3951; x_wconf 80' lang='lat' dir='ltr'><strong>Athenienses,</strong></span> <span class='ocrx_word' id='word_1_343' title='bbox 660 3865 746 3924; x_wconf 85' lang='lat' dir='ltr'><strong>etiam</strong></span> <span class='ocrx_word' id='word_1_344' title='bbox 765 3883 827 3923; x_wconf 90' lang='lat' dir='ltr'><strong>rem</strong></span> <span class='ocrx_word' id='word_1_345' title='bbox 849 3872 964 3942; x_wconf 83' lang='lat' dir='ltr'><strong>gestam</strong></span> <span class='ocrx_word' id='word_1_346' title='bbox 988 3863 1075 3924; x_wconf 84' lang='lat' dir='ltr'><strong>robis</strong></span> <span class='ocrx_word' id='word_1_347' title='bbox 1098 3864 1317 3944; x_wconf 62' lang='lat' dir='ltr'><strong>renibusque</strong></span> 
     </span>
     <span class='ocr_line' id='line_1_40' title="bbox 208 3955 1321 4065; baseline -0.004 -45"><span class='ocrx_word' id='word_1_348' title='bbox 208 3963 302 4044; x_wconf 82' lang='lat' dir='ltr'><strong>magis</strong></span> <span class='ocrx_word' id='word_1_349' title='bbox 316 3957 505 4065; x_wconf 73' lang='lat' dir='ltr'><strong>perspicietis,</strong></span> <span class='ocrx_word' id='word_1_350' title='bbox 521 3971 701 4062; x_wconf 78' lang='lat' dir='ltr'><strong>quantopere</strong></span> <span class='ocrx_word' id='word_1_351' title='bbox 715 3959 866 4018; x_wconf 80' lang='lat' dir='ltr'><strong>decretum</strong></span> <span class='ocrx_word' id='word_1_352' title='bbox 882 3955 937 4032; x_wconf 83' lang='lat' dir='ltr'><strong>hoc</strong></span> <span class='ocrx_word' id='word_1_353' title='bbox 952 3957 991 4018; x_wconf 89' lang='lat' dir='ltr'><strong>sit</strong></span> <span class='ocrx_word' id='word_1_354' title='bbox 1007 3958 1221 4036; x_wconf 72' lang='lat' dir='ltr'><strong>abrogandum.</strong></span> <span class='ocrx_word' id='word_1_355' title='bbox 1237 3961 1321 4052; x_wconf 79' lang='grc' dir='ltr'>ιιοιι</span> 
     </span>
     <span class='ocr_line' id='line_1_41' title="bbox 209 4048 1315 4133; baseline -0.004 -19"><span class='ocrx_word' id='word_1_356' title='bbox 209 4053 404 4133; x_wconf 79' lang='lat' dir='ltr'><strong>aliquando</strong></span> <span class='ocrx_word' id='word_1_357' title='bbox 381 4065 443 4114; x_wconf 90' lang='lat' dir='ltr'><strong>cert</strong></span> <span class='ocrx_word' id='word_1_358' title='bbox 445 4054 468 4112; x_wconf 91' lang='lat' dir='ltr'><strong>is</strong></span> <span class='ocrx_word' id='word_1_359' title='bbox 432 4054 530 4130; x_wconf 91' lang='lat' dir='ltr'><strong>tde</strong></span> <span class='ocrx_word' id='word_1_360' title='bbox 539 4052 645 4132; x_wconf 85' lang='lat' dir='ltr'><strong>causis</strong></span> <span class='ocrx_word' id='word_1_361' title='bbox 658 4051 750 4110; x_wconf 88' lang='lat' dir='ltr'><strong>civem</strong></span> <span class='ocrx_word' id='word_1_362' title='bbox 766 4050 874 4110; x_wconf 88' lang='lat' dir='ltr'><strong>fecistis</strong></span> <span class='ocrx_word' id='word_1_363' title='bbox 896 4048 1133 4122; x_wconf 86' lang='lat' dir='ltr'><strong>Ariobarzanem,</strong></span> <span class='ocrx_word' id='word_1_364' title='bbox 1147 4061 1178 4110; x_wconf 89' lang='lat' dir='ltr'><strong>et</strong></span> <span class='ocrx_word' id='word_1_365' title='bbox 1192 4061 1315 4130; x_wconf 87' lang='lat' dir='ltr'><strong>propter</strong></span> 
     </span>
     <span class='ocr_line' id='line_1_42' title="bbox 208 4121 1311 4228; baseline -0.005 -22"><span class='ocrx_word' id='word_1_366' title='bbox 208 4144 300 4222; x_wconf 83' lang='lat' dir='ltr'><strong>illum,</strong></span> <span class='ocrx_word' id='word_1_367' title='bbox 319 4121 488 4228; x_wconf 85' lang='lat' dir='ltr'><strong>Philiscum,</strong></span> <span class='ocrx_word' id='word_1_368' title='bbox 508 4154 542 4204; x_wconf 90' lang='lat' dir='ltr'><strong>ut</strong></span> <span class='ocrx_word' id='word_1_369' title='bbox 563 4162 641 4228; x_wconf 77' lang='lat' dir='ltr'><strong>nque</strong></span> <span class='ocrx_word' id='word_1_370' title='bbox 659 4141 690 4200; x_wconf 92' lang='lat' dir='ltr'><strong>in</strong></span> <span class='ocrx_word' id='word_1_371' title='bbox 709 4142 917 4222; x_wconf 84' lang='lat' dir='ltr'><strong>Cersobleptae</strong></span> <span class='ocrx_word' id='word_1_372' title='bbox 932 4140 1065 4220; x_wconf 79' lang='lat' dir='ltr'><strong>gratiam,</strong></span> <span class='ocrx_word' id='word_1_373' title='bbox 1088 4141 1311 4215; x_wconf 81' lang='lat' dir='ltr'><strong>Charidemum,</strong></span> 
     </span>
     <span class='ocr_line' id='line_1_43' title="bbox 209 4215 1307 4316; baseline -0.002 -22"><span class='ocrx_word' id='word_1_374' title='bbox 209 4237 310 4316; x_wconf 83' lang='lat' dir='ltr'><strong>Quum</strong></span> <span class='ocrx_word' id='word_1_375' title='bbox 319 4257 395 4296; x_wconf 83' lang='lat' dir='ltr'><strong>vero</strong></span> <span class='ocrx_word' id='word_1_376' title='bbox 401 4237 450 4310; x_wconf 91' lang='lat' dir='ltr'><strong>ille</strong></span> <span class='ocrx_word' id='word_1_377' title='bbox 461 4237 564 4296; x_wconf 88' lang='lat' dir='ltr'><strong>eodem</strong></span> <span class='ocrx_word' id='word_1_378' title='bbox 576 4215 717 4315; x_wconf 77' lang='lat' dir='ltr'><strong>praeditu&#39;s</strong></span> <span class='ocrx_word' id='word_1_379' title='bbox 732 4234 840 4304; x_wconf 90' lang='lat' dir='ltr'><strong>animo,</strong></span> <span class='ocrx_word' id='word_1_380' title='bbox 855 4253 914 4311; x_wconf 91' lang='lat' dir='ltr'><strong>quo</strong></span> <span class='ocrx_word' id='word_1_381' title='bbox 928 4233 993 4304; x_wconf 85' lang='lat' dir='ltr'><strong>iste,</strong></span> <span class='ocrx_word' id='word_1_382' title='bbox 1003 4233 1209 4294; x_wconf 84' lang='lat' dir='ltr'><strong>Ariobarzanis</strong></span> <span class='ocrx_word' id='word_1_383' title='bbox 1222 4243 1307 4292; x_wconf 85' lang='lat' dir='ltr'><strong>utens</strong></span> 
     </span>
     <span class='ocr_line' id='line_1_44' title="bbox 209 4307 1305 4429; baseline -0.004 -41"><span class='ocrx_word' id='word_1_384' title='bbox 209 4328 349 4398; x_wconf 85' lang='lat' dir='ltr'><strong>exercitu,</strong></span> <span class='ocrx_word' id='word_1_385' title='bbox 363 4327 486 4404; x_wconf 82' lang='lat' dir='ltr'><strong>Graecas</strong></span> <span class='ocrx_word' id='word_1_386' title='bbox 500 4307 587 4392; x_wconf 89' lang='lat' dir='ltr'><strong>urbes</strong></span> <span class='ocrx_word' id='word_1_387' title='bbox 606 4336 775 4404; x_wconf 81' lang='lat' dir='ltr'><strong>occuparet,¹</strong></span> <span class='ocrx_word' id='word_1_388' title='bbox 795 4335 903 4429; x_wconf 81' lang='lat' dir='ltr'><strong>atque</strong></span> <span class='ocrx_word' id='word_1_389' title='bbox 895 4325 925 4382; x_wconf 87' lang='lat' dir='ltr'><strong>in</strong></span> <span class='ocrx_word' id='word_1_390' title='bbox 942 4344 992 4384; x_wconf 88' lang='lat' dir='ltr'><strong>eas</strong></span> <span class='ocrx_word' id='word_1_391' title='bbox 1006 4324 1166 4406; x_wconf 80' lang='lat' dir='ltr'><strong>ingressus</strong></span> <span class='ocrx_word' id='word_1_392' title='bbox 1169 4325 1266 4412; x_wconf 81' lang='lat' dir='ltr'><strong>multa</strong></span> <span class='ocrx_word' id='word_1_393' title='bbox 1276 4334 1305 4384; x_wconf 84' lang='lat' dir='ltr'><strong>et</strong></span> 
     </span>
     <span class='ocr_line' id='line_1_45' title="bbox 209 4417 1301 4530; baseline -0.005 -48"><span class='ocrx_word' id='word_1_394' title='bbox 209 4421 339 4482; x_wconf 84' lang='lat' dir='ltr'><strong>crudelia</strong></span> <span class='ocrx_word' id='word_1_395' title='bbox 352 4419 483 4500; x_wconf 81' lang='lat' dir='ltr'><strong>lacinoru</strong></span> <span class='ocrx_word' id='word_1_396' title='bbox 493 4417 627 4529; x_wconf 52' lang='grc' dir='ltr'><strong>ειιιιιιιιΙ</strong></span> <span class='ocrx_word' id='word_1_397' title='bbox 620 4439 671 4500; x_wconf 68' lang='lat' dir='ltr'><strong>lue</strong></span> <span class='ocrx_word' id='word_1_398' title='bbox 652 4419 753 4502; x_wconf 56' lang='lat' dir='ltr'><strong>,erretis</strong></span> <span class='ocrx_word' id='word_1_399' title='bbox 771 4419 868 4501; x_wconf 89' lang='lat' dir='ltr'><strong>pueris</strong></span> <span class='ocrx_word' id='word_1_400' title='bbox 882 4417 1026 4530; x_wconf 75' lang='lat' dir='ltr'><strong>violandis</strong></span> <span class='ocrx_word' id='word_1_401' title='bbox 1042 4431 1073 4480; x_wconf 89' lang='lat' dir='ltr'><strong>et</strong></span> <span class='ocrx_word' id='word_1_402' title='bbox 1085 4420 1227 4514; x_wconf 78' lang='lat' dir='ltr'><strong>matronis</strong></span> <span class='ocrx_word' id='word_1_403' title='bbox 1242 4429 1301 4480; x_wconf 85' lang='lat' dir='ltr'><strong>stu-</strong></span> 
     </span>
    </p>
   </div>
   <div class='ocr_carea' id='block_1_9' title="bbox 0 0 1470 4952">
    <p class='ocr_par' dir='ltr' id='par_1_11' title="bbox 0 0 1470 4952">
     <span class='ocr_line' id='line_1_46' title="bbox 0 0 1470 4952; baseline 0 5"><span class='ocrx_word' id='word_1_404' title='bbox 0 0 1470 4952; x_wconf 95' lang='lat' dir='ltr'><strong> </strong></span> 
     </span>
    </p>
   </div>
  </div>
 </body>
</html>
