2886 4946
445 267 610 372 onnrro,
626 271 681 332 nn
704 275 937 374 censemus.
1179 281 1237 346 rm

131 437 242 497 nerent,
256 436 413 486 venturum
426 445 493 487 esse
504 426 627 508 Regem,
639 426 753 500 masse,
768 445 828 489 nou
848 429 932 488 aliter
942 447 1031 509 posse
1048 431 1120 506 lieri,
1133 441 1162 494 et
1174 453 1234 496 una

131 539 201 579 cum
216 519 381 580 oratoribus
405 519 454 579 alii
477 519 599 579 totidem
617 519 850 593 vaticinarentur,
865 539 924 581 non
944 523 1032 584 modo
1046 541 1104 600 non
1119 527 1233 586 confer·
1278 531 1280 536 '

129 622 206 682 rent,
221 613 277 672 sed
289 631 346 672 nec
364 613 534 692 proferrent,
549 622 600 671 aut
612 613 771 672 faterentur
782 631 813 673 sa
832 614 949 674 habere.
990 617 1031 675 At
1043 616 1067 675 si
1081 621 1232 680 verborum

128 713 253 764 terrores
266 705 339 764 istos
351 705 389 780 ad
402 724 463 764 rem
477 704 600 764 conferri
610 701 750 778 riderent,
760 721 846 765 nemo
857 706 897 764 ita
909 707 1033 766 stolidus
1044 715 1097 780 est,
1111 708 1230 785 quinon

127 796 289 856 liberaliter
304 797 397 869 daret,
412 808 443 858 et
454 797 562 876 primus
573 797 735 857 conferret:
757 798 820 876 quis
835 797 912 857 enim
925 798 1008 857 malit
1017 799 1078 878 ipse
1090 821 1149 860 una
1162 821 1230 861 oum

126 889 258 950 fortunis
273 890 407 948 omnibus
420 889 546 961 interire,
560 907 648 966 quam
663 899 773 967 partem
787 887 960 949 facultatum
973 910 1026 970 pro
1036 893 1189 972 semetipso
1202 903 1233 957 et

125 981 250 1059 reliquis
265 983 326 1042 suis
342 981 429 1042 bonis
442 980 591 1042 conferre?
611 981 768 1041 Pecuniam
789 983 876 1061 igitur
895 974 1001 1041 lumin
1020 994 1155 1063 promptu
1167 986 1230 1046 fore

126 1073 209 1142 dico,
225 1093 293 1132 cum
312 1093 413 1133 revera
433 1074 520 1133 fuerit
543 1093 633 1153 opus;
656 1092 714 1134 non
728 1075 827 1153 prius:
847 1074 969 1154 proinde
987 1095 1024 1134 ue
1041 1078 1228 1155 quaerendam

124 1165 251 1243 quidem
265 1185 391 1234 censeo:
413 1176 553 1244 quantum
566 1167 642 1226 enim
656 1185 736 1227 nunc
749 1167 912 1244 exigeretis,
927 1169 951 1228 si
964 1169 1150 1229 institueretis
1168 1172 1228 1230 exi·

124 1277 208 1336 gere,
218 1248 252 1316 id
267 1258 361 1336 magis
371 1257 522 1317 ridiculum
533 1259 628 1331 fuerit,
642 1254 764 1337 quamsi
777 1255 847 1318 nihil
861 1259 979 1320 omnino
988 1270 1067 1320 esset
1081 1272 1226 1323 exactum.

124 1349 192 1428 Age
210 1352 403 1409 centesimam
416 1350 530 1429 jubebit
553 1347 679 1428 aliquisl
699 1350 820 1430 proinde
842 1352 992 1429 sexaginta
1010 1351 1121 1413 talenta
1137 1354 1225 1414 dicat.
1245 1405 1248 1412 .

125 1442 186 1500 Sed
203 1442 476 1520 quinquagesimam
491 1442 569 1504 dicet
581 1443 694 1522 aliquis,
705 1441 848 1522 duplum?
868 1444 988 1521 proinde
1010 1455 1127 1506 centum
1140 1455 1171 1506 et
1182 1446 1226 1506 vi·

121 1535 210 1613 ginti.
255 1535 370 1613 Ecquid
380 1537 437 1595 hoc
451 1536 540 1595 estad
553 1537 738 1596 ducentoset
749 1535 828 1594 mille
842 1534 979 1607 camelos,
994 1553 1067 1612 quos
1082 1537 1159 1616 Regi
1173 1555 1226 1616 pe·

121 1627 246 1686 cuniam
261 1627 366 1687 vehere
388 1627 435 1686 isti
457 1628 601 1686 dictitent.
643 1629 701 1688 Sed
716 1647 834 1707 ponam,
847 1627 922 1686 velle
936 1645 988 1686 vos
1004 1628 1136 1687 conferre
1150 1629 1224 1688 duo·
1293 1627 1300 1638 “

121 1717 285 1789 decimam,
301 1720 460 1796 quingenta
473 1719 603 1778 talenta?
622 1739 721 1779 verum
739 1721 770 1779 id
782 1739 835 1780 ros
850 1739 904 1779 nec
919 1718 1108 1791 sustinebitis,
1123 1738 1187 1790 nec,
1201 1720 1226 1780 si

119 1809 300 1880 numeretis,
313 1810 391 1866 bello
405 1827 458 1886 par
469 1810 522 1865 erit
535 1811 668 1884 pecunia.
711 1811 826 1870 Caetera
832 1811 920 1888 igitur
932 1811 1013 1869 vobis
1026 1820 1096 1869 sunt
1105 1829 1224 1890 compa-

118 1902 237 1968 randa:
267 1893 394 1978 pecunia
416 1897 604 1976 relinquenda
625 1917 703 1974 nunc
727 1899 787 1956 suis
814 1901 1048 1976 possessoribus:
1077 1921 1224 1979 nusquam

118 1996 200 2054 enim
214 1991 383 2069 reipublicae
393 1989 574 2050 commodius
588 2000 618 2048 et
630 1987 780 2048 honestius
788 1985 977 2049 custodietur.
1009 1991 1085 2051 Cum
1094 2001 1162 2053 uero
1171 2011 1224 2054 na·

118 2087 250 2146 cessitas
271 2083 321 2142 illa
343 2083 462 2154 venerit,
476 2093 538 2140 tum
557 2082 632 2140 ultro
651 2079 866 2142 conferentibus
889 2081 956 2154 illis,
971 2083 1140 2162 accipienda
1159 2087 1223 2147 erit.

119 2178 202 2236 Haec
215 2183 249 2234 et
263 2175 325 2233 lieri
344 2181 477 2253 possunt,
490 2173 697 2244 Athenienses,
714 2182 744 2232 et
755 2173 835 2232 factu
849 2173 973 2234 honesta
992 2184 1062 2234 sunt
1078 2186 1109 2236 et
1121 2177 1221 2247 utilia:

116 2280 148 2329 'et
160 2270 261 2347 digna
273 2285 339 2346 quaa
350 2267 428 2344 Regi
440 2266 477 2324 de
491 2265 574 2326 vobis
587 2265 771 2336 nunciantur,
786 2284 881 2344 neque
894 2285 945 2344 per
958 2268 1022 2326 haec
1038 2269 1110 2328 levis
1123 2271 1150 2329 ei
1162 2280 1221 2330 ter·

116 2381 168 2421 ror
188 2361 373 2420 incuteretur.
410 2358 471 2417 Scit
479 2357 555 2417 enim
565 2357 688 2436 majores
697 2375 767 2416 suos
784 2375 802 2417 a
820 2359 958 2422 trecentis
968 2359 1139 2432 triremibus,
1147 2381 1219 2440 qua·

116 2471 192 2514 rum
212 2471 267 2511 uos
276 2465 393 2512 centum
404 2451 591 2530 praebuimus,
606 2448 683 2508 mille
697 2467 786 2508 naves
807 2451 944 2510 subactas
959 2451 1110 2510 amisisse:
1131 2461 1220 2531 atque

117 2545 236 2617 audiet,
251 2554 391 2604 trecentas
404 2544 533 2602 triremes
547 2542 690 2620 vosipsos
704 2541 883 2601 instruxisse.
925 2541 1089 2617 Quarenon
1099 2555 1217 2620 temere,

116 2636 243 2698 tametsi
254 2636 338 2696 valde
351 2637 485 2706 insaniet,
495 2632 658 2694 inimicitias
664 2644 771 2693 nostrae
781 2634 860 2693 urbis
871 2633 925 2694 sibi
935 2637 1047 2714 putabit
1057 2637 1218 2717 suscipien-

117 2731 188 2792 das.
232 2730 322 2795 Quod
341 2730 364 2788 si
377 2738 494 2808 propter
507 2727 660 2806 pecuniam
675 2727 702 2787 ei
720 2726 799 2786 subit
818 2726 909 2786 efferri
925 2727 1039 2798 animis,
1054 2728 1085 2788 id
1100 2749 1218 2811 quoque

115 2821 289 2883 subsidium
302 2832 399 2880 vestro
413 2819 550 2879 infirmius
564 2819 696 2898 reperiet.
737 2819 769 2878 ls
782 2817 870 2890 enim,
883 2837 993 2892 aurum,
1006 2822 1148 2894 attinnt,
1166 2843 1217 2883 ve-

113 2917 181 2975 hit:
205 2914 286 2993 quod
297 2914 347 2973 ubi
356 2913 546 2983 distribuerit,
556 2912 691 2990 requiret.
733 2912 809 2970 Nam
820 2919 851 2970 et
860 2911 956 2971 fontes
965 2923 995 2971 et
1004 2914 1084 2992 putei
1093 2915 1217 2975 deficere

113 3008 229 3079 solent,
245 3005 269 3064 si
284 3005 348 3082 quis
363 3022 499 3083 magnam
509 3004 576 3064 inde
595 3003 709 3082 copiam
720 3002 815 3074 simul,
830 3012 861 3062 et
876 3005 986 3075 crebro,
1001 3005 1143 3066 hauserit:
1164 3027 1217 3067 vo·

111 3101 162 3160 bis
174 3107 277 3158 autem
285 3099 352 3177 'agri
365 3097 584 3156 aestimationem
598 3113 650 3154 sex
663 3094 743 3154 mille
757 3095 900 3154 talentum
911 3095 1041 3154 subsidio
1054 3115 1117 3156 esse
1132 3099 1216 3157 audi·

113 3201 157 3264 et,
173 3211 229 3270 pro
245 3191 327 3270 cujus
347 3189 516 3249 defensione
535 3197 716 3268 pugnaturos
735 3206 800 3248 esse
813 3204 879 3259 nos,
893 3186 1017 3264 majores
1028 3187 1101 3265 ejus,
1116 3190 1164 3266 qui
1185 3191 1215 3250 in

113 3283 301 3346 Marathone
313 3284 439 3352 fuerunt,
454 3281 561 3360 optime
574 3281 715 3341 noverint.
757 3280 837 3339 Dum
847 3297 917 3337 vero
924 3276 1088 3355 superiores
1097 3280 1214 3357 erimus,
1267 3317 1271 3326 ·

110 3376 248 3458 pecuma
258 3375 357 3454 utique
366 3375 520 3437 deficinon
534 3374 702 3453 poterimus.

154 3472 187 3528 9.
209 3469 256 3527 Ac
264 3486 301 3526 ne
309 3467 382 3526 illud
395 3467 511 3545 quidem
526 3466 605 3544 quod
617 3459 748 3523 nonnulli
761 3467 904 3529 metuunt,
920 3477 967 3532 ne,
982 3479 1049 3520 curn
1059 3467 1213 3542 pecuniam

109 3562 238 3631 babeat,
253 3577 379 3638 magnes
396 3557 540 3638 peregrini
554 3557 651 3616 miliu's
664 3552 763 3630 copias
781 3552 936 3624 conducat,
954 3571 1052 3613 rerum
1068 3549 1131 3616 esse
1142 3557 1215 3632 mihi

107 3653 251 3712 videtur:
273 3670 328 3729 ego
341 3649 418 3709 enim
433 3651 556 3710 arbitror
568 3655 670 3706 corsua
694 3644 854 3721 AEgyptum
876 3654 907 3702 et
926 3644 1067 3706 Orontem
1091 3660 1121 3708 et
1139 3650 1212 3709 alios

108 3745 265 3805 Barbaros
276 3742 416 3820 quosdam
430 3741 534 3800 multos
554 3737 676 3796 sonasse
691 3733 862 3794 Graecorum
875 3735 948 3796 velle
962 3738 1041 3816 apud
1056 3739 1137 3798 illum
1151 3759 1213 3799 rna-

107 3854 178 3896 rere
189 3834 344 3914 stipendia,
358 3853 417 3893 non
426 3842 460 3892 ut
472 3830 632 3890 illerhorum
647 3828 771 3907 aliquem
785 3826 891 3906 capiat,
904 3830 957 3888 sed
969 3830 1164 3908 unusquisque
1178 3844 1213 3893 ut

108 3929 220 4006 opibus
234 3926 379 4006 aliquibus
389 3925 477 4006 partis
496 3931 618 4000 urgente
635 3920 733 3998 inopia
750 3919 904 3978 liberetur:
929 3920 982 3980 sed
1000 3919 1050 3996 qui
1071 3921 1211 4000 reliquam

109 4018 264 4080 Graeciam
275 4018 411 4077 invadere
422 4015 499 4086 velit,
508 4013 619 4072 nullum
629 4012 766 4078 Graecum
774 4011 835 4071 lore
844 4011 981 4077 arbitror:
993 4029 1050 4088 quo
1061 4011 1137 4072 euim
1148 4016 1211 4096 ipsa

105 4121 222 4195 postea
234 4131 263 4171 se
277 4107 447 4170 convertet?
467 4108 502 4166 ln
516 4106 673 4186 Phrygiam
693 4103 864 4184 profectus?
885 4101 1005 4162 serviet:
1027 4110 1211 4184 nequeenim

106 4207 173 4267 alia
186 4203 382 4264 derebellnm
397 4209 442 4260 est
453 4217 520 4260 cum
531 4200 670 4271 Barbara,
679 4217 766 4276 quern
777 4196 902 4272 deagro,
917 4193 954 4252 de
968 4195 1036 4268 vita,
1046 4197 1083 4258 de
1093 4199 1210 4261 institu.

104 4301 158 4372 tis,
169 4299 208 4357 de
219 4297 362 4368 libertate,
372 4293 410 4352 de
421 4292 527 4352 talibus
538 4293 624 4352 rebus
635 4289 779 4351 omnibus.
814 4285 887 4354 Quis
896 4278 984 4366 igitur
992 4288 1034 4348 ita
1042 4299 1088 4348 est
1098 4292 1210 4364 infelix,

104 4388 360 4468 etsemetipsum,
374 4394 518 4466 pmentea
533 4383 677 4464 sepulcra,
687 4378 819 4460 patriam,
833 4377 912 4458 parvi
926 4377 1022 4441 lucelli
1035 4381 1130 4460 gratia
1140 4380 1210 4442 velit
1257 4453 1260 4458 ⁵

631 4493 646 4532 s
