2960 4952
560 611 601 698 Α
623 611 666 701 U
688 611 733 698 G
751 613 793 702 Ε
817 614 860 700 R
878 615 902 700 l

448 889 450 892 v
614 797 862 878 tanausis

302 973 576 1048 oanurours
599 983 764 1050 orcum
785 985 852 1055 nra
873 937 1153 1054 nemauso.

659 1144 843 1218 Propositum.

213 1239 383 1316 Qusaeusrr
394 1250 520 1304 seruabat
528 1265 626 1320 paoem
635 1267 702 1307 oum
714 1251 825 1305 civiate
837 1248 1001 1305 Atheniensi
1011 1250 1114 1305 hetam
1131 1249 1285 1322 Philippus,

177 1348 236 1387 non
246 1334 305 1389 otio
316 1337 410 1387 tamen
422 1332 583 1402 indulgebat
589 1353 598 1400 ς
615 1335 664 1390 sed
675 1334 704 1390 iu
714 1334 834 1390 Thracia
845 1337 874 1388 et
884 1334 980 1387 multis
991 1333 1051 1388 aliis
1062 1335 1092 1388 in
1106 1334 1176 1390 loeis
1188 1340 1285 1406 poten·

178 1419 247 1472 tiam
272 1419 393 1488 augebat
412 1433 500 1486 suam,
518 1417 574 1472 alia
591 1418 753 1488 subigendo,
772 1418 826 1472 alla
843 1417 1015 1490 accipiendo,
1032 1418 1087 1472 alia
1108 1419 1207 1492 opibus
1227 1422 1285 1474 suis

176 1501 293 1556 tuendo.
329 1501 409 1556 lnher
420 1505 512 1555 cetera
522 1517 602 1556 suam
613 1501 717 1556 iecerat
727 1501 900 1558 Halonesum
918 1517 982 1574 quae
995 1500 1062 1554 olim
1072 1500 1285 1556 Atheniensium

177 1584 276 1653 tuerat,
289 1589 413 1658 tuncque
424 1603 442 1640 a
453 1585 549 1656 piratis
558 1587 713 1654 tenebatur,
728 1588 756 1640 et
768 1585 907 1654 Cardiam,
918 1585 1060 1642 civitatem
1070 1585 1100 1642 in
1113 1585 1285 1641 chersoneso

175 1679 234 1722 nou
252 1668 493 1735 contemnendam,
504 1670 534 1723 in
546 1669 629 1723 tidem
640 1685 719 1723 suam
730 1673 873 1738 receperat
884 1685 917 1723 ao
928 1669 1054 1722 tutelam.
1085 1667 1237 1722 nisteron
1249 1668 1285 1722 si·

177 1752 237 1806 mul
248 1754 278 1805 et
297 1752 360 1806 irati
370 1751 564 1819 Athenienses,
576 1751 795 1806 Demosthenem
808 1755 837 1806 et
856 1751 924 1805 alios
938 1751 969 1804 in
987 1751 1212 1818 Peloponnesum
1230 1750 1286 1804 mi-'

177 1836 280 1901 serant,
298 1835 348 1906 qui
358 1835 431 1890 illius
441 1835 559 1904 regionis
576 1835 702 1890 civitates
720 1835 853 1889 adversus
871 1834 1063 1888 Macedonum
1080 1847 1172 1902 regem
1191 1833 1285 1888 eonci-

176 1920 279 1982 tarent,
291 1933 381 1987 eoque
395 1918 567 1972 adducerent
586 1919 621 1970 nt
636 1915 680 1970 illi
695 1914 855 1970 mistarum
869 1917 944 1971 bata
960 1930 1057 1969 seeum
1069 1915 1209 1970 societate.
1229 1915 1285 1971 His

175 1997 224 2052 ille
236 1997 340 2054 auxius
352 1999 426 2054 misit
433 1995 558 2054 Athenas
570 1998 724 2067 Pythonem
736 2015 801 2053 oum
814 1999 937 2068 epistola,
948 1996 1029 2066 cujus
1040 1997 1182 2066 praeoipua
1192 1997 1284 2067 capita

175 2097 215 2134 ex
226 2080 416 2158 ipaaoratione
428 2079 629 2156 cognoscimus,
644 2097 708 2153 quae
720 2081 878 2154 singulatim
889 2080 1008 2150 refutare
1018 2082 1109 2133 oratur
1124 2079 1284 2150 aggreditur

176 2163 349 2236 quicumque
360 2166 406 2218 ait.
432 2165 468 2220 ln
480 2181 515 2219 ea
526 2165 613 2219 orittoi
624 2166 803 2219 consentiunt
814 2164 965 2218 orationem
980 2179 1035 2218 nen
1046 2179 1107 2216 esee
1119 2163 1285 2218 Demosthe·

176 2247 228 2313 nis,
240 2263 329 2319 quum
340 2263 375 2302 es
385 2247 495 2303 Attieas
506 2249 620 2319 quidem
632 2263 754 2318 acuens,
764 2249 871 2306 etnim
881 2248 976 2302 saitem
987 2248 1106 2312 ridetur,
1118 2250 1147 2301 at
1158 2264 1213 2302 non
1225 2247 1284 2302 De-

175 2331 377 2384 mosthenioam
389 2330 520 2384 exhibeat
532 2331 731 2401 eloquentiam.
758 2331 829 2385 Ideo
840 2335 933 2386 autem
945 2331 1016 2384 inter
1027 2329 1164 2382 orationes
1177 2329 1282 2384 Demo·

174 2413 314 2470 sthenicas
325 2414 412 2468 rehtu
430 2413 483 2468 tuit
493 2413 561 2483 quia
579 2428 617 2468 οι
633 2413 775 2470 AEsohiuis
789 2413 946 2468 testimonio
963 2413 1073 2466 constat
1089 2411 1282 2465 concionatum

176 2497 350 2550 innotuisse
370 2495 597 2549 Demosthenem.
633 2494 744 2549 Melius
759 2495 908 2560 diceretur,
930 2494 1085 2564 Responsio
1108 2495 1145 2546 ad
1162 2493 1284 2564 Phihppi
1348 2521 1366 2548 ·.

174 2577 330 2650 epistolam,
342 2579 429 2648 atque
440 2577 477 2633 ob
495 2575 524 2629 id
536 2577 675 2630 duntaxat
687 2575 723 2628 de
735 2576 878 2630 Haloneso
891 2578 993 2630 dietam
1002 2575 1086 2630 fluisse
1099 2575 1196 2648 liquet,
1207 2577 1283 2650 quod

174 2659 295 2728 primum
306 2661 431 2730 caputet
442 2657 565 2728 epistolas
577 2656 630 2710 luit
641 2659 673 2710 et
671 2657 862 2728 responsionis
873 2661 916 2710 est
926 2658 963 2710 de
972 2657 1124 2713 Haloueao.

211 2923 389 2989 Dicitorator
400 2938 449 3000 ees
459 2922 508 2992 qui
518 2935 570 2992 pro
577 2921 642 2990 jure
655 2919 866 2982 Atheniensium
876 2921 987 2985 usam
998 2937 1048 2990 aar
1064 2920 1180 2986 arim
1190 2938 1208 2979 a
1219 2923 1286 2978 Phi.

175 3008 251 3077 lippo
262 3004 330 3076 iunia
341 3005 452 3074 objecta
463 3019 520 3064 nort
541 3004 640 3064 debere
652 3001 792 3073 smhiheri
808 3003 957 3072 quantinus
976 3003 1064 3066 libera
1072 3005 1283 3062 wunsntur.

176 3091 278 3160 ltaque
289 3090 413 3161 asapia
424 3091 454 3146 et
470 3105 505 3144 ea
515 3088 551 3148 de
570 3087 672 3158 quibus
683 3085 794 3156 scripnit
802 3085 946 3158 Philippus
958 3087 1054 3142 ordiam
1071 3103 1239 3160 pompare,
1253 3093 1283 3144 et

174 3173 266 3244 ipu‘ua
272 3175 428 3243 legatarum
437 3170 553 3228 undeni
566 3171 741 3242 msponders.

211 3261 247 3311 lt.
270 3257 316 3314 ns
324 3255 469 3314 Halonesa
479 3253 617 3310 scribebat
626 3253 770 3324 Philippus
779 3269 841 3308 eam
850 3253 971 3308 insulam
980 3269 1060 3308 suam
1069 3269 1132 3310 esse
1141 3256 1208 3326 quta
1219 3271 1282 3310 cam

173 3357 191 3394 a
202 3339 354 3416 latronibus
365 3339 514 3408 eripuerat,
534 3353 564 3392 se
575 3340 669 3390 umen
680 3353 743 3391 earn
755 3339 859 3392 donare
869 3336 1093 3406 Atheniensibus,
1110 3343 1235 3394 ceterum
1251 3357 1281 3395 se

172 3421 209 3476 de
224 3421 279 3477 hae
288 3411 320 3476 rc
330 3420 517 3488 vallejndiciu
534 3421 661 3509 experiri.
694 3419 768 3475 Haec
787 3421 840 3475 tria
858 3420 1122 3491 impugnarentur,
1139 3424 1281 3494 arguendo

173 3505 282 3560 seilicet
300 3505 473 3560 Hslouesum
494 3518 551 3558 uon
570 3503 630 3556 esse
641 3501 762 3600 Philippi
777 3503 845 3574 quia
861 3519 926 3571 eam
945 3503 1098 3562 latronibus
1119 3505 1228 3576 eripuit,
1246 3522 1280 3560 ae

174 3587 310 3657 proinde
301 3587 429 3658 iniquum
440 3601 503 3640 esse
513 3586 670 3644 donationis
681 3585 892 3660 vocabulum,
879 3603 940 3656 Jam
957 3604 1022 3643 vero
1040 3588 1185 3647 abhorrere
1203 3604 1220 3642 a
1238 3589 1281 3644 di·

173 3672 280 3739 gnitate
290 3669 501 3734 Atheniensium
510 3670 562 3724 ut'
541 3685 608 3742 rpsr
599 3669 651 3724 de
662 3670 759 3733 insulis
770 3673 877 3726 certent
888 3671 1142 3741 eoramjudiuibua

209 3758 249 3808 2⁰.
275 3753 364 3812 Pacta
375 3754 506 3826 quaedam
525 3756 554 3806 et
565 3755 704 3808 conventa
722 3753 759 3814 ab
773 3753 939 3816 Atheniensi
948 3754 1060 3824 ciuitate
1071 3753 1206 3826 poscebat
1218 3753 1283 3817 Ma*

172 3837 315 3896 catonum
325 3852 385 3894 rex.
411 3835 606 3907 Ostenduntur
617 3835 679 3894 haec
695 3838 779 3908 pacta
790 3840 819 3894 et
829 3837 1076 3896 fraudulentaease
1088 3841 1117 3894 at
1127 3837 1244 3901 inutilia.

208 3923 248 3974 3⁰.
270 3917 351 3976 titios
360 3918 543 3978 hortationem
554 3920 590 3977 de
601 3919 782 3991 predonibus
797 3920 982 3982 communiter
993 3918 1130 3989 pellendis
1147 3918 1283 3986 armeitur

172 3999 329 4066 esaarttde
339 4000 509 4062 rostaim
1111 4069 1114 4075 ,

208 4085 249 4139 4⁰.
269 4081 316 4142 ne
331 4085 412 4151 psas
420 4081 611 4144 sarmarum
622 4099 710 4156 quatu
727 4086 756 4141 ct
767 4083 912 4180 Philippus
932 4083 1048 4152 epistula
1058 4086 1088 4137 st
1099 4082 1224 4153 'ejusdem
1241 4083 1282 4136 le·

174 4165 234 4234 ssu
254 4165 347 4222 rabis
367 4167 567 4236 mecedem
590 4166 662 4224 hano
683 4168 892 4230 οοιοοοοίοειοιι
913 4167 1009 4228 falsam
1025 4182 1088 4222 esse
1109 4169 1282 4222 demonstrat

209 4333 251 4384 dr
268 4329 361 4401 AEqus
372 4330 473 4388 istrum
491 4335 535 4388 est
546 4329 751 4388 Athenienses
742 4347 819 4401 maus
833 4331 988 4389 decrevisse
994 4293 1123 4407 Philippi
1140 4345 1200 4385 esse
1212 4327 1280 4384 Am·

174 4411 315 4483 phipolim,
328 4413 405 4485 quod
418 4415 599 4485 proletarius
613 4413 775 4471 ostenditur
