2946 4954
211 217 213 222 .
709 207 713 216 ·
781 188 788 228 Ι
862 223 866 236 ,

214 251 277 346 'uro
459 281 516 346 ua
536 285 653 346 Mira
675 285 806 348 oasin
825 287 1092 353 brennone·

213 442 323 525 capitis,
332 451 402 504 sunt
413 443 556 517 damnati,
569 464 616 505 tue
630 435 851 525 Jamoccidites
864 449 939 508 Rem
954 458 1052 508 autem
1066 446 1109 507 ita
1121 445 1317 506 considerata.

100 613 108 628 ·
140 559 145 571 ’
204 527 305 600 ‘com
333 547 470 597 contra
497 537 646 598 literas
673 540 770 620 inquit
797 542 1031 621 legationem
1059 536 1317 601 obierint-illi

213 644 253 695 at
275 625 490 693 decretumt
516 643 604 712 atque
616 635 674 696 hoc
688 637 819 715 primum‘
827 640 938 698 crimen
957 649 1013 699 est.
1041 640 1096 698 'An
1108 657 1178 698 vero
1195 635 1245 696 isti
1257 651 1317 693 non
1364 623 1367 634 Α

214 736 318 788 contra
330 725 448 785 literas?
470 725 575 786 Nonne
589 726 737 791 decretum
752 731 840 809 jubet
853 751 957 810 pacem
975 731 1014 790 ad
1028 729 1225 790 Athenienses
1235 723 1318 785 etad

167 831 176 842 “
216 816 437 878 Atheniensium
458 817 553 876 socios
576 818 735 896 pertinerc;
759 821 807 881 isti
825 832 924 882 autem
943 822 1111 882 Phocenses
1132 820 1244 879 foedere
1267 837 1318 876 ex·
1370 857 1379 884 ,

214 908 384 972 cluserunt?
405 908 512 968 Nonne
527 909 677 972 decretum
686 911 878 992 jurejurando
887 914 967 993 adigi
980 912 1095 973 urbium
1109 911 1316 990 magistratus:

213 1003 264 1064 isti
276 1007 383 1072 autem,
398 1021 474 1080 quos
485 1000 637 1079 Philippus
650 1002 690 1062 ad
704 1003 782 1082 ipseo
797 1006 925 1075 miserat,
934 1003 1126 1083 jurejurando
1137 995 1319 1080 adegerunt?

215 1081 323 1160 Nonne
342 1093 492 1154 decretum
506 1113 649 1173 nusquam
665 1095 744 1155 solos
758 1116 826 1157 curn
842 1097 981 1176 Philippo
997 1096 1144 1174 colloqui;
1157 1094 1205 1154 isti
1220 1102 1317 1152 autem

213 1186 349 1267 privatim
367 1205 435 1246 oum
456 1204 494 1245 eo
512 1205 600 1264 agere
619 1207 768 1266 nunquam
787 1188 983 1274 destiterunt?
1005 1182 1177 1257 Quidam
1191 1200 1319 1245 eorum

214 1279 423 1342 insenatu
450 1278 563 1338 falsie
589 1280 902 1351 renunciationis
926 1291 1024 1340 sunt
1052 1279 1245 1340 convicti.
1277 1277 1317 1336 At

214 1371 264 1432 isti
283 1370 361 1449 apud
374 1370 533 1450 populum:
554 1381 585 1430 et
595 1392 614 1431 a
626 1391 685 1450 quo
694 1371 780 1431 l-id
794 1372 869 1432 enim
883 1373 997 1432 illustre
1011 1383 1116 1433 est-a
1134 1374 1222 1432 rebus
1235 1369 1317 1449 ipsis.

121 1473 123 1479 “
215 1463 409 1549 Nemeorum
430 1463 642 1526 renunoiationi
660 1473 820 1526 evenerunt
833 1467 931 1525 omnia
952 1485 1023 1525 sane
1044 1465 1199 1525 contraria.
1238 1462 1317 1521 Nec

214 1575 310 1618 vera
329 1555 424 1634 iuquit
448 1556 719 1631 scripserunt.
754 1557 937 1618 Atnecisti.
976 1557 1024 1618 Et
1046 1557 1085 1615 in
1109 1555 1251 1616 soci-os
1272 1553 1318 1612 in·

215 1648 280 1728 quit
298 1647 458 1708 mentiti
486 1656 641 1707 suntet
670 1668 834 1708 munera
857 1660 1137 1730 acceptarunt.
1171 1647 1225 1707 Isti
1248 1665 1318 1706 vero

215 1761 276 1802 non
295 1741 325 1798 in
339 1759 392 1800 eos
406 1739 519 1799 mentiti
538 1750 617 1811 sunt,
643 1740 695 1800 sed
718 1741 852 1802 funditus
876 1760 928 1800 eos
949 1741 1147 1821 perdiderunt.
1178 1739 1214 1798 ld
1237 1739 1318 1817 quod
1375 1781 1378 1790 .

150 1837 157 1852 ’
215 1834 309 1894 multo
323 1841 370 1892 est
382 1831 543 1892 mendaciis
555 1833 706 1893 acerbius.¹
722 1835 791 1894 Jam
807 1835 845 1893 de
855 1834 1068 1912 largitionibus,
1082 1834 1108 1892 si
1122 1854 1156 1893 se
1169 1833 1318 1911 accepisse

215 1945 336 1988 munera
345 1936 498 2004 negarent,
511 1935 644 1999 restaret,
656 1936 690 1986 ut
702 1927 955 1998 convincerentur,
970 1921 1148 1987 cum'autem
1161 1925 1234 1986 lassi
1249 1925 1315 1997 sint,

215 2021 245 2080 in
261 2019 421 2098 cruciatum
434 2020 571 2098 abreptos
583 2021 771 2097 oportebat.

218 2114 306 2172 79.
327 2110 407 2176 Quid
429 2111 526 2189 igitur,
553 2110 758 2184 Athenienses,
778 2132 845 2171 cum
866 2112 956 2176 haec
948 2125 991 2173 ita
1014 2114 1081 2185 sint,
1102 2131 1170 2184 cum
1189 2129 1242 2170 vos
1261 2063 1319 2170 illis

214 2205 283 2283 airis
306 2203 453 2283 prognati,
475 2203 581 2283 partim
602 2205 689 2264 etiam
713 2225 751 2264 ex
773 2204 888 2264 illorum
904 2225 1031 2265 numero
1051 2204 1112 2264 sitis
1136 2197 1320 2283 superstites,

216 2300 405 2362 committetis
418 2307 452 2358 ut
465 2298 502 2358 de
522 2297 670 2376 republica
689 2299 897 2371 benemeritus,
915 2309 946 2358 et
966 2299 1067 2380 populi
1086 2317 1123 2357 ex
1137 2297 1252 2356 Piraeeo
1273 2315 1319 2354 re-

215 2393 319 2456 ductor
334 2391 497 2470 Epicrates,
510 2392 583 2452 urbe
605 2391 707 2469 pulsus
726 2410 827 2471 poenas
850 2391 973 2463 dederit,
993 2411 1059 2450 curn
1079 2410 1190 2462 rursus,¹
1206 2389 1318 2448 dudum

214 2483 419 2564 ‚Thrasybulus
428 2483 500 2555 ille,
515 2481 688 2563 Thrasybuli
701 2483 825 2543 hominis
839 2484 988 2562 popularis
1008 2483 1098 2556 filius,
1112 2483 1175 2562 ejus
1191 2482 1246 2561 qui
1266 2502 1318 2562 po·

206 2578 346 2657 ,pulume
361 2573 453 2655 Phyle
467 2574 592 2647 reduxit,
613 2574 730 2635 talentis
745 2575 847 2634 decem
868 2575 907 2634 sit
926 2575 1096 2647 mulctatus,
1116 2593 1184 2634 cum
1201 2573 1319 2652 quidam

215 2688 259 2734 en=
268 2666 419 2732 Harmodii
435 2676 466 2724 et
479 2664 686 2744 Aristogitonis
707 2666 841 2746 posteris,
856 2675 1001 2726 eteorum
1020 2669 1071 2744 qui
1084 2666 1211 2726 maxima
1223 2665 1318 2726 invoa

212 2760 356 2830 beneficia
370 2759 568 2830 contulerunt,
577 2777 656 2836 ,quos
670 2758 736 2837 lege
747 2759 1023 2820 obbeneficentiam
1040 2778 1172 2837 ergavos
1182 2759 1213 2816 in
1228 2758 1320 2818 omni·

214 2850 408 2924 hus-fanis,iu
419 2849 576 2920 sacrificiis,
593 2850 762 2911 libationum
777 2850 996 2930 etpooulorum
1007 2852 1164 2930 participes
1172 2851 1317 2926 effecistis,

147 2971 150 2976 ·
214 2962 287 3028 quos
302 2943 456 3006 celebratis
470 2952 500 3003 et
514 2942 609 3003 colitis
623 2942 686 3022 pari
698 2962 766 3002 cum
779 2942 1054 3018 heroibushonore,
1063 2953 1094 3003 et
1103 2944 1169 3015 diis,
1182 2965 1251 3005 cum
1266 2945 1317 3024 igi-

214 3051 261 3101 tur
273 3039 304 3098 hi
318 3036 436 3117 quidem
446 3054 547 3094 omnes
557 3053 660 3115 poenas
668 3035 784 3114 legibus
794 3032 937 3107 dederint,
945 3055 1013 3096 cunr
1021 3036 1216 3114 nequeuenia,
1225 3056 1319 3115 neque

214 3130 423 3202 misericordia,
441 3147 537 3206 neque
550 3128 698 3206 plorantes
712 3127 804 3205 pueri,
822 3128 940 3188 nomina
956 3149 1056 3189 eornm
1069 3131 1119 3208 qui
1132 3131 1209 3190 bene
1223 3131 1261 3192 de
1274 3149 1318 3190 re·

214 3224 333 3305 publica
345 3231 416 3282 sunt
422 3220 527 3292 meriti,
535 3221 706 3292 relerentes,
716 3239 812 3298 neque
823 3221 980 3300 quicquam
995 3221 1076 3282 aliud
1088 3221 1319 3302 eisproluerit-

214 3315 357 3376 Atrometi
371 3311 526 3373 literatorie
541 3321 572 3372 et
591 3311 794 3382 Glaucotheae,
807 3323 900 3372 coetus
910 3313 1113 3374 bacchantium
1125 3314 1274 3376 ductantis
1286 3315 1318 3372 li·

216 3409 299 3480 lium,
314 3408 351 3466 ob
365 3406 445 3485 quod
459 3406 568 3465 lactum
583 3404 641 3464 alia
652 3403 815 3464 sacrificulo
829 3404 926 3464 occisa
940 3415 996 3476 est,
1009 3425 1076 3464 eum
1091 3426 1143 3466 vos
1152 3408 1244 3482 nacti,
1253 3427 1318 3488 pro·

215 3509 338 3585 gnatum
352 3498 471 3571 talibus,
485 3497 566 3558 nulla
575 3517 611 3561 ex
621 3507 702 3576 parte
713 3496 880 3577 reipublicae
890 3499 1002 3571 utilem,
1010 3519 1070 3558 non
1080 3500 1187 3579 ipsum,
1196 3521 1259 3561 non
1268 3521 1318 3581 pa·

211 3605 297 3667 trem,
308 3610 367 3651 non
382 3588 470 3649 alium
481 3589 607 3649 ullum
583 3610 646 3670 eJus
658 3591 865 3660 necessarium,
877 3590 1049 3651 dimittetis?
1063 3591 1138 3658 Quis
1147 3593 1226 3652 enim
1239 3596 1319 3676 equi·

212 3699 303 3758 tatus,
321 3705 388 3765 quoa
407 3682 524 3752 classis,
535 3702 612 3760 quae
631 3683 793 3762 expeditio,
807 3703 873 3762 quae
891 3683 1031 3754 aedilitae,
1052 3685 1103 3763 qui
1120 3695 1227 3760 cretus,
1242 3689 1319 3769 quod

213 3777 1320 3859 munus,quodtributum,quoehenevolentia,quodpericulum,quidhorum

179 3871 180 3876 ’
213 3877 342 3940 omnium
356 3875 392 3934 ab
407 3872 486 3933 omni
500 3871 641 3936 memoria
652 3872 816 3949 praestitum
829 3880 876 3930 est
889 3873 925 3930 ab
940 3871 1004 3932 istis
1018 3873 1210 3952 reipublicae?
1231 3876 1322 3955 Atqui

216 3973 241 4034 si
251 3973 302 4036 illa
310 3966 634 4051 praestitissentomnia,
642 3975 735 4044 neque
743 3975 842 4026 tamen
851 3966 981 4026 eisrecte
992 3975 1022 4026 et
1031 3969 1159 4046 gratuito
1167 3969 1323 4049 legationis

215 4052 383 4136 obitoe'laus
397 4061 562 4133 accederet,
582 4058 705 4120 interfici
725 4077 792 4118 eum
806 4059 907 4138 utique
919 4059 1059 4120 deceret:
1085 4061 1167 4138 quod
1181 4062 1214 4122 'si
1227 4081 1322 4142 neque

214 4159 290 4228 hoec,
299 4174 394 4232 neque
407 4154 467 4224 illa,
482 4174 542 4214 non
554 4147 703 4232 puniatis?
724 4152 794 4211 Non
805 4151 1028 4214 reminiscemini
1036 4148 1145 4232 qnidin
1157 4155 1323 4216 accusando

212 4247 367 4311 Timarcho
381 4247 505 4306 dixerit?
526 4247 650 4306 Nullum
663 4265 731 4306 esse
744 4265 832 4304 usum
846 4246 984 4318 civitatis,
1003 4265 1069 4325 quoe
1089 4266 1197 4308 nervos
1217 4257 1323 4309 contra

213 4344 396 4410 facinorosos
410 4358 469 4396 non
489 4339 617 4400 habeat:
643 4358 739 4416 neque
753 4337 933 4418 reipublicae,
945 4339 976 4399 in
995 4358 1056 4418 qua
1068 4340 1156 4400 venia
1174 4350 1206 4400 et
1219 4340 1324 4420 depre-

185 4421 187 4425 ’
214 4437 291 4496 catio
304 4432 372 4513 plus
386 4431 504 4492 valeant
517 4430 645 4508 legibus.
667 4430 772 4509 Neque
787 4451 839 4492 vos
854 4430 1053 4494 misericordia
1066 4432 1175 4494 moveri
1190 4445 1327 4514 oportere
