2946 4954
367 327 369 336 ι
404 303 461 366 us
483 295 597 378 nnus
618 305 750 370 casua
771 275 1046 413 nasamones
1199 312 1258 369 aar

160 459 210 531 sis,
223 467 255 518 et
266 456 411 538 prolixam
425 461 508 520 robis
528 463 688 524 orationem
710 464 890 537 recensebat,
904 481 992 542 quam
1015 481 1047 524 se
1061 470 1164 522 contra
1177 461 1262 528 Tne„
1313 474 1316 478 ·

157 553 251 611 banos
272 551 354 630 apud
375 548 541 632 Philippum
561 553 698 614 habuisse
713 554 832 628 diceret,
847 565 878 614 et
891 554 989 635 capita
1006 555 1089 616 vobis
1102 553 1256 626 referebat,
1293 600 1299 608 .

158 652 187 703 et
198 645 455 717 commemorabat,
466 665 502 709 ,e
523 645 553 704 id
572 665 627 704 sua
646 644 780 705 effecisse
804 647 1009 725 legatione-ut
1029 647 1104 706 intra
1123 645 1257 721 biduum,
1306 675 1313 684 ·

158 744 208 794 aut
220 735 362 806 triduum,
377 737 401 796 si
412 736 490 796 domi
504 737 669 812 maneretis,
680 746 711 796 et
723 757 783 797 non
792 739 946 800 moneretis
959 738 1079 812 bellum,
1094 758 1192 818 neque
1205 758 1257 798 vo-

156 827 199 887 bis
212 827 270 907 ipsi
283 827 432 906 negotium
451 829 647 911 lacesseretis,
660 828 785 900 audituri
804 831 908 910 essetis
919 839 948 890 et
958 828 1074 890 Thebas
1095 830 1174 892 solas
1188 830 1256 890 abs-

159 937 215 997 que
233 920 346 998 reliqua
360 920 474 980 Boeotia
487 920 627 999 obsideri,
644 930 673 980 et
690 921 830 1000 Thespias
847 931 934 1001 atque
948 921 1077 981 Plataeas
1092 920 1256 994 instaurari,

159 1021 191 1071 et
203 1011 333 1090 Apollini
347 1014 501 1090 pecuniam
523 1013 605 1084 solvi,
621 1032 681 1073 non
702 1035 720 1074 a
742 1013 955 1085 Phocensibus‚
980 1013 1072 1074 seda
1095 1011 1255 1087 Thebanis,

159 1104 210 1181 qui
223 1115 356 1163 auctores
366 1103 602 1184 fuissenttempli
612 1105 785 1185 occupandi.
801 1107 840 1166 Se
849 1106 925 1166 euim
933 1106 1070 1165 docuisse
1078 1101 1256 1183 Philippum,
1294 1145 1298 1150 -

157 1195 249 1254 nihilo
264 1195 422 1274 deliquisse
433 1197 528 1257 minus
543 1217 594 1258 eos
614 1199 663 1278 qui
677 1199 773 1258 facere
786 1199 977 1277 cogitassent,
988 1215 1077 1276 quam
1090 1196 1142 1273 qui
1153 1212 1256 1254 manus

158 1285 343 1356 intulissent3
357 1299 570 1369 proptereaque
581 1309 612 1349 se
622 1290 816 1371 proscriptum
825 1305 890 1349 esse
901 1309 919 1348 a
932 1287 1096 1350 Thebanis.
1112 1285 1191 1356 Quin
1203 1305 1255 1356 eu·

154 1379 262 1439 divisse
278 1401 321 1454 se,
333 1381 584 1442 etrEuboeensium
596 1382 741 1460 quosdam
751 1383 870 1448 =territos
883 1390 914 1440 et
924 1380 1120 1460 perturbatos,
1134 1387 1252 1459 propter

156 1471 394 1550 conjunctionem
407 1473 483 1533 inter
502 1473 669 1553 Philippum
690 1483 721 1533 et
741 1475 844 1533 urbem
858 1472 1055 1542 conciliatam,
1070 1471 1120 1548 qui
1133 1472 1165 1530 in
1177 1472 1256 1530 hanc

154 1562 331 1622 sententiam
344 1565 436 1623 verba·
446 1564 593 1638 fecissent,
607 1585 667 1625 non
679 1565 810 1644 preterit
822 1583 888 1636 uos,
899 1564 999 1642 legati,
1013 1563 1119 1641 quibus
1131 1563 1257 1621 conditi·

155 1653 262 1713 onibus
275 1673 379 1733 pacem
394 1647 599 1716 feceritis'cum
615 1657 761 1736 Philippo,
775 1676 871 1734 neque
891 1654 1069 1734 ignoramus,
1082 1672 1135 1713 vos
1149 1653 1191 1712 illi
1203 1652 1256 1712 da·

157 1745 236 1805 disse
246 1747 453 1826 Amphipolim,
469 1749 633 1828 Philippum
644 1761 741 1810 autem
755 1750 933 1829 promisisse,
940 1748 1115 1808 traditurum
1130 1741 1256 1816 scrobis
1317 1803 1320 1818 ,

155 1836 309 1898 Euboeam.
344 1840 441 1918 Atque
457 1841 538 1900 aliud
560 1842 648 1901 etiam
669 1861 701 1900 se
724 1859 907 1920 procurasse,
921 1841 974 1900 sed
987 1839 1120 1898 nondum
1134 1839 1164 1896 id
1177 1838 1253 1898 velle

152 1927 263 2002 dicere,
274 1931 419 2008 quosdam
429 1932 506 1990 enim
517 1952 534 1990 e
544 1931 664 2010 collegis
671 1933 733 2012 jam
743 1929 872 1990 invidere
882 1930 948 1989 sibi.
964 1929 1014 1991 Sic
1024 1939 1123 1990 autem
1131 1931 1256 1990 obscure
1268 1971 1275 1980 -

155 2028 279 2094 ettecte
293 2020 426 2100 Oropum
435 2021 584 2082 innuebat.
1042 2091 1044 2094 ¹

196 2112 227 2170 9.
250 2100 329 2171 Cum
339 2130 409 2172 vero
423 2123 541 2192 propter
552 2113 617 2170 haec
631 2113 835 2191 celebraretur,
844 2129 912 2171 cum
926 2121 956 2170 et
969 2121 1067 2172 orator
1080 2113 1217 2192 optimus,
1226 2125 1257 2174 et

153 2203 199 2263 vir
207 2204 384 2265 admirabilis
397 2205 560 2276 haberetur,
573 2203 726 2266 descendit
734 2205 844 2282 magne
854 2221 923 2262 cum
936 2203 1100 2282 majestate.
1114 2203 1180 2282 Ego
1188 2223 1256 2266 vero

143 2305 190 2372 ,ut
202 2296 327 2373 surrexi,
340 2305 371 2355 et
381 2315 419 2356 ea
431 2296 566 2376 ignorare
586 2315 633 2355 me
647 2294 720 2368 dixi,
735 2304 876 2354 eteorum
891 2294 1001 2372 aliquid
1014 2294 1111 2354 dicere
1125 2313 1191 2354 sum
1203 2313 1255 2360 ec·
1325 2307 1327 2312 “

155 2399 256 2461 natus,
269 2403 336 2466 quae
350 2386 389 2446 ad
404 2385 538 2448 senatum
552 2387 718 2460 retuleram,
732 2385 781 2461 ibi,
792 2386 867 2446 alter
884 2386 964 2461 hinc,
983 2387 1055 2446 alter
1073 2385 1154 2446 illinc
1167 2389 1256 2448 assis·

154 2488 233 2550 tens,¹
252 2479 309 2539 iste
327 2487 358 2539 et
379 2479 571 2550 Philocrates,
591 2477 752 2551 clamitare,
775 2479 976 2550 interturbare,
991 2496 1037 2539 me
1050 2477 1253 2540 tandem'sub·
1339 2468 1342 2474 ¹

155 2589 302 2639 sannarer
324 2589 377 2630 vos
391 2579 454 2629 tum
474 2570 578 2644 ridere,
591 2580 655 2630 turn
674 2588 770 2647 neque
790 2570 891 2630 audire
911 2569 997 2643 veile,
1019 2587 1112 2648 neque
1135 2570 1273 2634 credere*

153 2681 243 2744 posse
255 2663 323 2736 alia,
333 2681 422 2740 quarn
433 2681 500 2740 quae
510 2662 564 2722 iste
575 2663 769 2722 renunciaret.
784 2663 893 2741 Atque,
902 2664 943 2723 ita
952 2681 999 2725 me
1010 2662 1135 2732 diibene
1145 2673 1255 2739 ament,
1323 2695 1325 2700 ·

153 2753 235 2813 haud
246 2755 284 2813 ab
295 2773 325 2813 re
338 2755 420 2814 vobis
428 2754 459 2814 id
470 2755 603 2815 accidere
614 2755 778 2815 videbatur.
806 2755 880 2822 Quis
890 2755 964 2815 enirn
976 2764 1058 2815 tanta
1072 2765 1103 2814 et
1115 2765 1161 2816 tot
1173 2754 1255 2818 obla·
1349 2771 1352 2774 '

153 2853 219 2904 tum
233 2847 267 2906 iri
277 2847 358 2906 bona
369 2845 549 2920 existimans,
563 2847 651 2907 ferret
669 2847 806 2926 aliquem,
821 2847 871 2926 qui
886 2857 938 2907 aut
955 2866 990 2907 ea
1003 2847 1085 2910 nulla
1098 2848 1161 2908 fore
1174 2847 1254 2912 dice-

153 2946 213 3010 ret,
232 2948 283 2997 aut
300 2947 368 2999 acta
385 2938 508 2998 istorum
518 2938 691 3000 accusaret?
713 2938 789 2998 Nam
806 2949 904 3000 cetera
920 2940 1018 2998 omnia
1035 2939 1171 2998 nimirum
1191 2949 1255 2998 tum

152 3027 379 3103 minoriserant,
392 3047 452 3108 prae
474 3031 608 3090 excitatis
631 3030 896 3108 exspectationibus
919 3039 951 3088 et
974 3049 1040 3109 spe:
1061 3030 1112 3109 qui
1126 3030 1255 3108 refraga-

152 3120 273 3195 bantur,
287 3122 443 3182 obturbare
458 3123 520 3183 sine
529 3109 632 3196 cause,
642 3132 673 3183 et
682 3122 845 3184 obtrectare
855 3121 1039 3196 videbantur,
1047 3123 1099 3182 illa
1116 3141 1186 3182 vero
1202 3142 1256 3202 per

153 3215 245 3289 qnam
256 3213 462 3273 admirabiliter
476 3223 562 3292 atque
578 3214 684 3274 utiliter
698 3215 836 3274 conlecta
849 3233 914 3274 esse
927 3215 1106 3292 putabantur
1119 3207 1244 3275 civitati·

175 3357 183 3364 .,
199 3306 247 3366 10.
271 3306 338 3371 Qua
350 3305 440 3384 igitur
452 3305 641 3384 gratiavobis
663 3307 729 3366 hoec
748 3307 841 3385 primo
855 3325 935 3365 nunc
955 3305 986 3363 in
1004 3305 1172 3366 memoriam
1183 3307 1253 3366 red-

153 3395 214 3474 egi,
229 3406 260 3456 et
276 3398 412 3462 recensui
430 3398 483 3458 has
506 3398 669 3464 orationes?
700 3397 767 3458 Una
786 3399 824 3457 de
847 3417 947 3467 causa,
962 3417 1054 3476 eaque
1076 3398 1204 3458 maxima
1225 3409 1256 3460 et

150 3488 254 3567 prima,
265 3497 299 3548 ut
312 3509 398 3550 nemo
411 3501 551 3566 vestrum,
568 3489 683 3570 siquid
705 3509 753 3550 me
768 3490 916 3552 dicentem
929 3489 1064 3562 audierit,
1080 3500 1110 3550 et
1124 3502 1191 3552 acte
1205 3511 1253 3552 ac·

150 3589 317 3653 cusantem,
328 3580 451 3656 diffidat,
462 3582 550 3661 idque
564 3581 738 3664 iniquumet
757 3583 957 3661 importunum
968 3600 1034 3642 esse
1049 3572 1142 3661 putet,
1155 3601 1191 3642 ac
1202 3601 1254 3644 cur

150 3675 218 3728 tum
236 3669 288 3728 illa
308 3690 368 3731 nou
382 3672 504 3732 dixerim
522 3673 552 3732 in
567 3695 600 3734 re·
611 3672 761 3753 praesenti,
774 3682 805 3733 et
818 3692 871 3734 vos
892 3673 1050 3745 docuerim,
1075 3672 1251 3742 demiretur;

151 3759 208 3820 sed
227 3761 451 3839 pollicitationes
471 3763 593 3826 istorum
616 3765 788 3838 meminerit,
801 3764 907 3844 quibus
930 3764 1051 3844 singulis
1072 3763 1253 3841 temporibus

151 3862 285 3928 utentes,
298 3855 414 3916 dicandi
427 3857 569 3918 facultate
582 3857 655 3918 alios
667 3857 873 3930 excludebant,
885 3869 916 3919 et
928 3854 1174 3918 renunciationem
1189 3854 1252 3916 isti-

149 3963 191 4002 us
207 3947 381 4023 prreclaram
395 3949 487 4024 illam,
502 3961 536 4010 ut
551 3949 649 4010 sciaris
666 3961 777 4029 proeter
786 3962 884 4010 cetera
896 3949 1003 4020 omnia,
1018 3946 1114 4006 etiam
1124 3944 1201 4006 hauc
1216 3951 1253 4011 ab

44 4067 59 4078 -
146 4035 203 4098 illo
215 4039 299 4099 vobis
313 4042 649 4122 essefacteminjuriam,
660 4043 741 4121 quod
751 4062 851 4102 verum
862 4041 960 4104 statim
974 4048 1080 4106 etcum
1091 4056 1166 4117 opus
1181 4051 1253 4115 erat,
1280 4101 1282 4108 ,

147 4129 254 4190 audire
274 4134 410 4211 prohibiti
419 4135 504 4208 estis,
519 4135 578 4215 spe'
591 4145 622 4194 et
638 4135 715 4195 fucis
728 4130 1029 4212 etpollieitatiouibus
1039 4129 1164 4209 decepti.
1188 4133 1254 4195 Pri-

146 4239 234 4283 mum
245 4225 335 4302 igitur
344 4227 411 4301 hac,
426 4238 457 4289 et
476 4249 512 4289 ea
524 4227 717 4308 potissimum,
731 4245 790 4304 qua
803 4225 872 4299 dixi,
886 4223 977 4303 gratia
993 4223 1059 4284 haec
1074 4243 1264 4298 commemo-¹

145 4312 224 4376 ravi.
253 4315 379 4393 Deinde,
388 4320 515 4400 quadarn
530 4329 561 4382 et
571 4320 628 4380 hac
642 4303 731 4379 nihilo
741 4319 850 4378 minore
864 4317 901 4376 de
914 4335 1025 4396 causer
1038 4327 1073 4377 ut
1085 4316 1159 4397 ejus,
1170 4319 1253 4377 erite·

146 4423 242 4485 quam
255 4419 490 4492 corrumperetur
503 4411 717 4492 largitionibus,
727 4409 893 4472 institutum
902 4409 932 4470 iu
941 4409 1092 4490 republica
1101 4403 1254 4483 recordati,
