2946 4954
198 287 263 352 ιιι
445 281 519 340 ’ΒΕ
541 280 659 346 MALE
680 279 812 346 GES'lA
838 275 1082 350 LEGATIONE.
1107 299 1114 314 ι

199 403 296 500 imm
315 446 419 502 utem
438 438 504 500 ists
526 438 750 510 intercessiones
771 450 804 496 et
817 435 916 496 scortis
933 445 1052 516 propter
1066 403 1181 515 privata
1191 435 1303 498 errulu-

200 537 302 590 menta
310 529 526 610 suscipiuntur:
549 529 587 590 ad
601 550 668 609 quae
681 529 864 608 prohibenda
877 549 932 589 vos
940 529 1040 608 legum
1051 529 1222 590 auctoritate
1233 549 1304 590 con·

104 705 109 712 k
199 624 329 698 venistis,
343 644 416 699 non,
425 633 458 683 ut
472 643 508 684 ea
521 622 630 706 injuriis
644 621 810 687 horninibus
825 619 1047 686 confirmaretis.

238 721 269 779 2.
292 717 339 778 Ac
354 717 425 778 alios
440 716 558 820 quidem
582 716 633 796 qui
651 726 732 792 teoto
751 714 906 796 proposito
926 713 965 782 ,ad
987 711 1198 793 rempublicam
1218 684 1309 776 acces

199 809 283 882 duat,
296 809 409 876 ιιιιιιιιι
422 808 566 874 rationein
577 805 778 878 reddiderunt,
794 826 907 886 semper
920 814 1020 870 ιιιιιιι
1033 805 1111 866 ultro
1126 805 1166 868 ed
1179 825 1302 886 respon·

200 901 331 962 doedura
354 911 488 980 paratos:
510 897 800 970 AEleohinemautanr
821 899 921 976 longe
939 897 1023 960 aliter
1049 897 1210 956 animatum
1236 917 1302 958 osse

198 994 293 1055 video.
324 983 498 1076 Priusquani
519 992 597 1052 eninr
618 990 727 1076 advos
750 991 961 1070 ingrederetur,
986 998 1016 1048 et
1037 1000 1169 1049 aetorum
1184 1009 1304 1049 suorum

198 1086 340 1148 rationem
353 1086 499 1158 redderet,
510 1085 634 1148 alterum
649 1102 752 1142 eorum
766 1083 954 1162 quitationes
965 1082 1165 1165 postulabant,
1176 1083 1304 1164 sustulit,

177 1206 179 1214 s
199 1177 263 1246 aliis
277 1178 388 1262 passim
401 1178 569 1240 minitatur:
586 1175 621 1236 'et
634 1175 843 1256 iniquissimam
866 1176 994 1240 omnium
1016 1175 1259 1248 consuetudinem
1273 1176 1303 1238 ιιι

197 1273 411 1352 rempublicam
431 1281 461 1334 et
483 1271 565 1334 vouu
589 1269 873 1348 perniciosissimas,
886 1267 1055 1331 introdusit.
1077 1268 1111 1328 Si
1123 1267 1201 1335 anim
1215 1269 1239 1326 is
1252 1269 1303 1350 qui

199 1365 349 1444 publicum
363 1364 576 1442 munusgessit
594 1371 626 1422 et
646 1362 822 1440 procuravit,
836 1361 881 1422 sui
895 1371 1015 1444 terrore,
1036 1369 1068 1420 et
1083 1377 1144 1418 nan
1164 1361 1303 1438 oequitate

198 1457 315 1533 effloiet,
329 1477 367 1518 ne
381 1459 418 1518 ab
431 1453 530 1535 aliquo
542 1463 708 1528 accusetur,
722 1453 816 1514 omnis
831 1453 913 1513 vobis
929 1454 1067 1534 eripietur
1076 1453 1248 1524 auctoritas.

241 1553 270 1610 3.
291 1551 335 1618 Ac
349 1549 443 1610 multa
456 1547 594 1630 quidem
587 1556 675 1607 retum
689 1547 790 1632 gravia
802 1542 914 1612 scelera
928 1545 1113 1628 designasse,
1126 1554 1156 1606 et
1169 1555 1304 1630 extremo

199 1644 343 1728 supplicio
365 1664 435 1712 esse
452 1644 586 1722 dignum,
602 1639 690 1704 facila
712 1660 759 1706 rue
781 1640 899 1726 confido
922 1641 1125 1722 probaturum,
1138 1649 1169 1704 et
1182 1640 1304 1708 omnino

198 1756 371 1816 ιιιιιιιιιιιιιι
383 1737 498 1798 habeo:
520 1735 591 1812 quid
604 1743 703 1798 auten
716 1733 806 1798 etiarn
818 1734 850 1802 in
861 1733 920 1798 hae
932 1731 1133 1812 musione
1131 1732 1304 1805 formidem,

199 1829 302 1890 dinem
311 1830 390 1908 apud
403 1849 467 1900 vos,
483 1838 515 1888 et·
535 1847 595 1886 non
616 1825 816 1886 dissimulabo
849 1824 924 1884 Mihi
938 1844 1039 1904 caussa
1057 1845 1124 1903 quae
1146 1825 1226 1904 apud
1249 1844 1302 1886 vos

199 1930 326 2001 aguntur
344 1940 456 2002 omnes,
470 1939 529 1986 non
543 1921 649 1991 minus,
663 1919 868 1992 Athenienses,
887 1926 1048 2000 temporum
1070 1937 1136 1987 esse
1157 1919 1305 1996 videntur,

200 2032 289 2095 quam
303 2011 496 2090 negotiorum,
510 2018 551 2082 et,
564 2011 633 2087 quia
646 2008 768 2090 longum
781 2008 856 2079 inter
870 2009 1049 2088 legationem
1062 2011 1189 2091 spatium
1211 2002 1305 2074 inter-s

60 2149 63 2160 .
170 2150 174 2154 .
195 2105 309 2185 jectum
330 2113 387 2176 est,
405 2103 436 2178 id
451 2113 553 2172 naus
565 2121 603 2170 na
615 2119 707 2179 quana
724 2101 994 2168 vobis'olaliviouem
1008 2102 1149 2176 attulerit,
1166 2113 1217 2164 aut
1230 2121 1303 2167 coa·

203 2195 391 2268 suetudinem
403 2195 582 2283 injuriarum.
615 2194 677 2258 Sed
689 2202 789 2281 tamen
802 2193 1049 2271 quemsdmoduns
1061 2195 1150 2254 etism
1159 2195 1202 2255 sio
1215 2197 1305 2256 etin-

200 2288 345 2349 telleoturi
359 2305 425 2366 quse
440 2302 526 2365 sequa
545 2295 614 2344 sunt
628 2294 658 2344 et
669 2286 889 2370 pronunciaturi
902 2307 982 2347 nune
994 2287 1162 2361 videamini,
1175 2288 1210 2348 id·
1220 2291 1304 2350 vobis

199 2380 307 2450 dicam,
323 2380 348 2438 si
360 2378 512 2444 vobiscum
531 2377 587 2458 ipsi
610 2377 810 2451 consideretis,
827 2377 954 2457 judices,
968 2389 999 2443 et
1013 2381 1164 2460 reputetis,
1178 2401 1316 2463 quarum,

199 2491 295 2539 rerum
304 2470 449 2540 civitatem
460 2470 615 2529 rationesa
629 2468 729 2552 legato
737 2479 869 2550 repetere.
879 2479 1023 2552 oporteat.
1045 2471 1189 2543 Primum,
1201 2493 1305 2548 eorem

200 2573 269 2640 que
279 2562 479 2632 renunciavit:
502 2561 634 2630 secundo
655 2562 733 2635 loco,
754 2581 855 2629 eorum
869 2581 936 2641 qus
951 2565 1117 2642 persuasit:
1138 2567 1239 2640 terties„
1251 2586 1305 2628 eo·

200 2673 266 2714 rum
279 2674 346 2732 quaa
360 2673 412 2712 vos
426 2653 454 2712 ei
467 2652 645 2712 mandastis:
668 2653 793 2731 deniquo
806 2663 988 2734 temporum:
1008 2657 1156 2734 posthaec
1168 2659 1309 2718 ιιιιιιιιιι

106 2743 109 2752 ’
200 2747 397 2827 quaerendum,
411 2747 577 2824 incorrupte
590 2764 686 2805 neone
699 2746 827 2824 ea‘iacta
841 2747 901 2806 sint
910 2749 1017 2807 omnia.
1039 2749 1102 2809 Cur
1114 2751 1235 2810 tandem
1249 2751 1305 2811 ho-

128 2830 134 2842 ’
200 2838 385 2918 ιιιιιιιφιοιι
409 2857 446 2896 ιιι
468 2837 734 2916 renunciationibus
756 2849 836 2918 recte
858 2841 941 2900 vobis
964 2841 1126 2902 deliberare
1150 2843 1188 2902 de
1215 2845 1303 2902 rebus

131 2997 134 3004 ,
200 2931 286 2993 licet:
307 2950 374 3009 quac
388 2929 631 3010 siveraelnerint,
652 2949 689 2990 ea
710 2950 777 3010 quae
795 2951 842 2990 res
866 2932 1007 3011 postulat,
1021 2933 1167 3004 statuetis,
1182 2935 1228 2994 sin
1242 2934 1303 2996 non
1391 2963 1397 2984 ι
1453 2901 1454 2958 l

201 3023 288 3094 tales,
302 3021 455 3082 contraria.
481 3020 657 3098 Legatorum
671 3023 881 3084 enimconsilia
892 3024 1002 3085 veriora
1015 3044 1084 3086 esse
1096 3027 1229 3105 putatis3
1252 3047 1304 3088 au-

167 3175 171 3184 ,
202 3115 270 3175 ditis
283 3116 361 3181 enim
371 3135 432 3186 eos,
442 3123 476 3173 ut
489 3133 594 3194 gnaros
605 3134 704 3174 earum
715 3133 809 3184 rerum
820 3116 857 3175 d'e
867 3114 973 3198 quibus
982 3116 1064 3177 missi
1078 3129 1156 3178 sunt.
1183 3119 1303 3199 Nequa-

201 3228 288 3286 quam
300 3208 389 3296 igitur
402 3207 489 3266 decet
501 3205 634 3268 convesci
641 3205 788 3285 regnan,
802 3207 863 3268 dati
876 3209 971 3269 vobisr
980 3209 1068 3269 ullius
1088 3209 1182 3270 futilis
1196 3221 1227 3271 et
1239 3232 1305 3291 per-

154 3374 156 3377 ·
202 3298 305 3358 niciosi
318 3298 441 3357 consilii.
465 3298 545 3375 Jam,
557 3317 623 3376 quoe
637 3298 720 3357 illum
734 3298 833 3358 dicere
844 3309 896 3358 aut
910 3319 998 3378 agere
1007 3302 1150 3381 jussistis,
1165 3313 1197 3363 et
1210 3305 1304 3363 nomi-

202 3391 294 3448 natim
313 3389 484 3454 decrevistis
505 3409 570 3460 esec
584 3390 729 3462 facienda,
743 3410 780 3457 ιι
793 3392 930 3458 convenit
950 3410 1019 3462 esee
1038 3405 1205 3476 procurata.
1220 3397 1303 3456 Esto.

202 3485 378 3562 Temporum
396 3491 495 3573 autem
514 3484 723 3561 quamobrem?
744 3483 813 3562 quia
837 3505 913 3564 saepe
932 3486 1078 3560 usuvenit,
1093 3491 1302 3562 Athenienses,

203 3588 237 3636 ut
250 3576 323 3636 rnnlt
311 3585 406 3635 tarum
428 3593 522 3633 rerum
536 3585 567 3635 et
581 3595 753 3682 nagnarum
767 3578 884 3644 occasio
898 3579 988 3659 paulo
1003 3592 1150 3644 momento
1163 3585 1304 3665 temporis

201 3669 402 3740 concludatur,
417 3668 545 3744 quamsi
564 3661 631 3745 quis'
653 3670 730 3730 ultro
745 3671 918 3732 adversariis
934 3673 1109 3734 condonarit
1122 3685 1153 3735 et
1166 3677 1304 3755 prodide-

203 3761 249 3832 rit,
273 3760 388 3821 etiamsi
406 3759 505 3820 orunia
527 3769 659 3820 conetur
653 3781 821 3840 ,nunquam
833 3765 1135 3844 poteritreoupersre,
1173 3771 1305 3829 Asuero

204 3855 305 3928 gnatis,
319 3851 431 3912 neonei
451 3851 532 3930 quod
545 3851 613 3923 iude
627 3852 768 3933 accipere,
778 3855 858 3914 unde
870 3855 1040 3936 reipublicae
1052 3857 1193 3920 damnum
1208 3863 1307 3935 detur,

205 3963 317 4017 omnes,
331 3945 400 4004 satis
415 3945 487 4018 ecio,
498 3955 529 4004 et
541 3944 694 4024 indignum
713 3965 779 4007 osse
798 3948 957 4020 ιιιιιιιιιιι,
968 3959 999 4010 et
1013 3951 1140 4029 graer
1153 3955 1308 4015 v'nrdioaa·

205 4035 286 4098 dum.
311 4037 357 4096 Ac
366 4037 515 4114 legislator
524 4039 645 4116 quidem
652 4039 709 4101 hoc
717 4057 778 4098 non
788 4041 955 4119 explicavit,
962 4041 1018 4102 ‘sed
1031 4045 1213 4136 simpliciter
1216 4059 1313 4126 atqm

205 4145 304 4185 severe
319 4128 409 4188 vetuit
428 4131 559 4209 accipere
577 4149 707 4204 munera,
730 4151 810 4204 cunr,
833 4142 868 4194 ut
887 4134 958 4192 mihi
970 4135 1099 4207 videtur,
1112 4137 1311 4214 existimaret,

202 4235 281 4288 euru,
304 4217 361 4294 qui
377 4221 467 4286 semel
491 4224 662 4303 accepisset,
685 4244 721 4284 ae
744 4224 946 4303 largitionibus
966 4239 1127 4308 eorruptus
1143 4243 1228 4307 esset,
1243 4253 1309 4294 non

201 4309 263 4386 jam
277 4316 462 4372 constantem
475 4329 591 4374 manere
611 4317 742 4394 judicem
756 4317 939 4396 publicorum
949 4322 1185 4392 commodorum-

177 4452 180 4504 ὲ
247 4403 276 4458 4.
298 4401 388 4468 Quod
407 4401 432 4460 si
453 4403 619 4479 ostendero,
635 4418 666 4468 et
677 4410 837 4490 perspicue-
845 4412 983 4490 probaro,
1005 4412 1180 4482 AEsohineaa
1191 4428 1220 4480 et
1231 4417 1313 4480 nihil

1184 4501 1194 4532 l
