2946 4954
479 277 699 338 nnvnnsos
723 279 952 340 rsrrrusrr.
1187 249 1265 349 ¹sos
1334 315 1341 324 -

163 435 318 495 enituistis
339 453 487 494 sacrorum
503 415 671 494 'immunitas
686 427 757 494 tiata
768 447 823 495 est.
859 437 898 494 Ut
913 447 1010 496 autern
1026 431 1128 506 sciatis
1144 438 1208 501 hoec'
1223 443 1265 502 its

161 549 194 587 se
207 529 324 596 habere,
339 545 412 605 cape
426 525 550 604 primurn
565 525 730 603 exemplum
744 537 860 597 statuae,
873 527 980 588 deinde
997 531 1169 609 principium
1189 534 1263 612 legis

94 651 96 657 2
162 619 323 698 Leptineoe.
345 617 459 702 Recita.
835 628 837 636 ’
1154 635 1157 642 ’

443 839 446 844 -
490 807 726 868 EXEMPLUM
748 808 930 871 STATUAE.

159 971 290 1038 Auditis,
305 967 509 1034 Athenienses,
531 964 698 1044 exemplum
718 933 833 1036 statuae,
858 968 939 1046 quod
958 987 1009 1028 eos
1029 970 1171 1030 immunes
1195 991 1260 1034 esse

158 1067 252 1140 jubet,
262 1062 354 1124 sacris
363 1059 503 1139 exceptis.
526 1058 631 1119 Recita
644 1057 732 1136 igitur
745 1061 915 1139 principium
930 1063 1002 1142 legis
1015 1059 1179 1142 Leptineoe.

661 1259 757 1334 tax.

157 1440 257 1500 Beue!
280 1436 406 1496 Desine!
429 1435 505 1494 Cum
516 1433 692 1513 scripsisset,
712 1442 755 1493 ut
780 1434 982 1496 ditissimi
1005 1439 1172 1513 obire-ut
1188 1443 1257 1502 inu·

156 1549 262 1598 nera,
284 1527 451 1606 adscripsit,
469 1527 661 1605 exceptis
685 1527 891 1586 Harmodii
908 1539 947 1587 et
966 1531 1266 1611 Aristogitonis.
1327 1527 1332 1541 ‘

154 1622 343 1704 posteris.
366 1622 435 1686 Qua
449 1619 485 1678 de
500 1637 599 1690 causa,
615 1618 757 1696 siquidem
771 1619 852 1678 obire
871 1639 993 1681 munera
1010 1623 1048 1682 ad
1062 1643 1147 1684 sacra
1168 1625 1258 1704 pe'rti-

155 1715 225 1776 neti
239 1715 318 1773 Nam
328 1713 352 1772 si
360 1712 426 1772 baec
436 1710 550 1781 dixerit,
558 1715 662 1772 stature
673 1709 818 1783 contrarie
828 1711 979 1790 scripsisse
989 1716 1188 1778 convincetur.
1210 1719 1258 1779 Li·

153 1805 258 1868 benter
269 1818 366 1866 autem
375 1824 432 1883 ego
444 1804 595 1882 Leptinem
609 1804 823 1883 interrogarim,
834 1805 919 1884 cujus
929 1807 971 1866 rei
981 1805 1194 1870 immunitatem
1208 1823 1260 1871 aut

154 1912 275 1962 tununo
285 1896 538 1974 iilis'tereliquisse
548 1894 638 1965 dicas,
648 1904 699 1955 aut
708 1896 834 1974 majores
845 1907 958 1958 nostros
969 1899 1037 1958 olim
1048 1900 1177 1977 dedisse,
1186 1903 1258 1962 redi-

152 1994 217 2052 litis
225 2009 347 2052 munera
359 1990 385 2048 si
399 1988 437 2048 ad
448 2006 533 2048 sacra
544 1987 687 2065 pertinere
704 1987 834 2048 dixeris?
858 1990 935 2050 Nam
948 1989 1083 2052 veterum
1093 1994 1191 2073 legum
1203 2015 1257 2056 au·

152 2086 299 2156 ctoritate,
312 2083 484 2141 tributorum
499 2099 565 2159 quoe
580 2079 619 2138 sd
630 2079 741 2139 bellurn
756 2079 903 2158 pertinent
915 2082 1055 2156 omnium,
1069 2094 1099 2144 et
1111 2087 1257 2148 instruen-

153 2179 258 2238 dorum
267 2174 425 2235 triremium
433 2192 493 2232 nou
503 2184 573 2231 sunt
583 2169 740 2231 immunes:
753 2173 967 2234 immunitatem
976 2194 1063 2254 porro
1072 2177 1263 2240 te'dilitiorum.

152 2287 317 2339 munerum,
331 2265 473 2345 siquidem
485 2265 538 2324 ilia
555 2264 593 2322 ad
607 2283 691 2322 sacra
701 2264 860 2342 pertinent,
872 2285 932 2326 non
955 2266 1075 2327 habeut.
1105 2269 1144 2328 Et
1157 2281 1256 2334 tamen

152 2361 297 2440 scriptum
309 2369 364 2427 est,
379 2358 522 2418 immunes
533 2375 584 2416 eos
595 2375 667 2416 esse.
690 2356 782 2434 Cujus
801 2358 891 2436 igitur
902 2358 964 2418 reii
984 2373 1054 2420 num
1064 2363 1164 2445 tributi
1175 2366 1256 2442 quod

150 2453 285 2532 inquilini
300 2449 438 2520 solvunt?
458 2450 517 2509 hoc
533 2450 611 2508 enim
624 2448 765 2526 reliquum
781 2459 834 2510 est.
872 2451 939 2512 Non
953 2462 1052 2512 certe:
1080 2457 1132 2514 sed
1156 2467 1254 2520 eorum

151 2547 306 2611 munerum
320 2549 387 2624 quae
399 2546 430 2603 in
445 2544 545 2602 orbeni
560 2543 696 2612 redeunt,¹
707 2543 956 2620 quemadmodum
970 2556 1001 2604 et
1022 2556 1121 2608 statuo
1133 2549 1254 2622 indicat.

150 2641 228 2704 et'tu
247 2639 331 2700 initio
343 2639 430 2716 legis
441 2636 578 2706 definisti,
598 2645 629 2694 et
651 2636 750 2696 omnia
769 2637 919 2715 superiore
937 2647 1254 2718 tempora‘testauturr

150 2755 219 2816 quae
230 2735 298 2794 curn
311 2729 482 2810 longissima
491 2728 715 2799 intercesserint,
729 2748 823 2809 neque
834 2730 926 2792 tribus
935 2751 1068 2811 unquam
1082 2736 1142 2796 ulla
1152 2757 1253 2814 quern·
1335 2777 1337 2785 ·

150 2827 241 2907 qoam
261 2845 301 2885 ex
319 2825 438 2883 illorum'
447 2821 556 2885 familia
570 2821 686 2880 aedilem
699 2821 855 2883 decernere
873 2842 947 2884 ausa
960 2825 1025 2897 suit,
1039 2847 1134 2907 neque
1148 2831 1252 2912 siquis

150 2921 227 2980 alins
249 2919 385 2978 decretus
404 2915 520 2982 suited
543 2914 784 2993 permutationem
807 2915 981 2976 facultatum
1003 2939 1053 2978 eos
1076 2941 1251 2998 provocare:

148 3011 252 3093 qnare
264 3008 488 3070 auscultandum
507 3007 549 3066 illi
572 3015 706 3078 nonest,
726 3006 751 3067 si
774 3006 820 3066 his
843 3010 990 3070 contraria
1009 3012 1139 3090 proferre
1160 3035 1251 3077 ausus

147 3107 244 3166 fuerit
638 3149 641 3158 .
830 3103 854 3116 ''
918 3176 922 3186 Ι

188 3201 239 3258 28.
261 3197 408 3256 Praeterea
425 3194 558 3270 fortassis
571 3195 660 3269 etiarn
684 3193 741 3252 hoc
761 3196 963 3272 exagitabunt,
984 3197 1125 3273 quosdam
1143 3202 1193 3279 qui
1218 3224 1257 3266 se-

148 3294 342 3371 Megarenses
353 3299 386 3349 et
394 3288 559 3362 Messenios
572 3307 636 3347 esse
646 3287 756 3364 dicant,
765 3307 890 3366 quorum
899 3289 1025 3350 maxima
1035 3293 1072 3350 sit
1081 3294 1257 3368 multitudo,.

144 3387 292 3444 immunes
306 3397 391 3456 esse:
413 3393 444 3440 et
458 3381 530 3440 alios
545 3380 688 3458 quosdam
704 3399 802 3439 servos
814 3390 845 3438 et
854 3383 1039 3453 verberones,
1051 3394 1084 3442 ut
1093 3384 1256 3466 Lycidsur,.

145 3488 176 3538 et
188 3475 375 3558 Dionysium,
388 3484 419 3534 et
440 3474 489 3552 qui
508 3473 606 3552 pelam
621 3483 684 3533 sunt
699 3473 826 3554 convicti
839 3494 904 3532 esse
918 3475 1003 3534 teies.
1036 3478 1066 3536 Si
1083 3479 1173 3558 igitur
1191 3483 1257 3543 hoe.

142 3572 263 3632 dicent:
281 3569 384 3648 jubete
396 3586 459 3639 eos,
472 3567 496 3624 si
510 3565 599 3625 fidem
612 3566 667 3626 sibi
682 3585 701 3626 o
719 3567 801 3626 robis
820 3565 921 3625 haberi
939 3569 1040 3642 velint,
1056 3583 1247 3639 senatuscon-
1299 3567 1302 3572 ’

140 3663 221 3725 suite
233 3661 401 3730 ostendere,
411 3658 517 3737 quibus
531 3659 578 3718 isti
589 3659 733 3718 immunes
744 3659 812 3718 sint.
835 3658 900 3720 Nec
914 3662 991 3721 enim
1005 3665 1157 3742 quisquam
1167 3668 1256 3744 apud
1347 3681 1353 3692 '

140 3775 201 3817 ros
211 3753 347 3814 immunis
358 3763 414 3825 est,
428 3751 484 3810 nisi
498 3751 540 3810 eis
555 3753 592 3810 sit
606 3751 774 3811 immunitas
787 3750 834 3810 vel
848 3756 1108 3814 senatusconsulto
1119 3756 1167 3816 rel,
1179 3757 1253 3838 lega

140 3851 224 3910 deta.
244 3846 386 3924 Hospites
400 3844 517 3922 quidem
533 3844 643 3922 publici
662 3854 692 3904 et
712 3851 916 3925 procuratores
931 3847 1004 3906 teies
1027 3847 1107 3925 apud
1125 3869 1179 3908 ros
1192 3855 1247 3930 p'er

137 3939 331 4019 magistratus
346 3937 506 4006 ioctisunt
521 3955 644 4015 quorum
654 3941 732 3995 unns
743 3946 789 3996 est
797 3935 945 4014 Lycidas:
968 3937 1020 3996 sed
1031 3937 1112 3998 aiiud
1124 3952 1171 4012 est
1180 3963 1251 4006 essa

135 4033 297 4112 hospitem,
312 4029 393 4090 aliud
410 4029 518 4090 habere
530 4029 753 4090 immunitatem,
774 4031 822 4088 Ne‘
838 4029 926 4106 igitur
940 4047 992 4088 vos
1008 4030 1167 4102 'seducant;
1190 4039 1244 4101 abs
1310 4105 1314 4110 ‚

133 4127 326 4209 qnia'servus
340 4122 465 4204 Lycidas
479 4131 513 4182 et
523 4122 695 4204 Dionysius,
709 4133 740 4181 et
752 4124 826 4182 alius
846 4123 960 4200 aliquis,
974 4141 1026 4201 per
1039 4143 1090 4184 eos
1104 4129 1155 4205 qui
1169 4149 1244 4190 mer,

133 4216 381 4283 cedeconducti
399 4217 472 4276 talis·
488 4215 575 4277 facile
590 4215 731 4286 scribunt,
750 4216 881 4293 hospites
901 4214 973 4274 facti
989 4227 1069 4289 sunt,
1090 4233 1244 4300 propterea

131 4317 213 4378 alios
227 4313 346 4392 dignos,
362 4320 398 4372 et
414 4309 532 4381 liberos,
554 4321 584 4368 et
604 4307 716 4386 optimc
735 4309 919 4386 promeritos,
939 4309 1146 4372 donationibus
1169 4333 1242 4391 quas

123 4412 232 4492 jures
243 4405 327 4470 vobis
336 4414 515 4482 acceperunt
523 4402 648 4481 spoliare
657 4400 806 4460 studeant.
829 4400 908 4464 Nam
919 4403 967 4462 vei
982 4401 1038 4464 hac
1051 4405 1164 4464 ratione
1175 4426 1242 4465 curn

657 4497 717 4556 tn
