2886 4946
5 359 7 516 l

417 237 420 242 ’
493 239 967 306 annumerarent·
1073 241 1076 246 ’
1142 245 1195 307 lul

104 396 310 456 mearum
324 411 496 468 pmgrcraua,
505 398 691 454 conditionem
708 414 786 452 suam
806 395 950 452 oommadc
972 411 1038 450 oum
1057 397 1197 454 AEsohinia

103 479 260 534 maditione
272 480 422 549 componit,
440 483 480 545 ut,
498 483 608 551 qualem
625 483 740 551 uterque
757 497 787 538 re
798 495 863 549 erga
878 478 1025 542 uirtutem.
1045 495 1110 548 erga
1123 479 1197 535 cives

5 573 6 640 j
103 561 268 632 praestiterit,
288 561 430 631 judicibus
448 563 648 632 declarelunh
665 567 779 619 76-81.
814 561 865 617 Ad
881 561 1016 634 hennam
1037 561 1197 632 reipublicae

5 739 6 750 ³
102 743 288 792 communem,
310 745 362 783 nec
385 730 436 782 sibi
458 730 632 783 tribuendam
652 745 720 795 ease,
741 728 860 782 ostendit
876 729 898 796 §.
917 729 1031 782 89-99.
1074 728 1196 782 Crimina
1309 733 1315 746 '

102 661 235 712 mersus,
267 646 327 713 ojus
353 647 538 702 calamitatem
561 649 699 713 omnibus,
719 647 766 718 qul
792 649 851 699 tum
881 629 1014 710 viverent,
1041 645 1196 700 hominibus

102 812 166 865 lude
186 817 216 865 et
235 809 360 865 convicia
379 811 409 864 iu
421 809 476 864 vim
499 828 575 864 suam
598 811 708 864 dicendi
727 809 801 864 diota
814 809 844 862 in
858 809 1040 875 adversarium
1060 823 1196 878 regerent,

101 895 204 964 utylpse
219 893 309 947 illaad
329 893 485 964 utilitatem,
497 890 641 946 AEschlnes
658 907 723 947 vero
737 891 835 946 snaed
845 891 991 962 perniciem
1003 893 1099 960 patriae
1115 895 1144 948 et
1160 891 1197 946 ad

100 977 230 1030 inimicos
240 977 411 1030 ulciscendos
422 992 488 1029 usus
497 977 540 1041 sit,
550 976 573 1044 t.
589 979 632 1032 04.
644 965 739 1047 aperit,
748 975 829 1046 cujus
837 973 877 1028 rei
889 975 959 1028 bauo
969 975 1051 1028 etiam
1064 976 1198 1029 accusati-

99 1056 185 1112 onem
195 1057 442 1114 luculentissimum
450 1075 510 1112 esse
522 1060 688 1127 exemplum,
700 1057 723 1125 ξ.
734 1061 777 1112 95.
813 1055 884 1110 Inde
896 1055 1009 1112 virtutes
1016 1053 1067 1108 viri
1078 1057 1106 1108 in
1115 1057 1196 1114 robus

100 1140 221 1212 publicis
229 1140 449 1195 administrandis
461 1141 590 1210 praeclare
599 1140 730 1195 versantis
742 1143 874 1204 recenset,
892 1138 934 1192 rui
948 1135 1139 1210 AErohiuisque
1154 1155 1197 1194 ra·

101 1223 178 1278 tione
196 1220 301 1293 habita,
312 1221 336 1290 ξ.
353 1225 487 1285 96-87.;
503 1221 624 1277 laudatio
639 1221 736 1291 proelio
747 1219 782 1273 ad
794 1219 972 1276 Chaeroneam
987 1233 1119 1276 caesorum
1131 1237 1196 1278 curn

100 1303 184 1374 epulo
195 1303 302 1360 luuehri
313 1321 362 1358 our
371 1305 425 1362 sibi
431 1303 603 1373 potissimum
616 1303 781 1359 demandata
791 1303 834 1368 sit,
844 1303 968 1370 exponit,
980 1302 1003 1370 5.
1014 1306 1133 1361 88-89.
1144 1305 1197 1361 Ε-

99 1385 204 1444 echinis
217 1388 340 1443 animum
352 1388 521 1456 erepublica
533 1386 652 1444 alienum
664 1387 761 1456 carpit,
770 1387 792 1454 §.
803 1388 847 1440 90.
857 1385 1022 1456 crimenque,
1034 1391 1197 1458 tanquama

100 1469 222 1538 Philippi
236 1468 359 1538 partibas
378 1468 490 1534 steterit,
503 1469 613 1533 refutat,
629 1469 796 1537 proditorum
807 1466 927 1522 Graeciae
945 1483 1087 1522 recensum
1104 1485 1198 1539 agens,-
1320 1551 1323 1558 1

98 1553 121 1620 §q
133 1555 181 1687 ξιξ
191 1649 258 1686 cum
267 1633 519 1697 suaoonfirmaseet,
531 1630 685 1685 adversaria
696 1631 846 1695 evertisset,
858 1631 997 1687 AEsobinis
1011 1644 1102 1686 mores
1113 1633 1198 1687 horca

100 1733 156 1786 qne
168 1733 186 1769 a
193 1715 338 1785 republica
347 1714 520 1779 detestanda,
530 1729 608 1766 suam
619 1715 703 1767 vitem
712 1713 822 1782 publice
832 1715 1011 1786 punctimque
1021 1719 1111 1769 aotam
1122 1718 1198 1770 omui

100 1800 185 1852 laudo
195 1799 322 1850 ornatam
330 1796 536 1868 ornandamque
544 1811 603 1850 esee
613 1795 796 1864 explanasset,
807 1795 898 1848 omnia
909 1797 1078 1865 peroratione
1088 1797 1112 1866 ξ.
1126 1799 1198 1853 92-

102 1885 164 1936 100.
176 1879 365 1934 inflammante
381 1879 615 1946 restinguentique
630 1877 773 1931 commode
785 1879 926 1932 concludit
938 1883 1035 1932 orator.
1072 1879 1198 1936 Breviter

99 1963 174 2014 onim
192 1964 223 2013 'et
239 1961 357 2029 graviter
367 1958 498 2026 recenset,
512 1963 615 2030 quanta
627 1959 781 2015 constantia
799 1975 934 2012 summam
947 1963 1143 2032 rempublicam
1157 1980 1201 2018 re-

100 2043 215 2096 tinuerit
221 2047 306 2110 atque
315 2034 475 2108 detenderit,
484 2042 508 2110 i.
517 2045 575 2106 92.;
587 2042 687 2111 quibus
695 2041 896 2110 praesidiiseam
904 2047 998 2097 contra
1004 2042 1126 2115 Philippi
1133 2063 1199 2116 opes

35 2149 39 2160 v
100 2124 242 2188 munierit,
251 2140 317 2192 quae
330 2123 466 2192 sapienter
473 2124 584 2193 incepta
593 2123 670 2178 irrita
680 2121 747 2189 fieri,
757 2139 845 2192 eoque
854 2122 993 2180 civitatem
1005 2127 1135 2194 recidere,
1147 2128 1199 2182 lor·

99 2211 187 2273 tunae,
200 2205 228 2259 iu
239 2206 314 2260 omui
325 2223 354 2259 re
367 2204 527 2272 dominanti,
538 2206 671 2275 placuerit
684 2207 705 2276 §.
716 2209 830 2261 93-95.
867 2205 920 2260 His
928 2206 1066 2262 laboribus
1074 2211 1201 2280 egregiit,

5 2289 6 2292 ’
101 2305 151 2358 pro
163 2289 253 2357 patria
264 2287 399 2355 susceptis
416 2291 499 2356 atque
517 2283 637 2356 perlatis,
653 2290 805 2357 oppositum
824 2289 948 2355 legImus,
959 2289 1103 2354 AEsohinos
1114 2310 1199 2362 quam

100 2385 198 2439 segne,
207 2375 237 2424 at
248 2371 410 2424 malitiosum
427 2377 455 2423 et
465 2370 492 2422 iu
505 2371 646 2424 civitatem
658 2369 817 2437 injuriosum
831 2371 917 2424 otium
937 2375 1115 2426 consumserit
1126 2375 1149 2442 ἓ.
1161 2379 1199 2430 96

100 2457 188 2507 -97.
208 2452 277 2506 nibil
295 2469 405 2520 prorsus
421 2453 491 2506 bene
510 2452 668 2526 reipublicae
687 2451 785 2506 lecerit
802 2451 826 2519 ξ.
840 2453 884 2506 97.
902 2452 1101 2507 benevolentiae
1119 2455 1197 2524 signa

100 2536 323 2603 nullaediderit,
340 2540 369 2590 at
386 2535 510 2590 hostibus
530 2537 623 2590 omnia
644 2536 812 2604 gratificatus
834 2534 869 2588 eit
885 2535 908 2604 ξ.
930 2539 975 2591 97.
1012 2533 1113 2608 ltaque
1132 2557 1197 2610 ergo

98 2635 131 2674 se
142 2619 266 2688 aequales
275 2618 509 2690 praeeminentem,
525 2619 659 2686 majorum
669 2617 952 2686 praestautissimorum
971 2620 1040 2671 nulli
1057 2636 1111 2673 non
1123 2637 1198 2676 oom-

98 2699 267 2770 parandum,
278 2699 439 2752 AEschinem
456 2715 522 2753 vero
540 2698 693 2753 deterrimis
709 2699 832 2768 priorum
849 2716 907 2753 esse
924 2699 1109 2774 simillimum
1127 2704 1149 2772 ξ.
1161 2709 1197 2764 90
1243 2703 1249 2726 “

100 2785 185 2838 -99.
202 2797 286 2854 quem
307 2785 370 2851 post
389 2782 529 2836 oratorem
550 2783 704 2836 calamitate
734 2799 888 2862 oppressum
918 2782 1039 2837 hostibus
1065 2787 1198 2842 serviliter

100 2865 232 2932 blandiri,
244 2865 357 2918 obedire
368 2865 497 2932 ostendit,
515 2881 543 2918 re
552 2880 617 2918 vero
628 2865 793 2919 lorti-auimo
804 2867 931 2918 umulem
944 2870 1026 2933 alque
1038 2867 1203 2935 benevolen-¹

98 2951 170 3004 llam
186 2951 215 3002 in
227 2949 423 3019 rempublicam
439 2948 553 3001 relinere
564 2945 588 3013 ξ.
602 2952 662 3002 100.
674 2946 850 3016 pessimorum
862 2947 963 3002 civium
975 2963 1063 3003 mores
1072 2966 1199 3008 avemu-

99 3037 160 3088 tem
163 3032 229 3104 ‚qui
240 3032 335 3084 alienis
343 3028 421 3085 malis
430 3029 576 3100 gaudeant,
589 3031 804 3099 servitutemque
812 3031 1003 3098 sempiternam
1014 3033 1141 3088 omuibus
1152 3051 1199 3088 ro-

99 3116 138 3168 tis
158 3117 303 3184 expetant,
313 3127 369 3184 que
380 3111 497 3184 patriam
515 3110 553 3163 dii
564 3110 676 3180 propitii
689 3110 848 3180 explicitam
865 3114 947 3179 atque
956 3111 1098 3168 liberatam
1110 3115 1199 3183 pristi-

99 3213 148 3250 nae
170 3195 292 3250 libertati
315 3197 345 3248 et
364 3191 547 3262 ineolumitati
561 3193 717 3258 restituant,
736 3191 782 3262 pia
803 3195 1046 3260 meutopreoatun
1064 3193 1090 3262 t.
1111 3200 1197 3250 10⁰-

97 3279 240 3340 adfinem.

368 3465 906 3506 ww

142 3672 308 3749 Lrnarul
330 3683 631 3750 ARGUMENTUM
653 3683 878 3754 ORATIONIS
899 3683 955 3748 DE
976 3683 1157 3748 CORONA.
1178 3695 1179 3698 ’

131 3869 270 3917 nesrac·
281 3865 744 3928 cheummonieratoratorAtheniensea,
751 3869 843 3920 usitatis
852 3869 905 3920 istis
916 3883 943 3916 ao
950 3863 1087 3916 'merchoris
1094 3869 1119 3914 et
1129 3862 1199 3914 tirmi-

91 3945 187 3994 oribur
197 3947 223 3989 ct
232 3941 377 4002 melioribus,
387 3945 549 3994 benevolentia
560 3961 615 4010 erga
626 3961 700 4008 remp
712 3953 782 4008 atque
792 3947 817 3994 in
828 3945 927 3996 dieendo
938 3943 971 3999 vi,
981 3939 1051 3988 sicuti
1061 3939 1112 4002 ipse
1123 3940 1200 4004 loqui·¹

90 4031 152 4078 aar,
162 4031 223 4066 non
239 4019 331 4068 raris
347 4020 561 4070 etlatarihco
577 4021 718 4070 Athenas
734 4021 866 4078 munivi,
881 4016 1076 4078 sedmagnia
1092 4017 1199 4078 oopiie

89 4107 131 4151 ot
150 4093 361 4146 multitudine
379 4099 622 4166 nocimentum
639 4097 886 4151 terratomuerr
902 4092 1096 4157 ⁰⁰¹¹l1¹11⁸¹l⁸
1114 4110 1198 4144 'truss-

91 4187 183 4227 Μαι
195 4171 435 4222 ctadmunimenlum
456 4177 561 4224 manibus
577 4182 722 4229 exstructam
734 4191 780 4224 non
792 4168 1092 4236 paromoontulitoivitati.
1124 4173 1199 4222 Labe·

89 4255 219 4302 emtum
229 4247 289 4297 enim
301 4248 402 4299 multia
394 4267 418 4298 m
428 4251 487 4301 looir
499 4269 589 4300 murum
600 4250 779 4300 Atheniensibus
790 4255 913 4310 postquam
927 4246 1054 4298 marturano
1063 4245 1139 4296 virum
1154 4253 1199 4304 est,

89 4326 191 4380 dolah
203 4333 259 4374 runt
273 4327 305 4376 nd
320 4329 346 4380 id
361 4343 445 4376 munus
461 4329 542 4379 decern
559 4328 613 4385 riri,
626 4345 658 4376 ex
669 4325 765 4390 ungulis
779 4323 886 4375 mentua
901 4324 999 4387 singuli,
1013 4339 1071 4388 quor
1087 4325 1199 4374 conticere

88 4408 227 4471 oporteret
242 4403 324 4465 operis
340 4405 498 4454 cantionem:
515 4421 567 4456 nrm
587 4396 693 4468 sumptus
709 4403 740 4450 de
754 4399 850 4464 publico
866 4400 944 4450 flabat.
976 4401 1043 4449 Unus
1052 4399 1160 4460 igiturex
1169 4399 1199 4445 iis

644 4497 667 4536 Y
