2946 4954
214 352 276 412 246
448 353 509 412 DE
531 353 649 414 MALE
672 353 805 412 GESTA
827 353 1079 446 LEGATIONE.
1125 421 1128 428 ,

215 503 250 562 ld
260 521 327 586 uero
339 505 513 584 praeclarum
534 517 590 578 est,
607 507 809 582 Athenienses,
823 518 854 568 et
866 509 1027 588 egregium,
1040 509 1064 570 si
1079 509 1193 569 virtutis
1207 517 1238 567 et
1251 507 1315 586 glo·

158 631 161 642 κ
211 597 263 658 riae
272 597 346 656 ratio
356 597 489 671 ducatur,
504 619 578 678 quas
592 620 639 660 res
654 601 701 660 isti
718 601 845 680 pecunia
857 602 1062 662 vendiderunt.

251 693 302 749 44.
323 689 518 751 Conferamus
527 692 593 771 jam
600 693 669 770 quid
681 693 900 754 Atheniensium
914 694 1080 773 respublica
1093 714 1109 754 e
1123 709 1198 773 pace
1207 707 1312 752 conse·-

119 787 122 793 “
212 792 283 844 cuta
301 782 350 856 sit,
363 793 394 842 ct
406 784 484 862 'quid
499 785 588 862 legati
606 785 838 857 Atheniensium,
858 795 888 846 et
902 787 1104 858 considerate,
1122 805 1195 844 num
1210 785 1312 846 similia

210 875 376 955 respublica
389 885 420 935 et
437 877 486 936 isti
505 877 571 956 ipsi.
613 876 793 957 Respublica
814 879 913 956 igitur,
928 890 960 938 ut
976 877 1099 939 cesserit
1117 879 1263 949 omnibus,
1282 887 1313 936 et

210 967 454 1048 possessionibus,
469 979 499 1028 et
513 969 614 1044 sociis,
629 980 663 1028 ut
677 971 782 1048 jurarit
797 970 942 1049 Philippo,
958 971 1070 1049 siquis
1091 970 1166 1030 alius
1184 969 1250 1029 illas
1269 969 1311 1026 in·

210 1061 329 1137 vaserit,
341 1061 427 1132 ‚vobis
441 1066 698 1132 arremarenses
712 1051 917 1140 prohibituros,
932 1074 963 1122 et
978 1064 1027 1141 qui
1040 1062 1122 1122 vobis
1131 1081 1183 1121 eas
1197 1062 1312 1120 tradere

211 1155 344 1227 voluerit,
358 1175 423 1214 eum
437 1175 491 1234 pro
506 1157 621 1216 inimico
641 1167 671 1216 et
691 1157 775 1216 hoste
789 1157 951 1228 habituros,
965 1159 1014 1236 qui
1036 1157 1151 1236 eripuit,
1165 1175 1218 1235 pro
1233 1156 1311 1216 socio

209 1257 244 1308 et
260 1248 364 1306 amico.
406 1248 483 1308 Haec
498 1249 576 1307 enim
589 1259 660 1308 sunt
674 1269 741 1327 qum
755 1258 785 1308 et
799 1249 955 1308 AEschines
969 1249 1142 1319 defenderit,
1157 1257 1188 1308 et
1198 1247 1311 1326 adjutor

209 1339 465 1419 ejus'Philocrates
483 1341 605 1420 decreto
623 1342 764 1402 sanxerit.
804 1341 880 1402 Item
894 1361 961 1402 cum
981 1361 1038 1420 ego
1055 1341 1148 1420 pridie
1172 1341 1311 1419 superior,

209 1433 293 1492 vohis
306 1431 523 1510 persuasissem‚
538 1439 572 1493 nt
584 1435 727 1494 sociorum
739 1434 888 1494 decretum
902 1433 1123 1502 confirmaretis,
1145 1442 1177 1491 et
1197 1432 1311 1510 legatos

212 1523 340 1604 Philippi
362 1525 560 1599 accerseretis,
583 1526 637 1586 iste
657 1525 890 1588 cavillationibus
910 1546 947 1586 ea
968 1546 999 1585 re
1018 1526 1048 1584 in
1070 1535 1221 1604 posterum
1235 1524 1311 1582 diem

211 1618 330 1694 rejecta,
339 1617 500 1696 persuasit,
511 1627 547 1676 ut
559 1617 588 1675 in
603 1617 777 1678 Philocratis
791 1618 966 1678 sententiam
979 1617 1072 1688 iretis,
1087 1617 1192 1696 inqua
1206 1626 1239 1676 et
1250 1617 1311 1676 haec

210 1710 309 1770 etalia
320 1710 413 1771 multo
426 1710 471 1770 his
483 1710 615 1788 graviora
628 1711 825 1774 continentur.
848 1739 853 1746 ¹
867 1712 911 1771 Ac
927 1711 1095 1789 reipublicae
1109 1710 1228 1788 quidem
1247 1711 1310 1770 haec

211 1823 248 1864 ex
262 1823 334 1882 pace
345 1803 542 1880 contigerunt,
553 1803 660 1880 quibus
673 1804 864 1888 flagitiosiora
877 1825 932 1864 nec
942 1804 1063 1864 inveniri
1076 1803 1162 1878 facile
1169 1801 1311 1883 possunt:

207 1896 313 1975 legatis
331 1905 430 1956 autem
453 1897 534 1974 quid,
552 1896 656 1956 horum
679 1898 868 1958 auctoribus?
886 1883 983 1958 cetera
1006 1898 1104 1957 omnia
1124 1907 1221 1966 taceo,
1234 1909 1309 1974 ‘quoe

212 1990 268 2068 ipsi
280 1987 401 2060 vidistis,
421 1987 513 2066 aedes',
528 1989 618 2068 ligna,
629 1991 816 2062 frumentum„
831 1991 928 2050 sedin
943 1989 1154 2068 sociorum'qui
1167 1991 1312 2068 perierunt

211 2083 340 2164 regione,
354 2085 555 2163 possessiones
582 2093 614 2144 et
631 2085 715 2144 fundi
737 2085 863 2164 plurimi,
882 2104 948 2163 quae
973 2084 1135 2144 Philocrati
1159 2083 1310 2155 talentum,
1353 2142 1359 2155 x

212 2177 480 2238 AEschinitricenas
493 2178 588 2236 minas
601 2179 760 2256 pensitant.
804 2178 911 2238 Nonne
930 2197 1000 2237 vero
1023 2196 1110 2255 grave
1123 2186 1169 2236 est
1182 2187 1214 2236 et
1225 2177 1314 2236 mise-¹

209 2271 314 2340 nubile,
328 2270 472 2330 sociorum
491 2281 651 2331 vestrorum
671 2270 862 2340 calamitates,
881 2269 992 2328 reditus
1008 2269 1114 2347 legatis
1128 2269 1234 2353 vestris
1248 2288 1308 2328 esse

210 2363 314 2436 lactas,
326 2363 509 2440 eandemque
529 2381 631 2441 pacem
645 2362 720 2435 urbi,
741 2382 759 2421 a
782 2381 841 2440 qua
862 2361 944 2420 missi
965 2363 1094 2436 fuerunt,
1114 2369 1146 2422 et
1168 2361 1309 2429 sociorum

210 2456 369 2528 interitum,
383 2455 649 2533 etpossessionum
667 2455 825 2533 jacturam,
846 2462 876 2512 et
898 2472 951 2532 pro
972 2453 1065 2531 gloria
1083 2452 1215 2512 dedecus
1230 2463 1309 2512 'attu-

211 2547 294 2617 lisse,
310 2547 413 2624 legatis
428 2556 524 2606 autem
544 2547 595 2624 qui
610 2545 819 2624 rempublicam
832 2543 989 2612 violarunt,
1005 2544 1127 2613 reditus,
1143 2563 1229 2623 opes,
1242 2564 1308 2623 pos-

210 2641 368 2708 sessiones,
390 2638 516 2710 divitias,
531 2657 583 2717 pro
600 2648 729 2696 extrema
741 2637 840 2716 inopia
853 2636 1019 2716 peperisset
1061 2637 1102 2694 Et
1123 2637 1187 2697 haec
1206 2656 1273 2698 vere
1293 2653 1311 2696 a

207 2753 260 2794 me
273 2733 330 2792 dici
341 2741 374 2792 ut
386 2740 512 2804 constet,
525 2749 599 2791 voca
612 2739 704 2794 testes
718 2731 822 2789 harum
837 2749 932 2790 rerum
948 2728 1112 2808 Olynthios.

626 2945 630 2954 '
675 2942 846 3009 'TESTEA

207 3157 209 3162 .
251 3111 302 3167 45.
323 3107 427 3186 Neque
443 3125 516 3167 vero
538 3105 675 3177 mirabor,
693 3105 724 3184 si
737 3107 826 3165 etiam
849 3104 907 3165 tale
929 3103 1038 3185 aliquid
1062 3105 1159 3164 dicere
1182 3103 1308 3172 audebit,

211 3222 272 3261 non
279 3201 396 3260 licuisse
405 3200 588 3281 praeclaram,
600 3218 696 3277 neque
706 3199 822 3277 qualem
836 3219 893 3277 ego
902 3198 1082 3277 postularim‚
1093 3197 1189 3257 facere
1200 3205 1308 3275 paceni,

206 3313 280 3356 ,cum
297 3294 392 3353 duces
413 3293 489 3352 male
510 3311 571 3351 rem
589 3291 727 3355 bellicam
750 3290 1013 3351 administrassent.
1054 3290 1143 3358 Quod
1157 3291 1182 3348 si
1196 3289 1310 3356 dixerit,

210 3388 341 3446 obtestor
358 3405 412 3444 vos
435 3396 467 3444 ut
490 3384 677 3444 memineritis
701 3403 768 3442 eum
790 3384 981 3462 interrogare,
1000 3392 1098 3442 utrum
1114 3402 1151 3440 ex
1170 3382 1228 3442 alia
1240 3383 1309 3440 urbe
1330 3373 1332 3382 ’

212 3479 327 3556 legatus
340 3477 452 3549 abierit,
474 3497 511 3536 au
532 3496 571 3536 ex
592 3478 650 3536 hac
675 3475 787 3535 eadem.
830 3477 910 3536 Nam
929 3477 954 3534 si
975 3495 1012 3534 ex
1032 3475 1099 3544 alia,
1121 3471 1210 3553 qu'arn
1235 3475 1311 3533 bello

132 3644 133 3647 Ἴ
212 3571 390 3650 superiorem
401 3569 491 3630 fuisse
506 3570 595 3646 dicct,
610 3589 646 3628 ac
667 3571 759 3628 bonos
774 3569 864 3628 duces
878 3568 1027 3640 habuisse,
1042 3567 1143 3628 mento
1157 3567 1313 3646 pecuniam

203 3664 340 3742 accepit:
362 3660 408 3720 sin
421 3681 457 3720 ex
471 3660 527 3718 heo
536 3711 539 3718 .
548 3660 620 3739 ipsa,
640 3681 699 3738 qua
713 3659 816 3738 gratian
830 3669 948 3738 propter
963 3679 1028 3737 quae
1043 3659 1124 3728 urbs,
1140 3680 1157 3719 a
1171 3679 1232 3737 qua
1244 3659 1314 3718 mis·

213 3776 263 3817 sus
285 3766 359 3828 erat,
379 3754 440 3813 suis
466 3751 551 3812 honis
578 3753 675 3825 cessit,
702 3753 740 3812 ob
764 3773 800 3812 ea
822 3753 883 3832 ipse
905 3752 1057 3832 accepisse
1072 3752 1151 3811 dona
1164 3751 1315 3818 cernitur?

211 3849 327 3908 Eadem
335 3847 415 3906 enim
429 3855 461 3906 et
473 3847 538 3904 urbi
552 3845 677 3905 mittenti
695 3846 850 3906 tribuenda
861 3847 990 3915 fueurnt,
1006 3855 1036 3904 et
1055 3844 1152 3906 missis
1169 3865 1258 3910 exea
1270 3844 1317 3902 le-

172 3998 183 4022 ·
214 3940 300 4018 gatis,
316 3939 341 3998 si
354 3939 425 4018 quid
439 3948 519 3998 recte
533 3939 643 3999 factum
659 3947 746 3996 esset.
788 3939 857 3998 Jam
871 3949 901 3997 et
921 3939 995 3998 illud
1009 3937 1205 4009 considerate,
1222 3937 1316 3996 Athe-

213 4034 340 4109 aienses,
347 4034 452 4111 plusne
465 4034 574 4112 putetis
588 4052 606 4090 a
620 4031 822 4096 Phocensibus
844 4031 1013 4102 Thebanos,
1028 4049 1065 4090 an
1080 4051 1098 4090 a
1113 4031 1247 4110 Philippo
1260 4041 1319 4092 uos

210 4125 290 4186 bello
306 4125 482 4203 superatos?
504 4125 647 4204 Equidem
663 4133 846 4202 compertum
859 4124 956 4185 babeo
975 4144 993 4182 a
1011 4122 1217 4184 Phocensibns
1234 4123 1320 4186 The-

205 4221 317 4278 banos.
344 4217 497 4276 Tenebant
515 4218 592 4278 enim
607 4216 890 4288 illiOrchomenum,
902 4225 932 4274 et
943 4215 1119 4286 Coroneam,
1132 4224 1162 4274 'et
1177 4215 1321 4294 Tilphos-

177 4300 180 4304 ’
213 4331 314 4381 seeum,
334 4319 364 4367 et
383 4314 465 4384 suos,
486 4311 546 4386 qui·
558 4310 701 4368 Nectibus
729 4309 854 4382 fuerant,
881 4316 1061 4388 receperant,
1079 4317 1110 4368 et
1129 4309 1326 4386 septuaginta

213 4416 244 4466 et
266 4403 410 4476 ducentos
435 4402 605 4462 occiderant
630 4403 668 4463 ad
687 4402 864 4484 Hedyleum,
883 4411 913 4462 et
935 4409 1080 4482 tropaeum
1101 4413 1267 4489 erexerant,
1293 4416 1326 4466 et
