2886 4946
588 232 655 292 nn
676 231 858 294 concur.
1047 220 1049 222 ’
1215 239 1272 300 ros

172 382 218 450 tysis,
233 380 307 430 muris
318 381 448 430 reficiendis
457 390 550 432 curator
560 385 647 445 isotus,
660 389 704 436 tris
715 388 738 436 in
749 389 774 436 id
790 405 851 451 opns
867 389 954 438 talenta
969 391 1000 440 ds
1011 406 1054 440 suo
1068 391 1163 454 insuper
1177 400 1271 458 erupta

173 462 260 523 populo
269 461 374 518 donarit,
382 468 407 510 ct
416 461 522 510 thesbali
532 463 637 524 poonnire
645 466 769 525 praefectus
780 467 881 516 omnium
890 468 991 516 tribuam
1003 469 1125 516 nauales
1132 469 1269 519 collationes

175 543 266 600 centnm
280 537 350 586 minis
361 535 426 593 suxit
435 537 459 585 in
470 537 592 596 sacrificia,
603 540 694 601 placere
709 541 800 589 senatui
817 545 950 606 populoque
964 545 1099 592 Atheniensi
1114 545 1207 594 laudaro
1219 547 1269 595 Do·

172 615 315 662 mosthenem
328 615 492 662 Demosthenis
508 615 525 661 f.
539 615 695 664 Paeonicnsenr
713 617 807 665 rimatis
824 635 880 681 ergo
897 613 1116 684 benevolentiaeque,
1131 637 1199 685 quum
1216 639 1269 690 per·

171 697 243 752 petuo
253 691 323 737 hehet
334 707 390 751 erga
401 691 514 752 populum
523 692 695 740 'Atheniensem
701 709 709 753 ;
720 709 818 755 eumque
828 708 898 742 aurae
908 711 994 743 corona
1005 685 1101 755 donare,
1113 706 1137 747 et
1145 699 1268 761 prediosri

162 761 280 824 eoronam
292 767 316 816 in
333 765 424 814 thestio
435 766 557 829 Dionysiis
575 767 686 830 tragoedis
703 769 786 817 noris:
805 771 980 832 predicationis
995 780 1165 823 antemnarum
1182 776 1266 825 hebere

170 845 322 892 oertuuinum
334 844 486 904 proiectam..
788 864 792 869 ·
986 867 989 874 ⁴
1212 871 1215 876 ·
1258 869 1262 876 ·

173 969 249 1038 Qnae
260 970 347 1048 igitur
360 970 481 1050 largitus
496 991 571 1046 sum,
583 973 649 1033 heac
663 981 741 1052 sunt,
764 991 885 1051 quorum
903 981 935 1032 tu
954 972 1025 1034 nihil
1041 975 1177 1036 incusas:
1199 997 1265 1056 quea

173 1070 269 1121 autem
277 1063 366 1142 jubet
378 1062 447 1122 mihi
460 1071 583 1146 senatus
592 1086 645 1146 pro
658 1065 704 1126 his
717 1064 846 1144 rependi,
867 1084 903 1125 ea
917 1076 986 1126 sunt
998 1071 1067 1146 quae
1076 1069 1186 1144 judicio
1199 1088 1265 1147 per-

169 1155 308 1233 sequeris.
324 1151 482 1234 “Accipere
499 1156 587 1236 igitur
607 1157 747 1217 beneficia
770 1156 1019 1236 legitimumesse
1040 1159 1189 1232 concedis,
1210 1179 1264 1239 pro

167 1247 271 1307 iisdem
282 1249 406 1327 gratiam
414 1249 519 1308 referre
531 1250 561 1309 id
569 1249 652 1330 quasi
661 1248 775 1330 legibus
787 1251 961 1310 contrarium
973 1247 1145 1312 insectaris?
1166 1251 1264 1312 Homo

168 1341 300 1419 undique
314 1341 486 1420 profligatus
506 1351 536 1401 et
549 1342 603 1403 diis
617 1342 727 1402 invisus
748 1351 780 1402 et
799 1362 899 1403 revera
918 1343 1025 1405 lividus
1035 1345 1130 1424 qualis
1145 1343 1200 1404 erit
1213 1364 1265 1425 per

168 1435 238 1494 deos
253 1434 452 1494 immortales?
472 1455 531 1494 non
546 1434 733 1515 hujusmodi?
879 1442 882 1448 '

183 1549 187 1556 ·
208 1529 257 1586 36.
279 1525 465 1607 Atqui‘quod
482 1528 586 1608 attinet
603 1529 647 1589 ad'
655 1527 891 1608 praedicationem
903 1527 933 1586 in
947 1528 1074 1589 Theatra
1087 1529 1262 1603 faciendam,

166 1620 271 1680 millies
285 1619 406 1699 quidem
416 1621 521 1682 millies
539 1622 646 1683 'iactam
662 1623 750 1682 fuisse
763 1623 963 1702 praetermitto,
973 1609 1079 1701 ineque
1097 1624 1192 1703 ipsum
1206 1643 1263 1683 sae·

166 1725 326 1794 penumero
342 1715 466 1775 antehac
476 1714 583 1774 ibidem
593 1735 657 1774 esse
672 1719 850 1774 coronatum.
873 1713 932 1773 Sed
942 1734 993 1794 per
1001 1714 1073 1776 deos
1081 1714 1261 1777 immortales

164 1807 244 1865 itane
260 1806 384 1866 stolidus
396 1827 428 1866 es
442 1815 531 1886 atque
543 1826 654 1880 vecors,
668 1807 815 1879 AEschine,
828 1815 861 1866 ut
873 1816 971 1867 tecum
984 1807 1046 1889 ipsc
1061 1807 1187 1886 cogitare
1200 1827 1260 1868 non

164 1899 305 1977 potueris,
317 1897 379 1956 viro
397 1899 448 1977 qui
461 1903 615 1958 coronatur
629 1901 752 1959 candem
771 1898 894 1978 gloriam
912 1898 1013 1958 afferre
1031 1919 1180 1973 coronam,
1195 1901 1261 1961 ubi-

165 2010 282 2069 cunque
297 1991 415 2050 demam
428 1991 609 2070 praedicetur,
624 1992 678 2052 sed
696 2011 797 2051 eorum
810 1991 860 2070 qni
873 2010 1010 2051 coronam
1028 1991 1139 2052 donant
1152 1991 1260 2052 utilita-

164 2085 202 2144 tis
217 2085 311 2163 gratia
329 2085 359 2143 in
375 2084 502 2144 Theatra
519 2085 581 2143 fieri
594 2082 794 2164 praeconium?
816 2083 928 2168 Omnes
948 2083 1024 2142 enim
1045 2093 1188 2163 quotquot
1207 2103 1260 2143 au·

163 2176 279 2235 dierunt
295 2176 333 2235 ad
345 2177 420 2236 bene
433 2176 603 2237 merendum
613 2178 650 2236 de
663 2163 813 2256 republica
826 2175 997 2246 excitantur,
1012 2195 1120 2254 eosque
1130 2175 1180 2253 qui
1194 2196 1260 2254 gra·

162 2271 220 2329 tias
235 2270 398 2328 retribuunt
411 2271 567 2349 majoribus
581 2270 715 2354 laudibus
729 2268 853 2328 efferunt
870 2288 956 2346 quam
972 2287 1040 2327 eum
1055 2268 1105 2346 qui
1122 2281 1259 2329 'coronam

164 2365 370 2441 consequitur:
392 2363 530 2442 quocirca
551 2365 634 2424 hanc'
650 2364 747 2444 legem
767 2361 869 2424 civitas
883 2362 958 2422 tulit.
992 2361 1052 2421 Sed
1071 2361 1166 2440 ipsam
1189 2353 1260 2422 mihi

155 2456 264 2534 'legem
278 2474 348 2534 cape
361 2465 392 2516 et
404 2454 504 2516 recita.
593 2527 597 2532 ¹

660 2639 754 2698 LEX.

192 2783 351 2842 Qnosounque
358 2796 443 2828 oorona
450 2781 536 2828 donant
546 2780 622 2842 aliqua
633 2797 664 2828 ox
674 2778 817 2842 municipiis,
828 2792 962 2826 octonarum
974 2776 1154 2839 praedicationes
1164 2769 1255 2826 fiensin

160 2856 221 2918 ipsis
232 2857 330 2918 singulm
340 2855 481 2918 municipiis,
497 2855 544 2902 nisi
562 2873 620 2918 quos
633 2857 736 2918 popalus
747 2854 897 2903 Atheniensis
912 2859 951 2901 aut
967 2855 1060 2901 senatus
1076 2854 1211 2900 coronabit:
1225 2855 1255 2902 do

161 2933 198 2981 his
209 2941 288 2982 eutem
300 2932 369 2980 liceat
379 2933 403 2980 in
414 2933 504 2979 theatro
515 2931 635 2993 Dionysiis
647 2931 781 2994 praedicare.

202 3062 252 3119 37.
268 3059 374 3132 Audis,
387 3058 537 3130 AEschine,
547 3057 642 3135 legem
653 3056 780 3117 dilucide
789 3051 1054 3133 loquentem,nisi
1074 3043 1173 3132 quos
1195 3074 1255 3134 po-

160 3151 279 3230 pulus
303 3161 372 3208 aut
394 3160 557 3210 senatus
579 3149 740 3208 coronis
769 3146 954 3207 donavit:
976 3145 1019 3204 de
1042 3144 1101 3204 his
1124 3156 1254 3208 autem

160 3245 232 3302 fiat
256 3261 358 3322 praec
369 3242 434 3299 oni
443 3261 462 3299 u
473 3260 511 3299 nr.
544 3241 623 3311 Quid
634 3241 732 3320 igitur,
741 3241 837 3309 miser,
853 3231 1060 3296 calumniarisl
1081 3237 1153 3315 quid
1166 3241 1255 3300 verba

161 3337 271 3416 lingis?
293 3335 363 3413 quin
386 3344 414 3395 te
435 3336 472 3394 ob
493 3334 709 3394 haec-elleboro
730 3352 849 3412 purgas,
870 3350 924 3390 nec
944 3339 973 3388 te
993 3330 1085 3408 pudet
1099 3333 1254 3416 ,actionem

158 3430 245 3491 alteri
261 3429 412 3488 intendere
429 3427 547 3500 invidia,
568 3446 626 3486 nou
647 3426 764 3486 crimine
787 3425 883 3502 aliquo
904 3415 1090 3505 commotum,
1113 3425 1254 3507 legesque

156 3524 233 3584 alias
246 3531 435 3592 commutare,
451 3521 515 3588 aliis
528 3530 640 3599 partem
654 3517 815 3590 detrahere,
829 3535 900 3595 quas
915 3515 1044 3595 integras
1062 3513 1178 3594 aeqrium
1193 3527 1256 3576 erat

156 3618 287 3688 recitari,
299 3615 456 3696 praesertim
469 3615 579 3692 nequi
596 3633 627 3672 se
644 3616 777 3691 jurarunt
798 3609 960 3671 secundum
980 3609 1060 3688 leges
1080 3610 1253 3668 sententiam

155 3709 293 3772 laturos?
316 3707 433 3768 Deinde
446 3715 479 3766 tu
499 3727 566 3766 cum
580 3705 650 3766 talin
662 3705 753 3772 facias
771 3703 842 3782 quid
855 3702 916 3762 viro
929 3702 1063 3782 populari
1082 3687 1179 3758 inesse
1201 3701 1254 3760 de-

154 3808 231 3864 beat
247 3821 391 3874 recenses,
405 3799 524 3880 perinde
538 3820 572 3859 ac
586 3799 611 3858 si
626 3807 752 3858 statuam
767 3816 803 3855 ex
816 3796 982 3876 syngrapha
994 3791 1158 3852 faciendam
1172 3791 1252 3856 loca-

150 3895 247 3972 reris,
265 3902 510 3973 eamque-postea
530 3892 676 3970 acceperis
697 3891 815 3949 nonita
835 3889 1008 3958 confectam,
1021 3894 1063 3966 ut
1086 3885 1255 3964 syngrapha

155 3987 330 4069 postularet,
350 3985 501 4064 autquasi
523 3984 618 4044 verbis
636 3983 803 4062 populares,
819 4001 877 4041 non
890 3977 976 4048 iactis
996 3987 1027 4034 et
1045 3975 1184 4038 institutis
1198 3999 1252 4058 pu·

152 4079 241 4141 blicis
255 4079 474 4158 dignoscantur.
497 4077 536 4137 Et
549 4075 715 4136 vociferaris
737 4074 884 4150 famulaque
898 4077 928 4128 et
940 4066 1069 4139 infanda,
1083 4077 1219 4148 tanquam
1236 4091 1252 4130 e

152 4173 297 4254 plaustro,
312 4171 471 4242 blaterans,
484 4189 551 4248 quae
563 4171 594 4228 in
613 4178 642 4228 te
659 4184 810 4246 genusque
833 4171 915 4221 tuum
939 4159 1125 4234 conveniunt,
1148 4182 1207 4221 non
1221 4161 1251 4221 in

150 4283 215 4328 me.
237 4265 275 4323 Et
284 4275 392 4336 amen,
403 4261 607 4333 Athenienses,
619 4261 661 4321 sic
672 4279 702 4319 se
710 4277 756 4317 res
768 4256 866 4315 habet.
895 4252 961 4312 Hoc
971 4273 1028 4333 ego
1037 4253 1197 4314 convicium
1213 4255 1250 4312 ah

124 4387 125 4390 ¹
148 4355 343 4420 accusatione
360 4354 473 4416 differre
487 4354 618 4428 arbitror,
639 4349 718 4430 quod
732 4346 880 4408 accusatio
901 4345 1021 4406 crimina
1040 4344 1249 4423 complectitur,

664 4445 683 4498 2
705 4461 723 4500 a
