2920 4950
210 324 250 384 ss
508 405 512 412 ¹
595 316 836 384 ιιιιιιιιιοι
859 313 914 380 ιιι

26 505 38 512 ·
117 537 121 546 ,
210 476 241 538 in
254 497 360 540 mream
374 472 543 540 eohrmnam
561 477 687 540 mmsum
700 477 730 538 in
745 496 811 538 erce
825 475 1017 546 collocarunt,
1030 491 1091 532 non
1104 469 1229 554 stipsis
1245 471 1309 532 usui

212 581 399 633 esset-nam
414 571 461 633 rel
475 573 539 632 sine
552 571 602 631 illo
617 573 725 652 scripto
739 575 819 630 recta'
832 565 1092 646 sentiebant—sed
1103 575 1137 624 ut
1145 584 1197 625 vos
1208 585 1307 624 monu-
1329 591 1331 594 ·

183 707 187 724 .
213 673 313 726 menta
326 674 357 724 et
370 665 504 744 exempla
515 663 674 738 haberetis,
692 672 804 742 quanta
823 683 869 724 res
890 661 965 722 tales
984 658 1167 721 solicitudine
1181 658 1240 718 sint
1259 679 1309 718 cu-

215 757 334 827 rande·
349 757 430 825 Quid
444 758 533 836 igitur
547 757 588 818 eit
600 757 674 818 illud
689 755 852 838 scriptum?
871 753 1030 824 Arthmius,
1044 753 1146 830 inquit,
1163 751 1308 830 Pythona·

216 850 273 912 etis
296 849 373 912 filius
396 849 501 914 Zelites
525 849 737 929 ignominiosus
764 859 829 908 esto
851 855 882 907 et
902 855 956 926 pro
973 845 1059 906 hoste
1077 843 1202 904 habetor
1213 842 1310 924 populi

215 941 400 1006 Atheniensis
410 951 441 1003 et
450 942 595 1008 sociorum
608 944 672 1022 ipse
682 952 712 1002 e't
722 961 816 1021 genus
824 939 897 1020 ejus.
914 937 1029 998 Deinde
1039 945 1184 997 causaest
1196 937 1310 1016 scripte,

213 1045 334 1114 ‘propter
344 1053 432 1114 quam
443 1054 480 1094 ea
489 1034 567 1096 facta
580 1047 667 1096 sunt:
686 1034 768 1114 qnod
782 1052 885 1094 aurum
899 1030 1023 1092 allodis
1037 1031 1067 1090 in
1079 1030 1310 1108 Peloponnesum

214 1127 303 1188 vexit.
325 1126 393 1194 Hoc
406 1127 548 1208 scriptum
560 1127 633 1186 illud
644 1136 699 1188 est.
732 1126 926 1188 Considerate
939 1123 1028 1204 igitur
1040 1123 1177 1204 perdens
1189 1131 1220 1188 et
1234 1121 1310 1202 cogi-

215 1230 276 1285 tate
291 1219 454 1292 vobiscum,
474 1239 543 1299 qum
562 1239 646 1280 mens
659 1220 748 1280 fuerit
761 1218 984 1278 Atheniensium
998 1217 1074 1276 iliius
1097 1216 1250 1295 temporis,
1265 1213 1313 1294 qui

216 1312 288 1373 talia
304 1312 445 1386 iacerent,
464 1331 568 1390 quoave
582 1313 719 1392 dignitas.
755 1312 801 1400 Illi
823 1309 949 1372 Zelitam
972 1309 1118 1388 quendam
1139 1309 1312 1378 Arthmium,

216 1425 331 1471 servum
345 1404 555 1484 regis-Zelea
574 1405 651 1466 enim
673 1405 753 1465 Asiae
777 1414 824 1464 est
842 1402 1034 1484 oppidum—7
1052 1403 1131 1482 quod
1151 1401 1192 1461 de
1205 1400 1315 1462 domini

216 1498 356 1560 mandato
378 1515 482 1558 eurum
494 1499 624 1558 vexisset
637 1498 666 1558 iu
687 1497 935 1578 Peloponnesum,
957 1516 1016 1556 non
1037 1497 1186 1568 Athenas,
1199 1495 1313 1555 hostem

216 1590 442 1672 pronuntiarunt
455 1601 484 1650 et
494 1609 580 1651 suum
588 1589 618 1651 et
625 1591 769 1654 sociorum
778 1591 880 1670 ipsum·
886 1598 916 1651 et
925 1609 1020 1668 genus
1030 1589 1103 1669 ejus,
1115 1601 1146 1650 et
1159 1589 1314 1669 ignominis

216 1668 366 1754 notarunt.
388 1683 425 1743 lu
438 1704 507 1744 vero
520 1702 581 1744 non
593 1701 666 1744 merc
678 1683 777 1755 estid,
790 1682 869 1762 quod
889 1683 1044 1762 quisquam
1060 1682 1250 1761 ignominiam
1264 1701 1316 1761 sp-

217 1776 357 1857 pellsret:
378 1775 450 1855 quid
464 1777 540 1836 enim
555 1775 654 1836 Zelitae
674 1776 753 1836 illius
766 1776 917 1848 intererat,
938 1776 964 1834 si
980 1776 1131 1854 republica
1141 1775 1316 1834 'Atheniensi

218 1889 278 1938 uon
288 1868 451 1942 fruereturi
471 1869 611 1949 scriptum
622 1869 710 1949 igitur
719 1868 776 1929 hoc
790 1879 850 1928 nort
864 1869 938 1942 vult,
949 1867 1003 1928 sed
1015 1869 1046 1928 in
1059 1869 1175 1948 legibus
1185 1869 1225 1928 de
1237 1869 1317 1928 crede
1334 1916 1336 1921 .

219 1972 268 2023 est
280 1961 337 2022 hoc
347 1961 455 2022 diseme
464 1962 603 2041 positum,
616 1979 739 2041 quorum
747 1961 992 2040 eausa'legislotor
1003 1960 1134 2022 actiones
1147 1961 1240 2020 caedis
1254 1960 1316 2020 nul-

219 2054 263 2123 las
277 2055 339 2129 dat,
353 2074 428 2134 quos
441 2065 540 2124 tamen
550 2054 683 2116 occidere
697 2054 871 2128 frescanet
884 2053 1262 2132 ignominie-notatus,
1274 2054 1316 2114 in·

219 2149 294 2230 quit,
308 2148 516 2224 moriatur:
538 2147 661 2228 proinde
675 2146 765 2208 endis
778 2147 904 2208 absolvit
917 2165 995 2219 eum,
1012 2147 1062 2224 qui
1075 2146 1178 2208 horum
1192 2147 1317 2226 aliquem

217 2241 367 2324 occiderit.
390 2242 495 2321 Itaque
507 2243 654 2320 putebant
663 2241 704 2301 illi
718 2239 808 2302 totius
823 2239 946 2300 Graeciee
957 2239 1149 2300 salummsibi
1163 2259 1245 2300 curse
1254 2259 1324 2300 esse,

118 2409 120 2414 s
220 2344 370 2414 oportere3
391 2353 487 2414 nsque
512 2335 591 2394 enim
608 2343 774 2406 curassent,
793 2331 896 2411 siquis
924 2332 954 2391 in
976 2331 1182 2411 Peloponneso
1204 2333 1318 2412 aliquos
1434 2413 1435 2420 ἵ

220 2438 330 2490 emeret
347 2437 378 2490 et
389 2436 601 2507 corrumperet,
624 2426 678 2488 uisi
698 2428 739 2488 ite
753 2425 931 2490 sensissent:
951 2425 1123 2504 'puniebant
1140 2435 1242 2486 eutem
1260 2437 1324 2484 tam·

220 2521 346 2602 graviter
367 2531 455 2600 atque
471 2520 530 2610 ulti
552 2530 622 2581 sunt
641 2531 702 2592 eos,
724 2539 799 2599 quos
818 2527 1005 2598 corruptores
1021 2539 1088 2579 esse
1107 2519 1321 2598 animadverte·

218 2624 294 2686 rant,
308 2624 342 2673 ut
354 2613 442 2674 etiem
455 2613 486 2672 in
500 2613 644 2674 columnis
663 2613 888 2692 proscriberent.
919 2611 994 2680 Quoe
1007 2611 1205 2684 cnm'iierent,
1220 2613 1320 2672 mento

220 2707 337 2768 Graecia
345 2706 470 2768 barbaro
478 2706 750 2782 eratformidabilis,
760 2727 818 2767 non
827 2707 971 2767 barbarus
980 2705 1106 2766 Graecis.
1134 2705 1225 2785 Nunc
1235 2725 1319 2767 secus

109 2821 112 2826 ·
219 2803 268 2862 iit:
290 2817 352 2862 non
364 2802 446 2870 eninr
455 2801 496 2860 ita
508 2817 560 2862 vos
575 2801 647 2862 estis
661 2800 766 2860 animis
776 2799 874 2860 affecti
884 2800 931 2860 vel
945 2799 975 2858 in
988 2799 1034 2858 his
1043 2799 1089 2859 vel
1102 2793 1217 2859 caeteris
1232 2801 1261 2860 in
1278 2819 1326 2859 re·.
1434 2785 1435 2792 ι

218 2895 287 2964 bus,
302 2892 354 2956 sed
372 2892 541 2972 quomodo?
561 2893 655 2952 nostis
669 2892 743 2972 ipsi:
765 2891 836 2970 quid
856 2891 934 2952 enirn
950 2891 1054 2951 attinet
1072 2910 1125 2950 vos
1145 2891 1270 2970 singulis
1284 2891 1320 2951 de
1434 2909 1435 2916 ¹

220 2988 307 3058 rebus
321 2985 481 3052 accusare?
503 2985 619 3044 Eadem>
629 2985 715 3066 plane
730 2999 786 3046 neo
796 2983 954 3045 meliorest
967 2993 1137 3045 ceterorum
1149 2983 1321 3044 Graecornm
1432 2975 1435 2990 ‘

220 3081 351 3142 omnium
365 3079 448 3142 rstio.
472 3080 663 3158 *Quapropter
671 3098 728 3158 ego
737 3094 836 3138 assero
850 3097 957 3156 magna
967 3095 1036 3136 cura
1046 3095 1134 3156 egere
1145 3087 1321 3154 pressentem

221 3193 319 3246 rerum
330 3183 441 3238 statum
454 3182 485 3232 et
503 3169 626 3251 sapienti
644 3170 777 3230 consilio.
805 3170 963 3239 Quodnam
977 3169 1044 3230 dico
1066 3165 1229 3230 considam?
1250 3167 1322 3228 Vul-

220 3267 297 3338 tisne
311 3273 342 3323 ut
351 3266 465 3326 edomet
477 3284 535 3325 non
550 3261 734 3324 irascemini?
756 3300 760 3306 -

538 3421 576 3498 (ιι
599 3418 765 3485 usuum
792 3391 989 3497 ιιιιιιιιι

231 3531 312 3590 10.
334 3515 389 3585 Est
398 3525 621 3604 autemineptns
630 3525 749 3612 quidam
757 3545 852 3588 sermo
867 3527 936 3586 eb”
919 3548 953 3587 ns
967 3527 1098 3608 prolatus
1113 3547 1163 3608 qm
1154 3525 1324 3588 consolari
1434 3505 1435 3542 i

203 3583 323 3702 solunt
338 3618 495 3687 civitatem,
517 3617 684 3700 Philippum
696 3619 829 3680 nondum
849 3639 914 3680 esse
930 3621 1028 3693 talem,
1046 3621 1148 3700 quales
1164 3619 1323 3700 aliquando

217 3711 327 3773 fuerint
340 3708 570 3783 Lacedaemonii,
588 3711 639 3790 qui
660 3721 691 3772 et
707 3712 781 3772 mari
799 3709 1021 3774 dominarentur
1041 3723 1071 3774 et
1087 3724 1165 3774 terra
1179 3716 1324 3782 universa,

158 3819 167 3835 ·
218 3804 269 3884 qui
291 3823 391 3897 regern
410 3801 557 3860 Persarum
578 3802 690 3862 socium
712 3804 865 3876 haberent,
842 3806 990 3884 tquibus
1010 3806 1082 3866 nihil
1101 3806 1275 3866 obsisteret:
1296 3815 1326 3864 et

219 3899 394 3958 tamenillos
414 3895 587 3978 repressisse
604 3906 734 3984 nostram
745 3899 902 3971 civitatem,
918 3909 948 3959 et
962 3920 1021 3959 non
1037 3902 1186 3982 abreptam
1199 3901 1324 3960 fuisses
1434 3883 1435 3916 ³

219 3987 327 4050 medio.
369 3989 609 4068 Egovero,cum
626 3990 732 4060 omnia,
752 3992 1013 4052 utinuniversnm
1032 3993 1324 4071 dicam,magna1n
1434 4043 1435 4074 r

220 4091 369 4143 crementa
383 4082 522 4160 ceperint,
539 4091 569 4142 et
584 4082 650 4142 haec
664 4069 808 4144 ueteribus
823 4085 905 4144 nulla
918 4105 949 4144 re
964 4085 1068 4146 similia
1083 4087 1152 4157 sint,
1166 4085 1242 4146 nihil
1256 4105 1323 4148 esse
1434 4135 1435 4164 ,

217 4173 313 4252 magis
331 4170 407 4232 arbit
395 4183 464 4244 tror,
480 4194 569 4254 quarn
587 4195 634 4235 res
650 4177 783 4250 bellicas,
805 4186 947 4237 mutatum
968 4188 997 4238 et
1017 4189 1149 4238 auctum.
1191 4178 1325 4238 Primum
1434 4165 1435 4218 i

218 4270 296 4343 enim
318 4265 405 4326 audio
426 4266 669 4329 Lacedaemonios
693 4280 764 4329 tunc
788 4280 818 4329 et
839 4289 939 4329 omnes
962 4271 1097 4345 Graecos,
1121 4280 1252 4351 quatuor
1277 4281 1328 4332 aut
1434 4285 1435 4328 ss

218 4362 347 4440 quinque
359 4379 487 4428 menses,
500 4359 593 4438 ipsam
607 4371 810 4444 tempestatem
820 4363 961 4434 aestivam,
974 4363 1140 4442 [militasse3
1156 4369 1190 4424 ac
1206 4384 1261 4444 per
1271 4364 1327 4424 hoc

196 4527 198 4532 Ι
219 4451 351 4532 tempus]
369 4451 480 4534 impetu
504 4452 582 4513 iacto
602 4463 633 4514 et
650 4454 779 4516 hostium
796 4454 915 4536 regione
936 4456 1090 4530 devastata
1110 4456 1279 4538 legiombus
1299 4464 1330 4516 et
1434 4445 1435 4510 ἓ
