2912 4946
182 267 242 327 sao
368 253 398 324 ’.
433 265 602 363 ιιοιιιιιι
626 251 981 327 Anrsroououau
1004 259 1031 318 ι·

525 529 526 532 ’
614 533 855 596 DEGRETUM.

230 679 277 736 14
299 677 340 738 Et
353 695 411 736 non
424 675 543 756 pudeat,
558 676 762 750 Athenienses,
776 693 842 735 cum
854 647 995 733 homines
1013 647 1131 752 propter
1147 668 1307 776 improbi-

182 781 279 832 tatem
292 782 322 832 et
335 771 498 832 foedissima
507 771 637 830 facinora
647 769 773 849 conjecti
785 769 816 828 iu
829 785 985 838 carcerem,
995 775 1077 824 tanto
1091 765 1175 824 istum
1187 781 1221 822 se
1232 764 1311 823 im-

187 864 351 944 probiorem
365 881 434 922 esse
452 861 599 932 duxerint,
614 839 648 920 dt
661 880 738 940 aqua
751 870 782 920 et
801 859 862 938 igni
881 857 1094 928 interdixerint,
1115 855 1139 913 si
1160 874 1213 915 vos
1235 873 1308 912 ax-

86 1015 89 1023 ,
187 955 306 1036 pulsum
320 973 387 1014 aum
401 943 526 1034 legibus
537 974 574 1014 ex
589 951 766 1032 republica
759 959 790 1011 ru
803 960 934 1011 vestrum
948 967 1102 1008 numerum
1110 945 1312 1024 recipietis?

101 1115 103 1123 ‚
189 1047 313 1114 Quod'
288 1067 352 1128 eJus
365 1047 493 1122 facinus,
505 1065 592 1125 quam
602 1045 671 1105 vitae
684 1043 825 1104 rationem
835 1040 1013 1104 laudabitis?
1035 1039 1172 1118 Autquid
1186 1041 1311 1119 potius

189 1140 320 1213 omnium
340 1155 400 1198 uon
421 1158 499 1218 aegre
523 1137 644 1198 feretis?
674 1137 809 1196 Noune'
802 1137 907 1216 impius
929 1133 994 1195 esti
1016 1135 1122 1196 Nonne
1139 1132 1309 1192 crudelis?

190 1231 300 1306 Nonne
314 1229 466 1310 impurus?
489 1227 596 1288 Nonne
615 1226 832 1293 calumniatori
853 1228 891 1285 Et
910 1239 1009 1286 tamen
1026 1225 1093 1284 talis
1108 1243 1174 1284 cunr
1194 1225 1246 1295 sit,
1266 1235 1311 1286 et

188 1322 262 1382 talia
275 1322 420 1400 designet,
434 1322 463 1381 in
485 1321 624 1382 omnibus
634 1340 748 1400 semper
762 1319 953 1382 concionibus
967 1319 1108 1390 clamitat,
1130 1336 1185 1395 ego
1208 1317 1310 1402 solua

190 1414 289 1474 adhuc
312 1413 407 1488 vobis¹
421 1414 497 1474 bene
517 1413 620 1492 cupio:
642 1432 742 1473 omnes
762 1412 811 1472 isti
830 1411 1051 1492 conspirarunt:
1072 1409 1179 1490 proditi·
1198 1411 1312 1472 estis:
1347 1426 1350 1432 '

191 1504 257 1566 sola
268 1525 334 1583 mea
343 1505 547 1574 benevolentia
560 1517 606 1565 est
620 1505 742 1584 reliqua.
768 1503 918 1584 Inquiram
929 1513 1027 1562 autem
1042 1502 1073 1561 in
1086 1503 1312 1564 vehementem

191 1597 279 1657 istam
301 1596 365 1675 ejus
379 1606 410 1658 et
416 1592 574 1676 ingentem¹
588 1595 833 1666 benevolentiam,
847 1595 926 1655 uude
937 1614 979 1654 sa
988 1598 1037 1668 ιιι
1051 1603 1082 1656 et
1090 1594 1168 1654 unde
1188 1613 1311 1656 revera

193 1701 288 1748 ortum
302 1689 429 1780 ιιιιιιιιιι,
441 1688 513 1748 utri
527 1697 573 1748 est
587 1688 665 1760 talis,
684 1709 721 1748 aa
737 1688 860 1748 utamini
878 1697 910 1748 ct
928 1687 996 1748 freti
1010 1687 1093 1746 ιιιιι.
1108 1687 1159 1754 sin
1181 1687 1312 1762 miuus,

193 1781 235 1840 uti
250 1761 390 1844 caveaiis.
411 1780 553 1858 Nunquid
567 1781 646 1851 iude,
660 1779 741 1858 quod
754 1789 867 1859 patrem
880 1780 944 1860 ejus
958 1780 1060 1858 capitis
1075 1779 1250 1848 damnastis,
1273 1793 1312 1842 et

174 1913 176 1917 ν
192 1883 315 1933 matrem
334 1873 574 1952 ejusconvictarn
588 1872 719 1936 desertae
727 1873 871 1932 clientelae
893 1871 1074 1942 vendidistis,
1095 1863 1215 1950 propter
1229 1872 1312 1933 lraec

193 1966 358 2042 eum-vobis
381 1965 455 2024 bene
476 1963 549 2026 velle
571 1964 761 2026 existimetis?
781 1965 823 2024 At
843 1965 909 2037 hoc,
930 1965 973 2024 ita
992 1963 1174 2042 meJupiter
1193 1964 1312 2044 diique

194 2075 297 2118 omnes
311 2067 419 2128 ament,
434 2057 595 2116 absurdum
609 2066 664 2116 est.
694 2056 771 2116 Nam
786 2056 811 2116 si
824 2055 880 2116 illis
889 2057 968 2116 bene
982 2055 1073 2135 cupit,
1086 2065 1117 2114 et
1128 2055 1227 2133 legem
1242 2077 1313 2118 na-

197 2160 270 2210 turae
284 2159 392 2221 tuetur,
408 2170 474 2228 quas
487 2169 548 2210 una
559 2159 589 2210 et
600 2149 768 2220 bominibus
782 2158 813 2209 et
826 2149 893 2217 ieris
909 2169 945 2208 ex
962 2169 1049 2226 aequo
1062 2159 1108 2208 est
1121 2149 1249 2219 sancita,
1270 2163 1314 2212 ut

196 2253 331 2323 parentes
340 2242 475 2320 diligant
484 2242 561 2302 male
572 2242 662 2302 vult
645 2262 690 2314 ns
704 2261 754 2320 qur
745 2241 831 2301 rllos
844 2251 1040 2321 peremerunt.
1064 2243 1213 2330 Apparet
1206 2242 1311 2320 igitur

196 2335 301 2395 eodem
316 2354 381 2397 esse
392 2335 490 2394 animo
504 2334 578 2394 etin
597 2335 689 2423 leges,
704 2343 735 2392 et
746 2334 776 2392 in
787 2329 1004 2439 rempublicam
1012 2323 1146 2394 illorum:
1167 2333 1216 2392 siu
1230 2337 1313 2396 nul·

167 2467 169 2474 ι
196 2419 256 2487 lam
269 2427 374 2486 horum
388 2429 530 2486 rationem
544 2425 635 2498 ducit,
658 2445 797 2505 perquam
816 2419 1004 2497 seirevelirn,
1022 2425 1182 2504 quiscum,
1205 2447 1311 2507 quern

111 2539 115 2546 ·
195 2518 451 2580 benevolentiam
444 2541 474 2578 ιιι
488 2529 624 2598 parentes
638 2518 783 2598 abjecisse
796 2516 918 2590 videret,
934 2539 969 2578 aa
982 2539 1047 2578 esse
1057 2517 1224 2599 praeditum,
1237 2541 1313 2600 qua

198 2633 230 2674 se
254 2611 394 2690 populum
410 2628 489 2672 nunc
503 2609 639 2688 prosequi
648 2609 753 2688 jactat,
767 2610 908 2697 crederet,
944 2611 1086 2689 Equidem
1106 2610 1217 2671 adduci
1237 2634 1310 2674 non

196 2723 329 2783 possum,
339 2713 370 2762 et
382 2702 437 2761 diis
451 2703 576 2762 invisum
591 2721 651 2760 uon
663 2701 940 2773 modo‘homiuibus,
954 2721 1020 2762 eum
1030 2723 1096 2762 esse
1108 2713 1190 2782 puto,
1205 2725 1225 2763 a
1237 2727 1309 2784 quo

196 2804 332 2883 parentes
346 2793 545 2873 negligantur.
580 2793 620 2854 At
632 2793 752 2854 hercule
766 2795 846 2872 quod
870 2795 933 2870 ejus
948 2787 1109 2855 delationes
1123 2796 1310 2872 damnastis}

113 2953 120 2960 ,
197 2887 277 2967 quod
292 2887 336 2946 bis
358 2887 387 2946 in
408 2905 555 2946 carcerem
571 2887 751 2967 conjecistis,
765 2896 796 2945 et
813 2887 920 2965 ipsum,
943 2895 974 2946 et
990 2887 1118 2959 fratrem,
1139 2901 1309 2968 propterea

118 3019 121 3024 ·
198 2979 368 3042 vobisbcne
381 2977 484 3058 cupiti
506 2977 566 3038 Sed
580 2977 680 3062 et'hoe
689 2978 849 3038 absurdum
863 2975 918 3040 est.
939 2979 988 3038 Aa
1001 2969 1081 3057 quod
1095 2979 1310 3058 magistratum

198 3075 249 3152 qui
264 3073 291 3134 ei
305 3083 383 3142 sorte
393 3063 561 3142 obvenerat,
573 3069 755 3148 abnegastis?
777 3071 827 3130 Αιι
838 3072 916 3150 quod
928 3071 1101 3133 violatarum
1113 3073 1214 3152 legum
1225 3094 1308 3136 con-

199 3163 380 3226 demnastis?
400 3164 447 3236 An
461 3163 542 3242 quod
555 3163 683 3241 quinque
698 3162 816 3222 talentis
829 3163 1014 3224 mulctastisi
1036 3165 1181 3243 Aequod
1199 3165 1309 3246 digitis

199 3279 267 3320 eum
281 3256 466 3327 monstratis,
474 3275 542 3314 curn
560 3264 722 3313 monstrare
743 3255 830 3314 vultis
852 3256 982 3314 omnium
1004 3256 1198 3316 mortalium
1189 3278 1309 3339 impres

196 3349 375 3436 ¹bissimumi
396 3350 443 3407 Αιι
458 3348 537 3427 quod
552 3347 638 3406 salvis
658 3347 784 3424 legibus,
804 3358 835 3408 et
848 3349 999 3428 republica
1018 3349 1165 3422 incolumi,
1179 3351 1269 3413 hac
1259 3377 1309 3436 rg-

200 3441 329 3502 nominia
350 3439 465 3510 liberari
482 3439 563 3498 nullo
581 3439 669 3498 modo
683 3440 803 3517 potasti
831 3441 893 3500 Gur
913 3441 1031 3500 tandem
1045 3441 1156 3500 vobis
1148 3454 1205 3504 rste
1224 3448 1308 3509 bene

196 3532 303 3614 cupiti
324 3531 416 3600 Quod
427 3550 459 3590 se
473 3531 674 3637 impudentem
696 3551 763 3590 esse
766 3531 905 3604 latetur?
926 3534 966 3592 At
977 3525 1132 3611 impudens
1146 3555 1182 3594 ex
1197 3557 1260 3616 qua
1273 3561 1308 3601 re

200 3629 259 3688 alia
280 3625 590 3696 nomeuestsortitus,
610 3623 665 3686 nisi
685 3625 776 3702 quod,
798 3645 864 3704 quae
884 3645 981 3705 neque
1001 3637 1080 3699 sunt,
1101 3647 1198 3706 neque
1221 3632 1309 3694 facta

200 3730 280 3794 sunt,
290 3739 326 3780 ea
339 3719 436 3780 dicere
449 3717 547 3790 audet,
561 3729 679 3796 propter
693 3717 914 3796 impudentiam,
931 3719 959 3777 id
970 3717 1222 3798 quodistelaeiti

240 3815 293 3872 ·15.
308 3813 385 3892 dam,
397 3829 464 3890 quae
478 3809 509 3868 in
522 3809 711 3870 accusatione
725 3809 794 3868 mihi
809 3812 1026 3892 praetermittere
1040 3812 1122 3871 usus
1131 3815 1180 3872 est'
1191 3813 1307 3895 Lycur·

202 3925 267 3986 gos,
282 3925 317 3964 ea
330 3903 412 3964 vobis
427 3911 548 3982 praestat
571 3921 725 3980 expauere.
756 3903 890 3964 Arbitror
907 3903 983 3962 euim
1004 3897 1138 3982 oportere
1156 3925 1220 3978 vos,
1234 3909 1312 3969 tan-'

161 4003 166 4009 “
202 4017 290 4101 quam
304 3997 329 4056 si
343 3997 380 4054 de
383 3995 506 4099 'privato
519 3994 618 4074 aliquo
633 3992 732 4052 debito
744 4004 842 4054 vestro
865 4004 1012 4074 ageretur,
1030 3995 1074 4055 sic
1092 3996 1123 4054 in
1145 3996 1234 4058 istum
1258 4001 1307 4060 in-

200 4089 324 4170 quirere,
339 4087 411 4146 etin
426 4106 525 4146 causae
543 4085 641 4164 huJus
645 4087 824 4191 equitatem.
847 4087 958 4166 Siquis
973 4087 1061 4165 igitur
1077 4087 1232 4167 pecuniam
1247 4094 1305 4154 de·

187 4185 271 4243 'here
284 4181 411 4268 aliquem
426 4180 636 4272 criminaretur,
651 4178 675 4262 is
697 4198 766 4239 vero
780 4190 909 4258 negaret,
932 4201 956 4240 ιι
948 4181 1166 4259 proferrentur
1179 4185 1305 4262 tabuloe,

203 4258 366 4354 secundum
381 4267 456 4348 quas
469 4280 618 4330 mutuatus
633 4257 722 4343 esset,
736 4282 767 4331 et
779 4272 861 4331 affixi
873 4282 970 4332 essent
982 4272 1084 4347 libelli,
1098 4295 1164 4336 eum
1177 4280 1230 4356 qui
1248 4301 1305 4340 ne-

195 4377 297 4451 garet,
312 4362 419 4464 utique
430 4363 629 4456 impudentem
642 4365 801 4444 putaretis.
821 4367 866 4426 siu
885 4365 949 4427 heco
970 4365 1086 4462 sublata
1105 4380 1212 4445 essent,
1233 4393 1304 4450 euru
