2920 4950
517 269 836 374 ARGUMENTUM.

237 646 396 708 mnnnn
419 618 721 708 snonnenrnn
743 597 1107 710 monimentis

464 753 647 813 reantur
668 754 877 830 (emuntur).

143 929 295 978 Onansnns
305 931 409 990 Thraoiae
418 931 462 978 fuit
473 933 542 979 urbs:
560 947 610 979 eam
628 933 706 980 Graeoi
721 939 852 988 tenuerunt,
871 933 962 982 oriundi
973 935 1094 992 Cheloide,
1108 936 1171 998 quod
1182 945 1218 986 est
1285 951 1291 958 ·

123 1007 218 1055 Euhoeue
232 1005 355 1070 oppidum,
368 1010 543 1058 Atheniensium
561 1010 658 1057 oolunia.
692 1011 767 1057 Multa
784 1026 854 1073 porro
871 1017 895 1057 et
910 1013 1021 1073 praeelara
1036 1011 1140 1074 Olynthii
1157 1014 1220 1062 bells

123 1093 258 1145 gesserunt:
277 1085 460 1132 Atheniensibus
477 1087 540 1146 enim
558 1087 694 1133 restiterunt
710 1086 774 1142 olim,
789 1087 886 1134 Graeoiae
903 1087 1060 1149 prinoipatum
1079 1089 1219 1147 tenentibus,

123 1166 191 1221 atque
202 1161 290 1208 iterum
304 1162 504 1208 Laoedaemoniis't
519 1170 544 1210 et
563 1160 667 1222 nusquam
684 1163 775 1210 taudem
794 1163 874 1224 adepti
891 1165 1025 1224 potentiam,
1038 1149 1143 1226 ingratis
1162 1153 1219 1214 oili·

122 1235 207 1284 latihue
229 1237 385 1299 prefuerunt:
403 1253 449 1284 non
460 1235 533 1300 persa
544 1238 640 1286 enimin
651 1237 749 1285 'l'hrsoia
767 1237 907 1286 Chaloidioae
926 1240 1001 1301 gantis
1020 1241 1145 1290 multitudo
1161 1235 1216 1290 luit.

121 1313 187 1370 Post,
198 1313 257 1360 inita
268 1329 323 1360 oum
332 1313 445 1375 Philippo
456 1329 511 1374 rege
523 1314 669 1362 Maoedoniae
680 1313 800 1370 sooietate,
810 1315 915 1374 Olynthii
927 1331 979 1364 onrn
991 1331 1019 1364 eo
1034 1318 1135 1378 priunum
1147 1317 1218 1364 Athe·

121 1388 240 1436 niensihus
252 1405 316 1436 mma
327 1390 464 1437 intulerunt:
482 1393 558 1452 obque
566 1391 592 1438 id
602 1391 759 1446 Anthemunte
771 1389 859 1452 oppido
869 1398 973 1452 anoepto,
989 1393 1019 1439 de
1037 1409 1082 1454 quo
1094 1393 1154 1440 inter
1165 1394 1217 1442 lila-
1248 1453 1251 1460 Ι

120 1467 222 1514 oeduuae
235 1473 260 1513 et
279 1469 344 1530 ipsos
354 1468 471 1522 eontentio
489 1469 574 1524 luerat,
589 1467 692 1528 itemque
704 1467 820 1534 Potidaea,
831 1483 899 1528 quam
920 1469 1051 1531 Philippus,
1063 1479 1217 1541 expugnatam

119 1549 270 1604 ereptamque
283 1531 472 1600 Atheniensibus,
484 1541 601 1604 Olynthiis
613 1542 849 1600 tradideret,tandem
860 1551 994 1615 suspectum
1005 1547 1089 1595 habere
1099 1559 1218 1610 uteperuut

119 1635 206 1681 regem,
218 1620 283 1680 quod
295 1627 320 1666 et
328 1635 411 1682 magna
420 1623 470 1681 ejus
486 1621 607 1681 subitaque
619 1620 769 1674 inorementa,
780 1626 804 1666 et
815 1634 896 1680 paruus
912 1609 981 1667 lidum
992 1637 1045 1670 esse
1056 1623 1174 1684 ingenium
1184 1627 1218 1674 si·

120 1697 214 1745 derent.r
241 1695 378 1745 'obserasto
392 1698 464 1759 igitur
481 1703 596 1759 tempore,
612 1695 658 1759 quo
674 1696 694 1744 is
710 1699 809 1757 peregre
826 1697 927 1753 abesset,
943 1697 1024 1746 missis
1040 1699 1125 1762 legetis
1136 1717 1216 1763 paoem

119 1789 170 1820 ousn
179 1773 363 1822 Atheniensibus
374 1775 486 1832 fecerunt,
496 1775 519 1822 in
531 1789 577 1835 quo
587 1774 660 1821 lotum
670 1787 724 1820 oum
735 1772 847 1834 Philippo
858 1775 934 1822 ltndus
943 1775 1074 1824 uiolarunt:
1085 1779 1149 1840 paoti
1157 1780 1216 1830 enim

118 1851 219 1909 inerant,
229 1866 255 1898 se
268 1851 420 1898 communiter
431 1851 516 1899 ballum
534 1858 558 1898 et
577 1856 682 1912 gesturus
691 1865 755 1896 oum
768 1849 959 1907 Atheniensibus,
977 1857 1010 1908 et,
1028 1853 1049 1899 ei
1068 1853 1132 1902 aliud
1143 1856 1216 1906 visun

119 1933 189 1982 esset,
200 1927 355 1976 communiter
366 1928 543 1989 compositurus.
576 1927 702 1987 Philippus
714 1931 801 1982 sutem,
814 1926 955 1989 jampridem
978 1943 1071 1976 oausam
1083 1938 1164 1978 uonna
1174 1947 1220 1998 eus.

119 2005 254 2063 quaeritans,
261 2013 311 2053 turn
322 2005 380 2053 sero
388 2007 447 2053 hane
455 2011 545 2061 neotus,
556 2003 643 2051 bellum
652 2003 696 2061 eis,
706 2009 733 2052 ut
742 2001 880 2064 leedilrsgis,
887 2010 912 2051 et
923 2020 974 2052 oum
983 2005 1091 2056 hostibus
1100 2007 1150 2055 suis
1162 2009 1216 2058 ami·

117 2079 277 2129 oitiae'l'aedere
288 2083 427 2144 oonjnnutis,
438 2082 516 2130 infert.

149 2161 370 2224 Querebilegatos'
381 2160 484 2208 Athenas
494 2159 589 2206 mittunt
600 2159 629 2206 sd
640 2161 764 2219 petendum
778 2157 899 2207 a'usiliusu.
936 2159 972 2207 iis
992 2161 1163 2215 Demosthenes
1176 2177 1217 2224 ps-
1311 2197 1313 2200 -

118 2239 254 2295 nooinatur,
266 2244 291 2284 et
301 2253 370 2299 opem
380 2239 441 2296 serre
447 2238 517 2298 jubet
527 2236 655 2298 Olynthiis,
665 2239 727 2298 quod
746 2238 769 2284 in
788 2253 868 2284 eorum
887 2236 960 2284 salute
972 2238 1004 2286 sit
1014 2239 1092 2310 posits
1104 2241 1214 2292 seouritu

117 2314 303 2362 Atheniensium.
335 2315 458 2380 Nunquam
469 2313 527 2361 enim
540 2312 686 2373 Philippum,
699 2313 769 2375 salsis
789 2311 917 2373 Olynthiis,
928 2313 952 2358 in
964 2314 1065 2361 Attioam
1077 2323 1213 2365 venturum:

118 2391 274 2438 Athenienses
290 2396 366 2438 sutem
378 2390 638 2437 fsuultatemhahituros
647 2403 699 2435 esse
711 2388 834 2452 navigandi
843 2389 866 2435 in
876 2389 1044 2450 Maoedouiam,
1062 2397 1131 2451 atque
1148 2394 1172 2440 in
1189 2407 1214 2453 es

119 2467 215 2528 gerendi
231 2467 304 2515 belli:
322 2467 356 2514 siu
369 2469 424 2515 urba
435 2465 509 2514 haeo‘u
519 2466 631 2528 Philippo
642 2467 739 2512 suheots
754 2465 833 2521 inerit,
850 2473 953 2526 apertam
969 2481 1020 2513 esse
1037 2467 1099 2514 riam
1117 2469 1168 2530 regi
1187 2471 1222 2536 ad¹

117 2543 261 2592 invadendus
271 2545 432 2593 Athenienses.
459 2529 537 2604 Negat
547 2549 623 2590 autern
635 2542 770 2605 Philippum
781 2551 827 2588 tam
839 2531 948 2606 superath
956 2558 1008 2591 esse
1016 2543 1214 2606 difficilem,qusss

118 2626 225 2681 putetur:
243 2627 270 2668 ut
281 2621 369 2668 unimus
381 2627 526 2668 ooutraourn
542 2619 612 2666 iaoist
624 2619 810 2666 Atheniensibus.
1212 2629 1214 2632 ·

149 2697 254 2744 Disserit
275 2697 344 2744 etiam
365 2697 396 2744 de
412 2696 510 2758 peouuia
530 2695 640 2758 publius3
665 2695 803 2756 suadetque,
820 2701 848 2743 ut
870 2710 884 2742 a
908 2695 1050 2757 spe'otaoulis
1074 2699 1102 2744 ad
1125 2699 1213 2748 militina

119 2787 185 2822 usum
196 2774 359 2822 transferetur.
393 2774 427 2820 Ao
438 2789 534 2830 mosem,
549 2789 595 2834 quo
606 2771 760 2819 Athenienses
770 2772 886 2833 quondam
903 2781 957 2820 suust
974 2774 1017 2829 usi,
1034 2774 1111 2822 minus
1127 2783 1215 2835 notuus,

120 2850 235 2912 explioari
247 2867 344 2897 neeesse
355 2857 398 2898 est.
431 2847 489 2898 Cum
501 2849 555 2896 olim
565 2863 610 2895 non
622 2863 716 2894 saxeum
730 2857 792 2894 esset
802 2850 862 2909 apud
882 2864 922 2895 eos
934 2849 1057 2907 theatrum,
1078 2854 1119 2900 sed
1137 2868 1167 2900 ex
1188 2855 1216 2905 li·

120 2917 183 2988 queis
191 2917 554 2986 tabulisooaseetum,onunesque
565 2925 642 2972 looum
650 2939 766 2985 occupare
775 2931 933 2986 properarent,
945 2932 968 2973 et
980 2927 1123 2985 verberibus,
1134 2931 1213 2978 etsul·
1225 2991 1227 2998 y

119 3006 221 3062 neribus,
232 3006 301 3053 etiam
312 3005 440 3060 interdum,
452 3005 492 3051 alii
501 3005 563 3051 alios'
576 3003 713 3050 alliciebant.
747 3001 816 3059 Quod
838 3018 890 3050 oum
905 3004 1028 3064 prohibere
1039 3007 1127 3054 vellent
1142 3009 1216 3070 megi·

121 3089 203 3132 stratus
212 3083 398 3141 Atheniensium,
410 3081 500 3130 venalis
510 3083 616 3128 fecarunt
626 3081 687 3136 looa,
698 3085 723 3126 nt
731 3095 806 3136 nemo,
817 3080 866 3126 nisi
878 3081 938 3127 binis
950 3081 1025 3128 obolis
1036 3085 1169 3142 numeratis,
1180 3085 1210 3132 sd

121 3162 268 3223 speotsudum
277 3161 448 3209 admitteretur.
480 3161 518 3224 Ns
529 3173 585 3205 reno
597 3169 711 3218 pauperes
720 3172 748 3203 eo
766 3163 860 3218 sumptu
873 3156 946 3218 premi
964 3158 1104 3215 riderentur,
1121 3163 1209 3210 onusti·

119 3245 191 3286 tutum
199 3239 252 3294 luit,
263 3243 290 3285 ut
300 3255 314 3285 e
325 3237 420 3299 publico
429 3233 495 3284 binos
504 3235 559 3283 illos
570 3235 650 3281 obolos
660 3235 759 3294 quisque
769 3235 893 3295 soniperet.
926 3234 985 3291 Quas
996 3238 1148 3295 consuetudo,
1157 3239 1212 3288 inda

121 3322 174 3376 orta,
189 3331 218 3362 eo
239 3329 314 3375 usque
336 3314 460 3374 prooessit,
476 3321 557 3360 utnon
574 3313 604 3359 ob
620 3311 673 3358 loon
687 3311 801 3357 duntaxat
813 3309 951 3370 acciperent,
962 3314 1002 3358 sed
1019 3329 1114 3374 prorsus
1125 3330 1215 3364 ornnem

121 3393 238 3454 paeonium
245 3391 366 3454 publicam
379 3390 556 3437 distribuerent.
578 3389 648 3435 Unde
660 3386 729 3434 etiam
742 3387 770 3433 sd
782 3386 889 3434 militism
898 3403 980 3448 segnes
991 3389 1047 3436 fanti
1058 3397 1127 3438 sunt:
1143 3408 1211 3453 quarn
1228 3378 1230 3384 i

120 3470 176 3516 enim
185 3468 307 3530 peouniasn
320 3466 376 3514 olim
387 3473 481 3529 propter
491 3463 655 3526 expeditiones
666 3479 679 3510 e
691 3463 787 3524 publioo
798 3463 822 3510 in
835 3463 977 3524 sdpendium
987 3467 1141 3528 aoeipiebant‚
1159 3485 1210 3517 estu

120 3547 195 3594 tunsiu
207 3544 350 3609 speotaoulis
362 3549 385 3591 et
396 3544 463 3590 lestis
474 3543 541 3590 (lurni
550 3541 716 3604 partiebantur.
733 3540 850 3587 Nolebant
860 3539 932 3600 igitur
940 3543 987 3601 jam
1000 3543 1089 3604 egredi,
1100 3551 1125 3591 et
1134 3547 1212 3594 subire

120 3624 231 3682 perieulu:
250 3623 293 3670 sed
305 3622 412 3682 ellegesn
423 3621 539 3668 solverant
550 3621 579 3666 de
590 3618 697 3666 theatrali
707 3619 749 3664 hau
760 3618 865 3678 pecunia,
878 3635 929 3679 quoe
937 3627 1033 3688 mortem
1040 3622 1185 3669 minitaretur
1191 3625 1214 3670 ei

122 3700 156 3760 qui
170 3707 253 3748 auotor
264 3704 337 3755 esset,
346 3704 371 3745 nt
382 3713 410 3743 es
426 3697 450 3744 in
463 3702 565 3743 veterem
578 3694 682 3741 ordinem
692 3701 849 3754 reponeretur,
861 3694 971 3756 fieretque
983 3697 1096 3744 militaris.
1131 3698 1210 3755 Quare

121 3774 288 3824 Demosthenes
299 3780 366 3822 naute
377 3775 436 3822 hano
444 3773 535 3821 oonsilii
547 3779 637 3834 partem
647 3771 750 3832 attingit,
760 3786 832 3831 seque
842 3772 892 3832 ipse
903 3772 1056 3834 interrogans,
1065 3777 1130 3820 Tune
1135 3776 1213 3840 jubes,

120 3857 144 3896 ut
158 3852 208 3898 hese
223 3849 331 3898 militetis
349 3847 403 3897 fiat?
424 3849 559 3911 respondet,
578 3846 676 3894 Minime
694 3861 750 3893 vero
767 3847 882 3908 equidem
916 3851 992 3909 Atque
1003 3847 1053 3895 hseo
1063 3849 1093 3895 de
1105 3848 1213 3900 theatrali

121 3929 230 3988 pecunia*
452 3937 453 3940 ’

151 4005 251 4052 Disserit
272 4005 359 4060 Orator
379 4003 447 4050 etism
466 4003 496 4049 de
510 4002 605 4050 urbanis
624 4002 715 4064 oopiis;
731 4002 790 4066 ipsis
811 4001 902 4050 uiribus
920 4017 972 4049 esse
987 4000 1142 4058 militandum,
1167 4019 1212 4054 nun

120 4079 196 4144 (siouti
205 4078 326 4143 solebani)¹
333 4095 375 4141 per
390 4080 475 4128 milites
490 4079 627 4141 peregrinos
638 4095 706 4142 opem
718 4079 835 4128 lesendam
848 4093 959 4128 oensens:
976 4093 1026 4126 eam
1047 4079 1109 4126 enim
1121 4093 1214 4128 oausam

121 4171 170 4205 esse
181 4158 269 4218 asserit,
280 4173 324 4206 our
333 4171 372 4204 res
382 4157 442 4204 male
454 4162 556 4218 geratur.
