<?xml version="1.0" encoding="UTF-8"?>
<!DOCTYPE html PUBLIC "-//W3C//DTD XHTML 1.0 Transitional//EN"
    "http://www.w3.org/TR/xhtml1/DTD/xhtml1-transitional.dtd">
<html xmlns="http://www.w3.org/1999/xhtml" xml:lang="en" lang="en">
 <head>
  <title>
</title>
<meta http-equiv="Content-Type" content="text/html;charset=utf-8" />
  <meta name='ocr-system' content='tesseract 3.04.00' />
  <meta name='ocr-capabilities' content='ocr_page ocr_carea ocr_par ocr_line ocrx_word'/>
</head>
<body>
  <div class='ocr_page' id='page_1' title='image "./demosthenisetsc08ulpigoog/demosthenisetsc08ulpigoog_0327.png"; bbox 0 0 2932 4952; ppageno 0'>
   <div class='ocr_carea' id='block_1_1' title="bbox 193 238 1075 362">
    <p class='ocr_par' dir='ltr' id='par_1_1' title="bbox 193 238 1075 362">
     <span class='ocr_line' id='line_1_1' title="bbox 193 238 1075 362; baseline 0.003 -41"><span class='ocrx_word' id='word_1_1' title='bbox 193 261 317 328; x_wconf 47' lang='lat' dir='ltr'><strong>xalit,</strong></span> <span class='ocrx_word' id='word_1_2' title='bbox 594 238 769 322; x_wconf 72' lang='lat' dir='ltr'><strong>CONTRA</strong></span> <span class='ocrx_word' id='word_1_3' title='bbox 790 261 965 334; x_wconf 77' lang='lat' dir='ltr'><strong>niumm.</strong></span> <span class='ocrx_word' id='word_1_4' title='bbox 1068 343 1075 362; x_wconf 60' lang='lat'><strong>,</strong></span> 
     </span>
    </p>
   </div>
   <div class='ocr_carea' id='block_1_2' title="bbox 635 485 939 645">
    <p class='ocr_par' dir='ltr' id='par_1_2' title="bbox 635 485 939 645">
     <span class='ocr_line' id='line_1_2' title="bbox 635 485 939 645; baseline 0.007 -43"><span class='ocrx_word' id='word_1_5' title='bbox 635 629 670 644; x_wconf 15' lang='grc' dir='ltr'><strong>,μ</strong></span> <span class='ocrx_word' id='word_1_6' title='bbox 733 540 823 645; x_wconf 73' lang='lat' dir='ltr'><strong>unx.</strong></span> <span class='ocrx_word' id='word_1_7' title='bbox 874 485 939 500; x_wconf 24' lang='grc' dir='ltr'><strong>Μ</strong></span> 
     </span>
    </p>
   </div>
   <div class='ocr_carea' id='block_1_3' title="bbox 129 691 1327 1151">
    <p class='ocr_par' dir='ltr' id='par_1_3' title="bbox 129 691 1327 1151">
     <span class='ocr_line' id='line_1_3' title="bbox 129 691 1327 758; baseline 0.003 -14"><span class='ocrx_word' id='word_1_8' title='bbox 129 701 130 704; x_wconf 78' lang='grc'>’</span> <span class='ocrx_word' id='word_1_9' title='bbox 230 729 233 738; x_wconf 81' lang='grc'>.</span> <span class='ocrx_word' id='word_1_10' title='bbox 259 695 383 758; x_wconf 59' lang='lat' dir='ltr'><strong>uespera</strong></span> <span class='ocrx_word' id='word_1_11' title='bbox 394 694 462 752; x_wconf 76' lang='lat' dir='ltr'><strong>utut,</strong></span> <span class='ocrx_word' id='word_1_12' title='bbox 473 709 543 758; x_wconf 78' lang='lat' dir='ltr'><strong>quum</strong></span> <span class='ocrx_word' id='word_1_13' title='bbox 555 693 643 746; x_wconf 65' lang='lat' dir='ltr'><strong>aaut</strong></span> <span class='ocrx_word' id='word_1_14' title='bbox 660 693 777 744; x_wconf 71' lang='lat' dir='ltr'><strong>antistas</strong></span> <span class='ocrx_word' id='word_1_15' title='bbox 787 694 812 744; x_wconf 84' lang='lat' dir='ltr'><strong>in</strong></span> <span class='ocrx_word' id='word_1_16' title='bbox 823 694 914 742; x_wconf 64' lang='lat' dir='ltr'><strong>Piraeo</strong></span> <span class='ocrx_word' id='word_1_17' title='bbox 925 699 970 751; x_wconf 85' lang='lat' dir='ltr'><strong>est,</strong></span> <span class='ocrx_word' id='word_1_18' title='bbox 982 699 1007 742; x_wconf 86' lang='lat' dir='ltr'><strong>ot</strong></span> <span class='ocrx_word' id='word_1_19' title='bbox 1017 691 1130 752; x_wconf 81' lang='lat' dir='ltr'><strong>oomoedl,</strong></span> <span class='ocrx_word' id='word_1_20' title='bbox 1137 703 1162 742; x_wconf 84' lang='lat' dir='ltr'><strong>et</strong></span> <span class='ocrx_word' id='word_1_21' title='bbox 1178 696 1291 755; x_wconf 78' lang='lat' dir='ltr'><strong>tragoedi,</strong></span> <span class='ocrx_word' id='word_1_22' title='bbox 1301 699 1327 746; x_wconf 78' lang='lat' dir='ltr'><strong>et</strong></span> 
     </span>
     <span class='ocr_line' id='line_1_4' title="bbox 224 770 1323 840; baseline 0.001 -20"><span class='ocrx_word' id='word_1_23' title='bbox 224 784 278 820; x_wconf 82' lang='lat' dir='ltr'><strong>enm</strong></span> <span class='ocrx_word' id='word_1_24' title='bbox 289 773 373 822; x_wconf 72' lang='lat' dir='ltr'><strong>banea</strong></span> <span class='ocrx_word' id='word_1_25' title='bbox 383 783 470 835; x_wconf 86' lang='lat' dir='ltr'><strong>pompa</strong></span> <span class='ocrx_word' id='word_1_26' title='bbox 480 778 525 830; x_wconf 83' lang='lat' dir='ltr'><strong>est,</strong></span> <span class='ocrx_word' id='word_1_27' title='bbox 535 778 559 820; x_wconf 85' lang='lat' dir='ltr'><strong>et</strong></span> <span class='ocrx_word' id='word_1_28' title='bbox 569 772 678 835; x_wconf 71' lang='lat' dir='ltr'><strong>aegaei,</strong></span> <span class='ocrx_word' id='word_1_29' title='bbox 689 777 713 819; x_wconf 84' lang='lat' dir='ltr'><strong>et</strong></span> <span class='ocrx_word' id='word_1_30' title='bbox 723 771 864 827; x_wconf 79' lang='lat' dir='ltr'><strong>oomoedi,et</strong></span> <span class='ocrx_word' id='word_1_31' title='bbox 872 787 925 820; x_wconf 85' lang='lat' dir='ltr'><strong>oum</strong></span> <span class='ocrx_word' id='word_1_32' title='bbox 933 771 1027 840; x_wconf 73' lang='lat' dir='ltr'><strong>urbanis</strong></span> <span class='ocrx_word' id='word_1_33' title='bbox 1038 770 1225 820; x_wconf 70' lang='lat' dir='ltr'><strong>Bacchanalibus</strong></span> <span class='ocrx_word' id='word_1_34' title='bbox 1234 789 1323 836; x_wconf 76' lang='lat' dir='ltr'><strong>pompa</strong></span> 
     </span>
     <span class='ocr_line' id='line_1_5' title="bbox 224 845 1323 912; baseline 0.001 -16"><span class='ocrx_word' id='word_1_35' title='bbox 224 857 269 906; x_wconf 79' lang='lat' dir='ltr'><strong>est,</strong></span> <span class='ocrx_word' id='word_1_36' title='bbox 277 856 305 912; x_wconf 82' lang='lat' dir='ltr'><strong>et</strong></span> <span class='ocrx_word' id='word_1_37' title='bbox 314 846 381 911; x_wconf 87' lang='lat' dir='ltr'><strong>pueri</strong></span> <span class='ocrx_word' id='word_1_38' title='bbox 390 857 414 897; x_wconf 89' lang='lat' dir='ltr'><strong>et</strong></span> <span class='ocrx_word' id='word_1_39' title='bbox 422 856 506 912; x_wconf 70' lang='lat' dir='ltr'><strong>petus,</strong></span> <span class='ocrx_word' id='word_1_40' title='bbox 514 857 538 897; x_wconf 87' lang='lat' dir='ltr'><strong>et</strong></span> <span class='ocrx_word' id='word_1_41' title='bbox 554 845 663 905; x_wconf 80' lang='lat' dir='ltr'><strong>comoedi,</strong></span> <span class='ocrx_word' id='word_1_42' title='bbox 672 857 696 896; x_wconf 89' lang='lat' dir='ltr'><strong>et</strong></span> <span class='ocrx_word' id='word_1_43' title='bbox 706 849 814 912; x_wconf 62' lang='lat' dir='ltr'><strong>tragedi,</strong></span> <span class='ocrx_word' id='word_1_44' title='bbox 826 855 850 896; x_wconf 84' lang='lat' dir='ltr'><strong>et</strong></span> <span class='ocrx_word' id='word_1_45' title='bbox 871 849 896 896; x_wconf 88' lang='lat' dir='ltr'><strong>in</strong></span> <span class='ocrx_word' id='word_1_46' title='bbox 916 847 1092 910; x_wconf 74' lang='lat' dir='ltr'><strong>&#39;l’hargeliorum</strong></span> <span class='ocrx_word' id='word_1_47' title='bbox 1110 863 1196 910; x_wconf 86' lang='lat' dir='ltr'><strong>pompa</strong></span> <span class='ocrx_word' id='word_1_48' title='bbox 1211 857 1235 896; x_wconf 86' lang='lat' dir='ltr'><strong>et</strong></span> <span class='ocrx_word' id='word_1_49' title='bbox 1256 850 1323 908; x_wconf 87' lang='lat' dir='ltr'><strong>ludo,</strong></span> 
     </span>
     <span class='ocr_line' id='line_1_6' title="bbox 224 924 1322 989; baseline 0.002 -17"><span class='ocrx_word' id='word_1_50' title='bbox 224 938 253 972; x_wconf 86' lang='lat' dir='ltr'><strong>ne</strong></span> <span class='ocrx_word' id='word_1_51' title='bbox 275 925 344 988; x_wconf 81' lang='lat' dir='ltr'><strong>plone</strong></span> <span class='ocrx_word' id='word_1_52' title='bbox 362 924 432 974; x_wconf 83' lang='lat' dir='ltr'><strong>liceat</strong></span> <span class='ocrx_word' id='word_1_53' title='bbox 454 926 492 975; x_wconf 82' lang='lat' dir='ltr'><strong>vel</strong></span> <span class='ocrx_word' id='word_1_54' title='bbox 506 925 612 987; x_wconf 74' lang='lat' dir='ltr'><strong>pignore,</strong></span> <span class='ocrx_word' id='word_1_55' title='bbox 632 925 671 974; x_wconf 79' lang='lat' dir='ltr'><strong>rel</strong></span> <span class='ocrx_word' id='word_1_56' title='bbox 692 925 815 988; x_wconf 84' lang='lat' dir='ltr'><strong>quicquam</strong></span> <span class='ocrx_word' id='word_1_57' title='bbox 830 926 894 986; x_wconf 89' lang='lat' dir='ltr'><strong>quod</strong></span> <span class='ocrx_word' id='word_1_58' title='bbox 912 925 945 972; x_wconf 88' lang='lat' dir='ltr'><strong>sit</strong></span> <span class='ocrx_word' id='word_1_59' title='bbox 960 924 1056 974; x_wconf 78' lang='lat' dir='ltr'><strong>alterins</strong></span> <span class='ocrx_word' id='word_1_60' title='bbox 1075 941 1166 989; x_wconf 80' lang='lat' dir='ltr'><strong>cupere,</strong></span> <span class='ocrx_word' id='word_1_61' title='bbox 1185 926 1322 974; x_wconf 74' lang='lat' dir='ltr'><strong>ceillerum</strong></span> 
     </span>
     <span class='ocr_line' id='line_1_7' title="bbox 223 991 1323 1064; baseline 0.003 -15"><span class='ocrx_word' id='word_1_62' title='bbox 223 991 316 1064; x_wconf 60' lang='lat' dir='ltr'><strong>cuidem</strong></span> <span class='ocrx_word' id='word_1_63' title='bbox 337 1001 377 1064; x_wconf 86' lang='lat' dir='ltr'><strong>qai</strong></span> <span class='ocrx_word' id='word_1_64' title='bbox 398 1003 429 1050; x_wconf 82' lang='lat' dir='ltr'><strong>ud</strong></span> <span class='ocrx_word' id='word_1_65' title='bbox 443 1003 508 1050; x_wconf 86' lang='lat' dir='ltr'><strong>diem</strong></span> <span class='ocrx_word' id='word_1_66' title='bbox 524 1018 577 1049; x_wconf 85' lang='lat' dir='ltr'><strong>non</strong></span> <span class='ocrx_word' id='word_1_67' title='bbox 591 1000 711 1058; x_wconf 83' lang='lat' dir='ltr'><strong>solverint,</strong></span> <span class='ocrx_word' id='word_1_68' title='bbox 726 1002 750 1050; x_wconf 90' lang='lat' dir='ltr'><strong>in</strong></span> <span class='ocrx_word' id='word_1_69' title='bbox 775 1001 839 1050; x_wconf 87' lang='lat' dir='ltr'><strong>hisco</strong></span> <span class='ocrx_word' id='word_1_70' title='bbox 855 1001 962 1050; x_wconf 68' lang='lat' dir='ltr'><strong>diebus.¹</strong></span> <span class='ocrx_word' id='word_1_71' title='bbox 983 1003 1010 1050; x_wconf 79' lang='lat' dir='ltr'><strong>sl</strong></span> <span class='ocrx_word' id='word_1_72' title='bbox 1027 1002 1080 1064; x_wconf 84' lang='lat' dir='ltr'><strong>quis</strong></span> <span class='ocrx_word' id='word_1_73' title='bbox 1097 1010 1174 1052; x_wconf 85' lang='lat' dir='ltr'><strong>autern</strong></span> <span class='ocrx_word' id='word_1_74' title='bbox 1195 1003 1323 1054; x_wconf 84' lang='lat' dir='ltr'><strong>inhorum</strong></span> 
     </span>
     <span class='ocr_line' id='line_1_8' title="bbox 222 1072 1321 1151; baseline 0.003 -26"><span class='ocrx_word' id='word_1_75' title='bbox 222 1077 318 1141; x_wconf 81' lang='lat' dir='ltr'><strong>aliquod</strong></span> <span class='ocrx_word' id='word_1_76' title='bbox 329 1072 478 1136; x_wconf 80' lang='lat' dir='ltr'><strong>commiserit,</strong></span> <span class='ocrx_word' id='word_1_77' title='bbox 489 1079 512 1128; x_wconf 84' lang='lat' dir='ltr'><strong>ei</strong></span> <span class='ocrx_word' id='word_1_78' title='bbox 523 1079 562 1140; x_wconf 87' lang='lat' dir='ltr'><strong>qai</strong></span> <span class='ocrx_word' id='word_1_79' title='bbox 574 1094 657 1140; x_wconf 80' lang='lat' dir='ltr'><strong>pauno</strong></span> <span class='ocrx_word' id='word_1_80' title='bbox 667 1086 704 1128; x_wconf 81' lang='lat' dir='ltr'><strong>eat</strong></span> <span class='ocrx_word' id='word_1_81' title='bbox 714 1079 820 1146; x_wconf 75' lang='lat' dir='ltr'><strong>injuriam</strong></span> <span class='ocrx_word' id='word_1_82' title='bbox 826 1080 866 1139; x_wconf 82' lang='lat' dir='ltr'><strong>J&#39;us</strong></span> <span class='ocrx_word' id='word_1_83' title='bbox 882 1086 934 1138; x_wconf 77' lang='lat' dir='ltr'><strong>esto</strong></span> <span class='ocrx_word' id='word_1_84' title='bbox 945 1079 1079 1142; x_wconf 81' lang='lat' dir='ltr'><strong>aecusondi,</strong></span> <span class='ocrx_word' id='word_1_85' title='bbox 1089 1085 1114 1126; x_wconf 90' lang='lat' dir='ltr'><strong>et</strong></span> <span class='ocrx_word' id='word_1_86' title='bbox 1122 1081 1279 1142; x_wconf 80' lang='lat' dir='ltr'><strong>conquerendi</strong></span> <span class='ocrx_word' id='word_1_87' title='bbox 1292 1082 1321 1151; x_wconf 79' lang='lat' dir='ltr'><strong>de</strong></span> 
     </span>
    </p>
   </div>
   <div class='ocr_carea' id='block_1_4' title="bbox 221 1145 1457 1234">
    <p class='ocr_par' dir='ltr' id='par_1_4' title="bbox 221 1145 1457 1234">
     <span class='ocr_line' id='line_1_9' title="bbox 221 1145 1457 1234; baseline -0.002 -30"><span class='ocrx_word' id='word_1_88' title='bbox 221 1155 264 1204; x_wconf 89' lang='lat' dir='ltr'><strong>ille</strong></span> <span class='ocrx_word' id='word_1_89' title='bbox 274 1156 300 1204; x_wconf 88' lang='lat' dir='ltr'><strong>in</strong></span> <span class='ocrx_word' id='word_1_90' title='bbox 311 1155 460 1218; x_wconf 78' lang='lat' dir='ltr'><strong>concionein</strong></span> <span class='ocrx_word' id='word_1_91' title='bbox 468 1157 519 1204; x_wconf 78' lang='lat' dir='ltr'><strong>cade</strong></span> <span class='ocrx_word' id='word_1_92' title='bbox 530 1156 779 1225; x_wconf 70' lang='lat' dir='ltr'><strong>Bsocbieongrepata,</strong></span> <span class='ocrx_word' id='word_1_93' title='bbox 792 1161 900 1218; x_wconf 70' lang='lat' dir='ltr'><strong>unquam</strong></span> <span class='ocrx_word' id='word_1_94' title='bbox 919 1155 950 1204; x_wconf 88' lang='lat' dir='ltr'><strong>de</strong></span> <span class='ocrx_word' id='word_1_95' title='bbox 963 1155 1066 1234; x_wconf 68' lang='lat' dir='ltr'><strong>¹injurio,</strong></span> <span class='ocrx_word' id='word_1_96' title='bbox 1078 1145 1273 1218; x_wconf 82' lang='lat' dir='ltr'><strong>quemadmodum</strong></span> <span class='ocrx_word' id='word_1_97' title='bbox 1290 1159 1320 1206; x_wconf 88' lang='lat' dir='ltr'><strong>de</strong></span> <span class='ocrx_word' id='word_1_98' title='bbox 1351 1191 1354 1203; x_wconf 90' lang='grc'>,</span> <span class='ocrx_word' id='word_1_99' title='bbox 1456 1175 1457 1202; x_wconf 75' lang='grc' dir='ltr'><strong>ι</strong></span> 
     </span>
    </p>
   </div>
   <div class='ocr_carea' id='block_1_5' title="bbox 152 1232 1320 1710">
    <p class='ocr_par' dir='ltr' id='par_1_5' title="bbox 220 1232 993 1312">
     <span class='ocr_line' id='line_1_10' title="bbox 220 1232 993 1312; baseline -0.005 -30"><span class='ocrx_word' id='word_1_100' title='bbox 220 1232 273 1300; x_wconf 66' lang='lat' dir='ltr'><strong>aliis</strong></span> <span class='ocrx_word' id='word_1_101' title='bbox 280 1233 614 1312; x_wconf 79' lang='lat' dir='ltr'><strong>injuriosiopersoriptomest.</strong></span> <span class='ocrx_word' id='word_1_102' title='bbox 990 1305 993 1308; x_wconf 25' lang='grc' dir='ltr'>Ι</span> 
     </span>
    </p>

    <p class='ocr_par' dir='ltr' id='par_1_6' title="bbox 152 1347 1320 1710">
     <span class='ocr_line' id='line_1_11' title="bbox 236 1347 1319 1431; baseline 0.001 -22"><span class='ocrx_word' id='word_1_103' title='bbox 236 1369 238 1374; x_wconf 95' lang='grc'><strong><em>·</em></strong></span> <span class='ocrx_word' id='word_1_104' title='bbox 263 1350 295 1408; x_wconf 81' lang='lat'><strong>5.</strong></span> <span class='ocrx_word' id='word_1_105' title='bbox 317 1347 464 1429; x_wconf 76' lang='lat' dir='ltr'><strong>Cogitate,</strong></span> <span class='ocrx_word' id='word_1_106' title='bbox 472 1348 596 1430; x_wconf 88' lang='lat' dir='ltr'><strong>jndices,</strong></span> <span class='ocrx_word' id='word_1_107' title='bbox 607 1368 704 1429; x_wconf 80' lang='lat' dir='ltr'><strong>quum:</strong></span> <span class='ocrx_word' id='word_1_108' title='bbox 716 1350 746 1410; x_wconf 88' lang='lat' dir='ltr'><strong>in</strong></span> <span class='ocrx_word' id='word_1_109' title='bbox 760 1351 857 1431; x_wconf 88' lang='lat' dir='ltr'><strong>priore</strong></span> <span class='ocrx_word' id='word_1_110' title='bbox 869 1349 988 1430; x_wconf 80' lang='lat' dir='ltr'><strong>lege-ue</strong></span> <span class='ocrx_word' id='word_1_111' title='bbox 1001 1347 1146 1430; x_wconf 86' lang='lat' dir='ltr'><strong>injuriosis</strong></span> <span class='ocrx_word' id='word_1_112' title='bbox 1159 1359 1277 1428; x_wconf 79' lang='lat' dir='ltr'>agatur,</span> <span class='ocrx_word' id='word_1_113' title='bbox 1289 1349 1319 1410; x_wconf 89' lang='lat' dir='ltr'><strong>iu</strong></span> 
     </span>
     <span class='ocr_line' id='line_1_12' title="bbox 152 1438 1320 1524; baseline -0.001 -21"><span class='ocrx_word' id='word_1_114' title='bbox 152 1438 154 1446; x_wconf 76' lang='grc'><em>’</em></span> <span class='ocrx_word' id='word_1_115' title='bbox 219 1443 276 1504; x_wconf 84' lang='lat' dir='ltr'><strong>hac</strong></span> <span class='ocrx_word' id='word_1_116' title='bbox 288 1461 342 1505; x_wconf 82' lang='lat' dir='ltr'><strong>ros</strong></span> <span class='ocrx_word' id='word_1_117' title='bbox 362 1444 587 1524; x_wconf 70' lang='lat' dir='ltr'>conquestiones</span> <span class='ocrx_word' id='word_1_118' title='bbox 608 1443 646 1504; x_wconf 88' lang='lat' dir='ltr'><strong>de</strong></span> <span class='ocrx_word' id='word_1_119' title='bbox 666 1444 701 1506; x_wconf 89' lang='lat' dir='ltr'><strong>iis</strong></span> <span class='ocrx_word' id='word_1_120' title='bbox 721 1444 771 1524; x_wconf 88' lang='lat' dir='ltr'><strong>qui</strong></span> <span class='ocrx_word' id='word_1_121' title='bbox 792 1444 915 1506; x_wconf 89' lang='lat' dir='ltr'><strong>dilatum</strong></span> <span class='ocrx_word' id='word_1_122' title='bbox 927 1463 969 1504; x_wconf 88' lang='lat' dir='ltr'><strong>ees</strong></span> <span class='ocrx_word' id='word_1_123' title='bbox 981 1443 1107 1518; x_wconf 80' lang='lat' dir='ltr'><strong>alienum</strong></span> <span class='ocrx_word' id='word_1_124' title='bbox 1120 1441 1320 1522; x_wconf 57' lang='lat' dir='ltr'><strong>exigentem</strong></span> 
     </span>
     <span class='ocr_line' id='line_1_13' title="bbox 219 1535 1319 1616; baseline 0.002 -22"><span class='ocrx_word' id='word_1_125' title='bbox 219 1535 335 1616; x_wconf 84' lang='lat' dir='ltr'><strong>quidvis</strong></span> <span class='ocrx_word' id='word_1_126' title='bbox 350 1536 488 1597; x_wconf 49' lang='lat' dir='ltr'><strong>¹alienum</strong></span> <span class='ocrx_word' id='word_1_127' title='bbox 515 1537 645 1616; x_wconf 83' lang='lat' dir='ltr'><strong>capiunt,</strong></span> <span class='ocrx_word' id='word_1_128' title='bbox 677 1547 729 1598; x_wconf 87' lang='lat' dir='ltr'><strong>aut</strong></span> <span class='ocrx_word' id='word_1_129' title='bbox 755 1538 814 1598; x_wconf 82' lang='lat' dir='ltr'><strong>vim</strong></span> <span class='ocrx_word' id='word_1_130' title='bbox 843 1537 966 1610; x_wconf 77' lang='lat' dir='ltr'><strong>facium,</strong></span> <span class='ocrx_word' id='word_1_131' title='bbox 991 1535 1183 1596; x_wconf 82' lang='lat' dir='ltr'><strong>concessisse.</strong></span> <span class='ocrx_word' id='word_1_132' title='bbox 1239 1535 1319 1596; x_wconf 86' lang='lat' dir='ltr'><strong>Nam</strong></span> 
     </span>
     <span class='ocr_line' id='line_1_14' title="bbox 218 1623 1318 1710; baseline -0.002 -20"><span class='ocrx_word' id='word_1_133' title='bbox 218 1623 334 1695; x_wconf 62' lang='lat' dir='ltr'><strong>mnsam</strong></span> <span class='ocrx_word' id='word_1_134' title='bbox 365 1631 459 1703; x_wconf 86' lang='lat' dir='ltr'><strong>abest,</strong></span> <span class='ocrx_word' id='word_1_135' title='bbox 488 1639 523 1690; x_wconf 92' lang='lat' dir='ltr'><strong>ut</strong></span> <span class='ocrx_word' id='word_1_136' title='bbox 554 1630 638 1690; x_wconf 87' lang='lat' dir='ltr'><strong>hisco</strong></span> <span class='ocrx_word' id='word_1_137' title='bbox 666 1629 770 1690; x_wconf 87' lang='lat' dir='ltr'><strong>diebus</strong></span> <span class='ocrx_word' id='word_1_138' title='bbox 788 1649 901 1710; x_wconf 22' lang='lat' dir='ltr'><strong>,corpus</strong></span> <span class='ocrx_word' id='word_1_139' title='bbox 921 1631 1108 1708; x_wconf 88' lang='lat' dir='ltr'><strong>cujusquam,</strong></span> <span class='ocrx_word' id='word_1_140' title='bbox 1129 1638 1183 1688; x_wconf 88' lang='lat' dir='ltr'><strong>aut</strong></span> <span class='ocrx_word' id='word_1_141' title='bbox 1208 1629 1318 1688; x_wconf 85' lang='lat' dir='ltr'><strong>instru-</strong></span> 
     </span>
    </p>
   </div>
   <div class='ocr_carea' id='block_1_6' title="bbox 99 1721 1319 1804">
    <p class='ocr_par' dir='ltr' id='par_1_7' title="bbox 99 1721 1319 1804">
     <span class='ocr_line' id='line_1_15' title="bbox 99 1721 1319 1804; baseline -0.003 -20"><span class='ocrx_word' id='word_1_142' title='bbox 99 1743 101 1754; x_wconf 73' lang='grc'><em>’</em></span> <span class='ocrx_word' id='word_1_143' title='bbox 169 1799 171 1804; x_wconf 17' lang='lat'><strong>¹</strong></span> <span class='ocrx_word' id='word_1_144' title='bbox 216 1733 356 1795; x_wconf 87' lang='lat' dir='ltr'><strong>mentum,</strong></span> <span class='ocrx_word' id='word_1_145' title='bbox 370 1725 625 1804; x_wconf 80' lang='lat' dir='ltr'><strong>privatosumptu</strong></span> <span class='ocrx_word' id='word_1_146' title='bbox 645 1722 684 1782; x_wconf 87' lang='lat' dir='ltr'><strong>ad</strong></span> <span class='ocrx_word' id='word_1_147' title='bbox 705 1721 762 1784; x_wconf 89' lang='lat' dir='ltr'><strong>hoc</strong></span> <span class='ocrx_word' id='word_1_148' title='bbox 775 1741 882 1782; x_wconf 87' lang='lat' dir='ltr'><strong>munus</strong></span> <span class='ocrx_word' id='word_1_149' title='bbox 902 1723 1081 1794; x_wconf 85' lang='lat' dir='ltr'><strong>confectum,</strong></span> <span class='ocrx_word' id='word_1_150' title='bbox 1094 1721 1164 1781; x_wconf 81' lang='lat' dir='ltr'><strong>laedi</strong></span> <span class='ocrx_word' id='word_1_151' title='bbox 1183 1731 1319 1801; x_wconf 76' lang='lat' dir='ltr'>oportere</span> 
     </span>
    </p>
   </div>
   <div class='ocr_carea' id='block_1_7' title="bbox 214 1815 1320 2176">
    <p class='ocr_par' dir='ltr' id='par_1_8' title="bbox 214 1815 1320 2176">
     <span class='ocr_line' id='line_1_16' title="bbox 218 1815 1320 1896; baseline 0 -20"><span class='ocrx_word' id='word_1_152' title='bbox 218 1817 401 1889; x_wconf 79' lang='lat' dir='ltr'><strong>censueritis,</strong></span> <span class='ocrx_word' id='word_1_153' title='bbox 424 1826 467 1888; x_wconf 85' lang='lat' dir='ltr'><strong>ut,</strong></span> <span class='ocrx_word' id='word_1_154' title='bbox 489 1817 562 1896; x_wconf 78' lang='lat' dir='ltr'><strong>quoe&#39;</strong></span> <span class='ocrx_word' id='word_1_155' title='bbox 580 1815 646 1895; x_wconf 84' lang='lat' dir='ltr'><strong>jure</strong></span> <span class='ocrx_word' id='word_1_156' title='bbox 666 1825 697 1876; x_wconf 90' lang='lat' dir='ltr'><strong>et</strong></span> <span class='ocrx_word' id='word_1_157' title='bbox 718 1815 1020 1896; x_wconf 83' lang='lat' dir='ltr'><strong>sententiajudicum</strong></span> <span class='ocrx_word' id='word_1_158' title='bbox 1043 1835 1148 1876; x_wconf 87' lang='lat' dir='ltr'><strong>eorum</strong></span> <span class='ocrx_word' id='word_1_159' title='bbox 1171 1817 1320 1896; x_wconf 80' lang='lat' dir='ltr'><strong>fiuntqui</strong></span> 
     </span>
     <span class='ocr_line' id='line_1_17' title="bbox 216 1905 1319 1990; baseline 0.005 -23"><span class='ocrx_word' id='word_1_160' title='bbox 216 1905 419 1979; x_wconf 74' lang='lat' dir='ltr'><strong>vicere3&#39;victis</strong></span> <span class='ocrx_word' id='word_1_161' title='bbox 436 1908 596 1989; x_wconf 74' lang='lat' dir='ltr'><strong>primisque</strong></span> <span class='ocrx_word' id='word_1_162' title='bbox 619 1910 848 1990; x_wconf 84' lang='lat' dir='ltr'><strong>possessoribus,</strong></span> <span class='ocrx_word' id='word_1_163' title='bbox 860 1909 919 1970; x_wconf 92' lang='lat' dir='ltr'><strong>hoc</strong></span> <span class='ocrx_word' id='word_1_164' title='bbox 939 1907 1057 1987; x_wconf 87' lang='lat' dir='ltr'><strong>quidem</strong></span> <span class='ocrx_word' id='word_1_165' title='bbox 1079 1918 1159 1980; x_wconf 83' lang='lat' dir='ltr'><strong>certe</strong></span> <span class='ocrx_word' id='word_1_166' title='bbox 1180 1909 1210 1970; x_wconf 91' lang='lat' dir='ltr'><strong>in</strong></span> <span class='ocrx_word' id='word_1_167' title='bbox 1228 1911 1319 1985; x_wconf 82' lang='lat' dir='ltr'><strong>festo,</strong></span> 
     </span>
     <span class='ocr_line' id='line_1_18' title="bbox 214 2000 1319 2081; baseline 0.003 -21"><span class='ocrx_word' id='word_1_168' title='bbox 214 2001 407 2062; x_wconf 85' lang='lat' dir='ltr'><strong>restitueritis.</strong></span> <span class='ocrx_word' id='word_1_169' title='bbox 461 2000 557 2062; x_wconf 80' lang='lat' dir='ltr'><strong>Tanta</strong></span> <span class='ocrx_word' id='word_1_170' title='bbox 588 2002 687 2081; x_wconf 78' lang='lat' dir='ltr'><strong>igitur,</strong></span> <span class='ocrx_word' id='word_1_171' title='bbox 708 2001 1033 2075; x_wconf 77' lang='lat' dir='ltr'><strong>Athenienses,¹vestra</strong></span> <span class='ocrx_word' id='word_1_172' title='bbox 1056 2001 1258 2064; x_wconf 81' lang='lat' dir='ltr'><strong>omniumest</strong></span> <span class='ocrx_word' id='word_1_173' title='bbox 1286 2014 1319 2063; x_wconf 90' lang='lat' dir='ltr'><strong>et</strong></span> 
     </span>
     <span class='ocr_line' id='line_1_19' title="bbox 214 2093 1315 2176; baseline 0.004 -23"><span class='ocrx_word' id='word_1_174' title='bbox 214 2094 428 2156; x_wconf 83' lang='lat' dir='ltr'><strong>humanitaset</strong></span> <span class='ocrx_word' id='word_1_175' title='bbox 443 2097 596 2176; x_wconf 83' lang='lat' dir='ltr'><strong>pietas,ut</strong></span> <span class='ocrx_word' id='word_1_176' title='bbox 617 2095 701 2157; x_wconf 84' lang='lat' dir='ltr'><strong>hisce</strong></span> <span class='ocrx_word' id='word_1_177' title='bbox 725 2093 828 2158; x_wconf 85' lang='lat' dir='ltr'><strong>diebus</strong></span> <span class='ocrx_word' id='word_1_178' title='bbox 852 2096 889 2156; x_wconf 88' lang='lat' dir='ltr'><strong>de</strong></span> <span class='ocrx_word' id='word_1_179' title='bbox 910 2094 1019 2176; x_wconf 87' lang='lat' dir='ltr'><strong>injuriis</strong></span> <span class='ocrx_word' id='word_1_180' title='bbox 1042 2095 1123 2174; x_wconf 89' lang='lat' dir='ltr'><strong>prius</strong></span> <span class='ocrx_word' id='word_1_181' title='bbox 1143 2095 1228 2156; x_wconf 83' lang='lat' dir='ltr'><strong>factis</strong></span> <span class='ocrx_word' id='word_1_182' title='bbox 1251 2117 1315 2176; x_wconf 80' lang='lat' dir='ltr'><strong>poe-</strong></span> 
     </span>
    </p>
   </div>
   <div class='ocr_carea' id='block_1_8' title="bbox 109 2187 1316 2268">
    <p class='ocr_par' dir='ltr' id='par_1_9' title="bbox 109 2187 1316 2268">
     <span class='ocr_line' id='line_1_20' title="bbox 109 2187 1316 2268; baseline 0.001 -19"><span class='ocrx_word' id='word_1_183' title='bbox 109 2223 111 2228; x_wconf 38' lang='lat' dir='ltr'>s</span> <span class='ocrx_word' id='word_1_184' title='bbox 215 2189 374 2250; x_wconf 79' lang='lat' dir='ltr'><strong>nas·&#39;snmi</strong></span> <span class='ocrx_word' id='word_1_185' title='bbox 399 2189 565 2250; x_wconf 73' lang='lat' dir='ltr'><strong>vetuerhis:</strong></span> <span class='ocrx_word' id='word_1_186' title='bbox 600 2187 723 2250; x_wconf 89' lang='lat' dir='ltr'><strong>Midias.</strong></span> <span class='ocrx_word' id='word_1_187' title='bbox 737 2197 834 2248; x_wconf 84' lang='lat' dir='ltr'><strong>autern</strong></span> <span class='ocrx_word' id='word_1_188' title='bbox 862 2189 907 2250; x_wconf 89' lang='lat' dir='ltr'><strong>his</strong></span> <span class='ocrx_word' id='word_1_189' title='bbox 927 2189 1000 2268; x_wconf 88' lang='lat' dir='ltr'><strong>ipsis</strong></span> <span class='ocrx_word' id='word_1_190' title='bbox 1023 2188 1126 2249; x_wconf 88' lang='lat' dir='ltr'><strong>diebus</strong></span> <span class='ocrx_word' id='word_1_191' title='bbox 1150 2208 1187 2248; x_wconf 89' lang='lat' dir='ltr'><strong>ea</strong></span> <span class='ocrx_word' id='word_1_192' title='bbox 1208 2209 1316 2268; x_wconf 77' lang='lat' dir='ltr'><strong>perpe-</strong></span> 
     </span>
    </p>
   </div>
   <div class='ocr_carea' id='block_1_9' title="bbox 167 2279 1315 4513">
    <p class='ocr_par' dir='ltr' id='par_1_10' title="bbox 187 2279 1315 2714">
     <span class='ocr_line' id='line_1_21' title="bbox 213 2279 1315 2359; baseline 0.003 -20"><span class='ocrx_word' id='word_1_193' title='bbox 213 2289 308 2341; x_wconf 81' lang='lat' dir='ltr'><strong>trasse</strong></span> <span class='ocrx_word' id='word_1_194' title='bbox 335 2281 515 2351; x_wconf 87' lang='lat' dir='ltr'><strong>ostendetur,</strong></span> <span class='ocrx_word' id='word_1_195' title='bbox 535 2300 603 2359; x_wconf 76' lang='lat' dir='ltr'><strong>qum</strong></span> <span class='ocrx_word' id='word_1_196' title='bbox 625 2281 728 2346; x_wconf 87' lang='lat' dir='ltr'><strong>ultimo</strong></span> <span class='ocrx_word' id='word_1_197' title='bbox 745 2279 889 2359; x_wconf 79' lang='lat' dir='ltr'><strong>supplicio</strong></span> <span class='ocrx_word' id='word_1_198' title='bbox 912 2289 983 2340; x_wconf 86' lang='lat' dir='ltr'><strong>sunt</strong></span> <span class='ocrx_word' id='word_1_199' title='bbox 1007 2280 1194 2340; x_wconf 77' lang='lat' dir='ltr'><strong>uindicanda.</strong></span> <span class='ocrx_word' id='word_1_200' title='bbox 1236 2282 1315 2342; x_wconf 89' lang='lat' dir='ltr'><strong>Volo</strong></span> 
     </span>
     <span class='ocr_line' id='line_1_22' title="bbox 212 2371 1315 2454; baseline 0 -20"><span class='ocrx_word' id='word_1_201' title='bbox 212 2374 383 2447; x_wconf 75' lang='lat' dir='ltr'><strong>autem3ubi</strong></span> <span class='ocrx_word' id='word_1_202' title='bbox 396 2372 433 2434; x_wconf 83' lang='lat' dir='ltr'><strong>ab</strong></span> <span class='ocrx_word' id='word_1_203' title='bbox 446 2375 528 2435; x_wconf 89' lang='lat' dir='ltr'><strong>initio</strong></span> <span class='ocrx_word' id='word_1_204' title='bbox 548 2373 663 2452; x_wconf 80' lang='lat' dir='ltr'><strong>singula</strong></span> <span class='ocrx_word' id='word_1_205' title='bbox 684 2393 750 2454; x_wconf 84' lang='lat' dir='ltr'><strong>quae</strong></span> <span class='ocrx_word' id='word_1_206' title='bbox 775 2386 933 2452; x_wconf 78' lang='lat' dir='ltr'><strong>perpessus</strong></span> <span class='ocrx_word' id='word_1_207' title='bbox 953 2392 1028 2447; x_wconf 82' lang='lat' dir='ltr'><strong>sum·</strong></span> <span class='ocrx_word' id='word_1_208' title='bbox 1041 2371 1315 2452; x_wconf 74' lang='lat' dir='ltr'><strong>exposuero,etiam</strong></span> 
     </span>
     <span class='ocr_line' id='line_1_23' title="bbox 187 2464 1313 2549; baseline 0.002 -23"><span class='ocrx_word' id='word_1_209' title='bbox 187 2543 190 2549; x_wconf 26' lang='grc' dir='ltr'>Ι</span> <span class='ocrx_word' id='word_1_210' title='bbox 212 2466 250 2527; x_wconf 89' lang='lat' dir='ltr'><strong>de</strong></span> <span class='ocrx_word' id='word_1_211' title='bbox 269 2466 436 2528; x_wconf 78' lang='lat' dir='ltr'><strong>uerberibus</strong></span> <span class='ocrx_word' id='word_1_212' title='bbox 457 2465 574 2537; x_wconf 72' lang='lat' dir='ltr'><strong>dicere„</strong></span> <span class='ocrx_word' id='word_1_213' title='bbox 593 2467 699 2546; x_wconf 83' lang='lat' dir='ltr'><strong>quibus</strong></span> <span class='ocrx_word' id='word_1_214' title='bbox 722 2485 769 2528; x_wconf 86' lang='lat' dir='ltr'><strong>me</strong></span> <span class='ocrx_word' id='word_1_215' title='bbox 791 2474 938 2545; x_wconf 77' lang='lat' dir='ltr'><strong>postremo</strong></span> <span class='ocrx_word' id='word_1_216' title='bbox 959 2464 1065 2527; x_wconf 83' lang='lat' dir='ltr'><strong>affecit.</strong></span> <span class='ocrx_word' id='word_1_217' title='bbox 1107 2465 1184 2530; x_wconf 88' lang='lat' dir='ltr'><strong>Nam</strong></span> <span class='ocrx_word' id='word_1_218' title='bbox 1197 2486 1236 2528; x_wconf 85' lang='lat' dir='ltr'><strong>ex</strong></span> <span class='ocrx_word' id='word_1_219' title='bbox 1249 2488 1313 2528; x_wconf 88' lang='lat' dir='ltr'><strong>om-</strong></span> 
     </span>
     <span class='ocr_line' id='line_1_24' title="bbox 212 2558 1313 2641; baseline 0.004 -23"><span class='ocrx_word' id='word_1_220' title='bbox 212 2559 298 2620; x_wconf 86' lang='lat' dir='ltr'><strong>nibus</strong></span> <span class='ocrx_word' id='word_1_221' title='bbox 320 2561 383 2640; x_wconf 88' lang='lat' dir='ltr'><strong>ejus</strong></span> <span class='ocrx_word' id='word_1_222' title='bbox 402 2558 579 2620; x_wconf 85' lang='lat' dir='ltr'><strong>facinoribus</strong></span> <span class='ocrx_word' id='word_1_223' title='bbox 602 2577 639 2620; x_wconf 88' lang='lat' dir='ltr'><strong>ne</strong></span> <span class='ocrx_word' id='word_1_224' title='bbox 662 2558 885 2638; x_wconf 81' lang='lat' dir='ltr'><strong>unumquidem</strong></span> <span class='ocrx_word' id='word_1_225' title='bbox 898 2568 945 2620; x_wconf 89' lang='lat' dir='ltr'><strong>est</strong></span> <span class='ocrx_word' id='word_1_226' title='bbox 957 2559 996 2620; x_wconf 92' lang='lat' dir='ltr'><strong>ob</strong></span> <span class='ocrx_word' id='word_1_227' title='bbox 1006 2558 1087 2637; x_wconf 87' lang='lat' dir='ltr'><strong>quod</strong></span> <span class='ocrx_word' id='word_1_228' title='bbox 1100 2559 1189 2620; x_wconf 88' lang='lat' dir='ltr'><strong>exitio</strong></span> <span class='ocrx_word' id='word_1_229' title='bbox 1203 2561 1313 2641; x_wconf 81' lang='lat' dir='ltr'><strong>dignus</strong></span> 
     </span>
     <span class='ocr_line' id='line_1_25' title="bbox 212 2653 743 2714; baseline 0 -4"><span class='ocrx_word' id='word_1_230' title='bbox 212 2653 333 2714; x_wconf 87' lang='lat' dir='ltr'><strong>nonsit.</strong></span> <span class='ocrx_word' id='word_1_231' title='bbox 739 2701 743 2710; x_wconf 80' lang='grc'><strong>,</strong></span> 
     </span>
    </p>

    <p class='ocr_par' dir='ltr' id='par_1_11' title="bbox 167 2743 1314 3837">
     <span class='ocr_line' id='line_1_26' title="bbox 252 2743 1314 2825; baseline 0.006 -23"><span class='ocrx_word' id='word_1_232' title='bbox 252 2745 282 2803; x_wconf 90' lang='grc'><strong>6.</strong></span> <span class='ocrx_word' id='word_1_233' title='bbox 304 2747 403 2812; x_wconf 84' lang='lat' dir='ltr'><strong>Quum</strong></span> <span class='ocrx_word' id='word_1_234' title='bbox 417 2743 581 2807; x_wconf 89' lang='lat' dir='ltr'><strong>Pandionia</strong></span> <span class='ocrx_word' id='word_1_235' title='bbox 593 2746 686 2808; x_wconf 81' lang='lat' dir='ltr'><strong>trihus</strong></span> <span class='ocrx_word' id='word_1_236' title='bbox 701 2745 786 2807; x_wconf 89' lang='lat' dir='ltr'><strong>tertio</strong></span> <span class='ocrx_word' id='word_1_237' title='bbox 807 2745 918 2805; x_wconf 79' lang='lat' dir='ltr'><strong>abhinc</strong></span> <span class='ocrx_word' id='word_1_238' title='bbox 939 2763 1019 2805; x_wconf 89' lang='lat' dir='ltr'><strong>auno</strong></span> <span class='ocrx_word' id='word_1_239' title='bbox 1039 2745 1227 2825; x_wconf 76' lang='lat' dir='ltr'><strong>prebitorem</strong></span> <span class='ocrx_word' id='word_1_240' title='bbox 1250 2765 1314 2808; x_wconf 88' lang='lat' dir='ltr'><strong>non</strong></span> 
     </span>
     <span class='ocr_line' id='line_1_27' title="bbox 209 2833 1313 2920; baseline 0.004 -23"><span class='ocrx_word' id='word_1_241' title='bbox 209 2833 341 2912; x_wconf 86' lang='lat' dir='ltr'><strong>haberet,</strong></span> <span class='ocrx_word' id='word_1_242' title='bbox 351 2849 571 2920; x_wconf 82' lang='lat' dir='ltr'><strong>convocataque</strong></span> <span class='ocrx_word' id='word_1_243' title='bbox 585 2840 739 2911; x_wconf 82' lang='lat' dir='ltr'><strong>concione,</strong></span> <span class='ocrx_word' id='word_1_244' title='bbox 752 2839 783 2900; x_wconf 90' lang='lat' dir='ltr'><strong>in</strong></span> <span class='ocrx_word' id='word_1_245' title='bbox 797 2858 859 2918; x_wconf 90' lang='lat' dir='ltr'><strong>qua·</strong></span> <span class='ocrx_word' id='word_1_246' title='bbox 869 2847 1025 2916; x_wconf 78' lang='lat' dir='ltr'><strong>pretorem</strong></span> <span class='ocrx_word' id='word_1_247' title='bbox 1047 2837 1096 2896; x_wconf 84' lang='lat' dir='ltr'><strong>lex</strong></span> <span class='ocrx_word' id='word_1_248' title='bbox 1114 2838 1200 2918; x_wconf 88' lang='lat' dir='ltr'><strong>jubet</strong></span> <span class='ocrx_word' id='word_1_249' title='bbox 1214 2839 1313 2901; x_wconf 88' lang='lat' dir='ltr'><strong>choris</strong></span> 
     </span>
     <span class='ocr_line' id='line_1_28' title="bbox 208 2921 1311 3011; baseline 0.002 -21"><span class='ocrx_word' id='word_1_250' title='bbox 208 2929 344 2991; x_wconf 86' lang='lat' dir='ltr'><strong>tibicines</strong></span> <span class='ocrx_word' id='word_1_251' title='bbox 366 2929 469 2992; x_wconf 84' lang='lat' dir='ltr'><strong>sortito</strong></span> <span class='ocrx_word' id='word_1_252' title='bbox 487 2931 569 3005; x_wconf 91' lang='lat' dir='ltr'><strong>dare,</strong></span> <span class='ocrx_word' id='word_1_253' title='bbox 582 2934 671 2991; x_wconf 89' lang='lat' dir='ltr'><strong>verba</strong></span> <span class='ocrx_word' id='word_1_254' title='bbox 693 2942 724 2992; x_wconf 89' lang='lat' dir='ltr'><strong>et</strong></span> <span class='ocrx_word' id='word_1_255' title='bbox 742 2921 843 3011; x_wconf 82' lang='lat' dir='ltr'><strong>jurgia</strong></span> <span class='ocrx_word' id='word_1_256' title='bbox 858 2927 1084 3002; x_wconf 82' lang='lat' dir='ltr'><strong>intercederent,</strong></span> <span class='ocrx_word' id='word_1_257' title='bbox 1101 2939 1211 3009; x_wconf 81' lang='lat' dir='ltr'><strong>praetor</strong></span> <span class='ocrx_word' id='word_1_258' title='bbox 1232 2931 1311 2992; x_wconf 89' lang='lat' dir='ltr'><strong>enim</strong></span> 
     </span>
     <span class='ocr_line' id='line_1_29' title="bbox 208 3021 1312 3105; baseline -0.003 -17"><span class='ocrx_word' id='word_1_259' title='bbox 208 3035 358 3088; x_wconf 85' lang='lat' dir='ltr'><strong>curatores</strong></span> <span class='ocrx_word' id='word_1_260' title='bbox 371 3025 477 3097; x_wconf 86' lang='lat' dir='ltr'><strong>tribus,</strong></span> <span class='ocrx_word' id='word_1_261' title='bbox 493 3025 525 3084; x_wconf 91' lang='lat' dir='ltr'><strong>hi</strong></span> <span class='ocrx_word' id='word_1_262' title='bbox 543 3024 909 3105; x_wconf 83' lang='lat' dir='ltr'><strong>praetorem&#39;accusabant,</strong></span> <span class='ocrx_word' id='word_1_263' title='bbox 928 3041 985 3101; x_wconf 82' lang='lat' dir='ltr'><strong>ego</strong></span> <span class='ocrx_word' id='word_1_264' title='bbox 1004 3041 1052 3082; x_wconf 88' lang='lat' dir='ltr'><strong>me</strong></span> <span class='ocrx_word' id='word_1_265' title='bbox 1075 3021 1153 3082; x_wconf 86' lang='lat' dir='ltr'><strong>ultro</strong></span> <span class='ocrx_word' id='word_1_266' title='bbox 1177 3034 1312 3104; x_wconf 87' lang='lat' dir='ltr'><strong>sumptus</strong></span> 
     </span>
     <span class='ocr_line' id='line_1_30' title="bbox 208 3113 1307 3198; baseline -0.002 -20"><span class='ocrx_word' id='word_1_267' title='bbox 208 3117 464 3198; x_wconf 79' lang='lat' dir='ltr'><strong>suppeditaturum</strong></span> <span class='ocrx_word' id='word_1_268' title='bbox 474 3136 544 3178; x_wconf 88' lang='lat' dir='ltr'><strong>sum</strong></span> <span class='ocrx_word' id='word_1_269' title='bbox 558 3116 718 3198; x_wconf 84' lang='lat' dir='ltr'><strong>pollicitus,</strong></span> <span class='ocrx_word' id='word_1_270' title='bbox 728 3125 759 3182; x_wconf 84' lang='lat' dir='ltr'><strong>et</strong></span> <span class='ocrx_word' id='word_1_271' title='bbox 772 3135 840 3177; x_wconf 91' lang='lat' dir='ltr'><strong>cum</strong></span> <span class='ocrx_word' id='word_1_272' title='bbox 861 3113 1013 3174; x_wconf 87' lang='lat' dir='ltr'><strong>sortitione</strong></span> <span class='ocrx_word' id='word_1_273' title='bbox 1034 3114 1205 3194; x_wconf 81' lang='lat' dir='ltr'><strong>lactamihi</strong></span> <span class='ocrx_word' id='word_1_274' title='bbox 1219 3117 1307 3192; x_wconf 69' lang='lat' dir='ltr'><strong>obre-</strong></span> 
     </span>
     <span class='ocr_line' id='line_1_31' title="bbox 207 3205 1308 3290; baseline 0 -22"><span class='ocrx_word' id='word_1_275' title='bbox 207 3211 301 3283; x_wconf 80' lang='lat' dir='ltr'><strong>nisset</strong></span> <span class='ocrx_word' id='word_1_276' title='bbox 312 3210 404 3290; x_wconf 84' lang='lat' dir='ltr'><strong>prima</strong></span> <span class='ocrx_word' id='word_1_277' title='bbox 418 3210 546 3290; x_wconf 53' lang='lat' dir='ltr'><strong>,tibicinis</strong></span> <span class='ocrx_word' id='word_1_278' title='bbox 558 3208 681 3270; x_wconf 88' lang='lat' dir='ltr'><strong>electio:</strong></span> <span class='ocrx_word' id='word_1_279' title='bbox 700 3229 765 3282; x_wconf 79' lang='lat' dir='ltr'><strong>nos,</strong></span> <span class='ocrx_word' id='word_1_280' title='bbox 780 3205 990 3278; x_wconf 85' lang='lat' dir='ltr'><strong>Athenienses,</strong></span> <span class='ocrx_word' id='word_1_281' title='bbox 1005 3205 1133 3267; x_wconf 86' lang='lat' dir='ltr'><strong>universi</strong></span> <span class='ocrx_word' id='word_1_282' title='bbox 1154 3217 1308 3288; x_wconf 88' lang='lat' dir='ltr'><strong>utrumque</strong></span> 
     </span>
     <span class='ocr_line' id='line_1_32' title="bbox 209 3298 1308 3386; baseline 0 -22"><span class='ocrx_word' id='word_1_283' title='bbox 209 3321 393 3382; x_wconf 83' lang='lat' dir='ltr'><strong>summopere</strong></span> <span class='ocrx_word' id='word_1_284' title='bbox 407 3303 628 3382; x_wconf 85' lang='lat' dir='ltr'><strong>comprobastis,</strong></span> <span class='ocrx_word' id='word_1_285' title='bbox 643 3312 673 3364; x_wconf 91' lang='lat' dir='ltr'><strong>et</strong></span> <span class='ocrx_word' id='word_1_286' title='bbox 685 3301 1044 3386; x_wconf 24' lang='lat' dir='ltr'><strong>pollicitationemssmeam,</strong></span> <span class='ocrx_word' id='word_1_287' title='bbox 1057 3310 1088 3360; x_wconf 90' lang='lat' dir='ltr'><strong>et</strong></span> <span class='ocrx_word' id='word_1_288' title='bbox 1105 3298 1232 3360; x_wconf 85' lang='lat' dir='ltr'><strong>fortunae</strong></span> <span class='ocrx_word' id='word_1_289' title='bbox 1257 3303 1308 3364; x_wconf 86' lang='lat' dir='ltr'><strong>be-</strong></span> 
     </span>
     <span class='ocr_line' id='line_1_33' title="bbox 205 3389 1308 3475; baseline -0.001 -19"><span class='ocrx_word' id='word_1_290' title='bbox 205 3394 398 3474; x_wconf 71' lang='lat' dir='ltr'><strong>nignitatem</strong></span> <span class='ocrx_word' id='word_1_291' title='bbox 420 3402 451 3454; x_wconf 85' lang='lat' dir='ltr'><strong>et</strong></span> <span class='ocrx_word' id='word_1_292' title='bbox 465 3395 617 3475; x_wconf 88' lang='lat' dir='ltr'><strong>strepitum</strong></span> <span class='ocrx_word' id='word_1_293' title='bbox 636 3396 829 3475; x_wconf 84' lang='lat' dir='ltr'><strong>plausumque</strong></span> <span class='ocrx_word' id='word_1_294' title='bbox 844 3389 944 3466; x_wconf 89' lang='lat' dir='ltr'><strong>talem,</strong></span> <span class='ocrx_word' id='word_1_295' title='bbox 964 3391 1058 3470; x_wconf 87' lang='lat' dir='ltr'><strong>qualis</strong></span> <span class='ocrx_word' id='word_1_296' title='bbox 1080 3390 1265 3454; x_wconf 80' lang='lat' dir='ltr'><strong>laudantium</strong></span> <span class='ocrx_word' id='word_1_297' title='bbox 1279 3403 1308 3455; x_wconf 91' lang='lat' dir='ltr'><strong>et</strong></span> 
     </span>
     <span class='ocr_line' id='line_1_34' title="bbox 207 3484 1307 3569; baseline 0.001 -23"><span class='ocrx_word' id='word_1_298' title='bbox 207 3485 417 3569; x_wconf 73' lang='lat' dir='ltr'><strong>grunnientium</strong></span> <span class='ocrx_word' id='word_1_299' title='bbox 430 3485 507 3564; x_wconf 85' lang='lat' dir='ltr'><strong>solet</strong></span> <span class='ocrx_word' id='word_1_300' title='bbox 521 3505 599 3558; x_wconf 87' lang='lat' dir='ltr'><strong>esse,</strong></span> <span class='ocrx_word' id='word_1_301' title='bbox 615 3486 782 3558; x_wconf 82' lang='lat' dir='ltr'><strong>excitastis:</strong></span> <span class='ocrx_word' id='word_1_302' title='bbox 798 3484 908 3546; x_wconf 87' lang='lat' dir='ltr'><strong>Midias</strong></span> <span class='ocrx_word' id='word_1_303' title='bbox 918 3494 1016 3544; x_wconf 90' lang='lat' dir='ltr'><strong>autem</strong></span> <span class='ocrx_word' id='word_1_304' title='bbox 1028 3485 1120 3562; x_wconf 83' lang='lat' dir='ltr'><strong>solus,</strong></span> <span class='ocrx_word' id='word_1_305' title='bbox 1131 3496 1163 3544; x_wconf 91' lang='lat' dir='ltr'><strong>ut</strong></span> <span class='ocrx_word' id='word_1_306' title='bbox 1177 3497 1307 3566; x_wconf 86' lang='lat' dir='ltr'><strong>apparet,</strong></span> 
     </span>
     <span class='ocr_line' id='line_1_35' title="bbox 207 3575 1306 3664; baseline -0.002 -23"><span class='ocrx_word' id='word_1_307' title='bbox 207 3577 485 3656; x_wconf 20' lang='lat' dir='ltr'><strong>omniumyindoluit,</strong></span> <span class='ocrx_word' id='word_1_308' title='bbox 498 3587 588 3664; x_wconf 84' lang='lat' dir='ltr'><strong>elme</strong></span> <span class='ocrx_word' id='word_1_309' title='bbox 602 3587 665 3644; x_wconf 86' lang='lat' dir='ltr'><strong>toto</strong></span> <span class='ocrx_word' id='word_1_310' title='bbox 685 3577 831 3643; x_wconf 71' lang='lat' dir='ltr'><strong>aedilitatis</strong></span> <span class='ocrx_word' id='word_1_311' title='bbox 853 3586 983 3656; x_wconf 84' lang='lat' dir='ltr'><strong>tempore</strong></span> <span class='ocrx_word' id='word_1_312' title='bbox 1005 3575 1191 3637; x_wconf 82' lang='lat' dir='ltr'><strong>continenter</strong></span> <span class='ocrx_word' id='word_1_313' title='bbox 1210 3581 1306 3639; x_wconf 78' lang='lat' dir='ltr'><strong>convi-</strong></span> 
     </span>
     <span class='ocr_line' id='line_1_36' title="bbox 206 3665 1306 3756; baseline -0.004 -20"><span class='ocrx_word' id='word_1_314' title='bbox 206 3675 260 3756; x_wconf 73' lang='lat' dir='ltr'><strong>ciis</strong></span> <span class='ocrx_word' id='word_1_315' title='bbox 272 3684 321 3738; x_wconf 88' lang='lat' dir='ltr'><strong>est</strong></span> <span class='ocrx_word' id='word_1_316' title='bbox 338 3674 501 3744; x_wconf 85' lang='lat' dir='ltr'><strong>insectatus</strong></span> <span class='ocrx_word' id='word_1_317' title='bbox 520 3682 550 3733; x_wconf 87' lang='lat' dir='ltr'><strong>et</strong></span> <span class='ocrx_word' id='word_1_318' title='bbox 564 3673 778 3754; x_wconf 68' lang='lat' dir='ltr'><strong>interturbent,</strong></span> <span class='ocrx_word' id='word_1_319' title='bbox 792 3665 853 3735; x_wconf 87' lang='lat' dir='ltr'><strong>tam</strong></span> <span class='ocrx_word' id='word_1_320' title='bbox 875 3672 972 3753; x_wconf 82' lang='lat' dir='ltr'><strong>parvis</strong></span> <span class='ocrx_word' id='word_1_321' title='bbox 991 3665 1082 3752; x_wconf 68' lang='lat' dir='ltr'><strong>⁴quam</strong></span> <span class='ocrx_word' id='word_1_322' title='bbox 1102 3673 1261 3752; x_wconf 86' lang='lat' dir='ltr'><strong>majoribus</strong></span> <span class='ocrx_word' id='word_1_323' title='bbox 1277 3673 1306 3732; x_wconf 91' lang='lat' dir='ltr'><strong>in</strong></span> 
     </span>
     <span class='ocr_line' id='line_1_37' title="bbox 167 3767 1266 3837; baseline -0.002 -5"><span class='ocrx_word' id='word_1_324' title='bbox 167 3769 172 3778; x_wconf 84' lang='lat'>&#39;</span> <span class='ocrx_word' id='word_1_325' title='bbox 208 3771 307 3837; x_wconf 84' lang='lat' dir='ltr'><strong>rebus.</strong></span> <span class='ocrx_word' id='word_1_326' title='bbox 1193 3779 1195 3785; x_wconf 86' lang='lat'>&#39;</span> <span class='ocrx_word' id='word_1_327' title='bbox 1263 3767 1266 3772; x_wconf 82' lang='lat'>&#39;</span> 
     </span>
    </p>

    <p class='ocr_par' dir='ltr' id='par_1_12' title="bbox 203 3856 1306 4513">
     <span class='ocr_line' id='line_1_38' title="bbox 213 3856 1306 3934; baseline 0 -14"><span class='ocrx_word' id='word_1_328' title='bbox 213 3909 217 3914; x_wconf 95' lang='lat'>.</span> <span class='ocrx_word' id='word_1_329' title='bbox 246 3865 277 3921; x_wconf 90' lang='grc'><strong>7.</strong></span> <span class='ocrx_word' id='word_1_330' title='bbox 299 3861 434 3934; x_wconf 85' lang='lat' dir='ltr'><strong>Quantas</strong></span> <span class='ocrx_word' id='word_1_331' title='bbox 449 3867 548 3921; x_wconf 86' lang='lat' dir='ltr'><strong>autem</strong></span> <span class='ocrx_word' id='word_1_332' title='bbox 562 3860 676 3933; x_wconf 87' lang='lat' dir='ltr'><strong>turbas,</strong></span> <span class='ocrx_word' id='word_1_333' title='bbox 694 3867 755 3931; x_wconf 86' lang='lat' dir='ltr'><strong>aut,</strong></span> <span class='ocrx_word' id='word_1_334' title='bbox 778 3857 868 3918; x_wconf 88' lang='lat' dir='ltr'><strong>nobis</strong></span> <span class='ocrx_word' id='word_1_335' title='bbox 885 3857 1060 3919; x_wconf 82' lang='lat' dir='ltr'><strong>adversandi</strong></span> <span class='ocrx_word' id='word_1_336' title='bbox 1086 3856 1197 3932; x_wconf 81' lang='lat' dir='ltr'><strong>studio,</strong></span> <span class='ocrx_word' id='word_1_337' title='bbox 1219 3859 1306 3920; x_wconf 88' lang='lat' dir='ltr'><strong>salta·</strong></span> 
     </span>
     <span class='ocr_line' id='line_1_39' title="bbox 205 3951 1305 4026; baseline 0 -12"><span class='ocrx_word' id='word_1_338' title='bbox 205 3963 285 4014; x_wconf 86' lang='lat' dir='ltr'><strong>tores</strong></span> <span class='ocrx_word' id='word_1_339' title='bbox 297 3953 407 4026; x_wconf 77' lang='lat' dir='ltr'><strong>militie</strong></span> <span class='ocrx_word' id='word_1_340' title='bbox 421 3955 604 4016; x_wconf 73' lang='lat' dir='ltr'><strong>emotionem</strong></span> <span class='ocrx_word' id='word_1_341' title='bbox 618 3952 728 4013; x_wconf 86' lang='lat' dir='ltr'><strong>habere</strong></span> <span class='ocrx_word' id='word_1_342' title='bbox 749 3951 885 4026; x_wconf 73' lang='lat' dir='ltr'><strong>remndc,</strong></span> <span class='ocrx_word' id='word_1_343' title='bbox 907 3951 1055 4026; x_wconf 84' lang='lat' dir='ltr'><strong>excitarit,</strong></span> <span class='ocrx_word' id='word_1_344' title='bbox 1068 3963 1121 4012; x_wconf 88' lang='lat' dir='ltr'><strong>eut</strong></span> <span class='ocrx_word' id='word_1_345' title='bbox 1133 3951 1305 4014; x_wconf 86' lang='lat' dir='ltr'><strong>lacessendo</strong></span> 
     </span>
     <span class='ocr_line' id='line_1_40' title="bbox 206 4035 1304 4128; baseline -0.002 -19"><span class='ocrx_word' id='word_1_346' title='bbox 206 4057 237 4109; x_wconf 87' lang='lat' dir='ltr'><strong>et</strong></span> <span class='ocrx_word' id='word_1_347' title='bbox 251 4047 385 4126; x_wconf 81' lang='lat' dir='ltr'><strong>jubendo</strong></span> <span class='ocrx_word' id='word_1_348' title='bbox 399 4067 432 4112; x_wconf 90' lang='lat' dir='ltr'><strong>se</strong></span> <span class='ocrx_word' id='word_1_349' title='bbox 455 4046 687 4109; x_wconf 80' lang='lat' dir='ltr'><strong>Bacchanalium</strong></span> <span class='ocrx_word' id='word_1_350' title='bbox 706 4035 871 4107; x_wconf 83' lang='lat' dir='ltr'><strong>curatorem</strong></span> <span class='ocrx_word' id='word_1_351' title='bbox 891 4039 1097 4116; x_wconf 67' lang='lat' dir='ltr'><strong>doberniam</strong></span> <span class='ocrx_word' id='word_1_352' title='bbox 1119 4055 1219 4106; x_wconf 86' lang='lat' dir='ltr'><strong>cetera</strong></span> <span class='ocrx_word' id='word_1_353' title='bbox 1240 4065 1304 4128; x_wconf 78' lang='lat' dir='ltr'><strong>qne</strong></span> 
     </span>
     <span class='ocr_line' id='line_1_41' title="bbox 205 4137 1304 4221; baseline 0.004 -24"><span class='ocrx_word' id='word_1_354' title='bbox 205 4138 320 4221; x_wconf 79' lang='lat' dir='ltr'><strong>generis</strong></span> <span class='ocrx_word' id='word_1_355' title='bbox 333 4139 463 4220; x_wconf 85' lang='lat' dir='ltr'><strong>ejusdem</strong></span> <span class='ocrx_word' id='word_1_356' title='bbox 477 4151 555 4214; x_wconf 88' lang='lat' dir='ltr'><strong>sunt,</strong></span> <span class='ocrx_word' id='word_1_357' title='bbox 567 4141 708 4201; x_wconf 86' lang='lat' dir='ltr'><strong>omittam.</strong></span> <span class='ocrx_word' id='word_1_358' title='bbox 751 4137 816 4198; x_wconf 90' lang='lat' dir='ltr'><strong>Nec</strong></span> <span class='ocrx_word' id='word_1_359' title='bbox 830 4137 907 4198; x_wconf 90' lang='lat' dir='ltr'><strong>enim</strong></span> <span class='ocrx_word' id='word_1_360' title='bbox 919 4137 977 4197; x_wconf 90' lang='lat' dir='ltr'><strong>hoc</strong></span> <span class='ocrx_word' id='word_1_361' title='bbox 990 4139 1102 4216; x_wconf 82' lang='lat' dir='ltr'><strong>ignoro,</strong></span> <span class='ocrx_word' id='word_1_362' title='bbox 1112 4158 1170 4213; x_wconf 89' lang='lat' dir='ltr'><strong>me,</strong></span> <span class='ocrx_word' id='word_1_363' title='bbox 1180 4139 1232 4219; x_wconf 90' lang='lat' dir='ltr'><strong>qui</strong></span> <span class='ocrx_word' id='word_1_364' title='bbox 1245 4151 1304 4201; x_wconf 88' lang='lat' dir='ltr'><strong>tum</strong></span> 
     </span>
     <span class='ocr_line' id='line_1_42' title="bbox 203 4228 1303 4302; baseline 0 -10"><span class='ocrx_word' id='word_1_365' title='bbox 203 4232 289 4294; x_wconf 89' lang='lat' dir='ltr'><strong>istius</strong></span> <span class='ocrx_word' id='word_1_366' title='bbox 302 4230 428 4292; x_wconf 86' lang='lat' dir='ltr'><strong>insultus</strong></span> <span class='ocrx_word' id='word_1_367' title='bbox 439 4240 470 4292; x_wconf 91' lang='lat' dir='ltr'><strong>et</strong></span> <span class='ocrx_word' id='word_1_368' title='bbox 478 4233 670 4294; x_wconf 86' lang='lat' dir='ltr'><strong>contumelias</strong></span> <span class='ocrx_word' id='word_1_369' title='bbox 684 4228 851 4302; x_wconf 86' lang='lat' dir='ltr'><strong>tolerabam,</strong></span> <span class='ocrx_word' id='word_1_370' title='bbox 866 4229 905 4289; x_wconf 87' lang='lat' dir='ltr'><strong>ed</strong></span> <span class='ocrx_word' id='word_1_371' title='bbox 917 4239 1029 4290; x_wconf 88' lang='lat' dir='ltr'><strong>tantam</strong></span> <span class='ocrx_word' id='word_1_372' title='bbox 1050 4229 1232 4290; x_wconf 88' lang='lat' dir='ltr'><strong>iracundiam</strong></span> <span class='ocrx_word' id='word_1_373' title='bbox 1248 4230 1303 4292; x_wconf 90' lang='lat' dir='ltr'><strong>sin-</strong></span> 
     </span>
     <span class='ocr_line' id='line_1_43' title="bbox 205 4321 1302 4408; baseline -0.002 -22"><span class='ocrx_word' id='word_1_374' title='bbox 205 4325 283 4408; x_wconf 77' lang='lat' dir='ltr'><strong>gulis</strong></span> <span class='ocrx_word' id='word_1_375' title='bbox 295 4325 418 4386; x_wconf 86' lang='lat' dir='ltr'><strong>istorum</strong></span> <span class='ocrx_word' id='word_1_376' title='bbox 428 4325 578 4399; x_wconf 86' lang='lat' dir='ltr'><strong>concitari,</strong></span> <span class='ocrx_word' id='word_1_377' title='bbox 591 4335 732 4406; x_wconf 86' lang='lat' dir='ltr'><strong>quantam</strong></span> <span class='ocrx_word' id='word_1_378' title='bbox 746 4323 839 4396; x_wconf 87' lang='lat' dir='ltr'><strong>ullum</strong></span> <span class='ocrx_word' id='word_1_379' title='bbox 852 4321 1064 4384; x_wconf 86' lang='lat' dir='ltr'><strong>atrocissimum</strong></span> <span class='ocrx_word' id='word_1_380' title='bbox 1084 4323 1202 4395; x_wconf 79' lang='lat' dir='ltr'><strong>lacinus</strong></span> <span class='ocrx_word' id='word_1_381' title='bbox 1225 4343 1302 4386; x_wconf 87' lang='lat' dir='ltr'><strong>com·</strong></span> 
     </span>
     <span class='ocr_line' id='line_1_44' title="bbox 206 4409 1302 4513; baseline 0 -34"><span class='ocrx_word' id='word_1_382' title='bbox 206 4437 323 4482; x_wconf 86' lang='lat' dir='ltr'><strong>movere</strong></span> <span class='ocrx_word' id='word_1_383' title='bbox 336 4416 498 4499; x_wconf 85' lang='lat' dir='ltr'><strong>potuisset:</strong></span> <span class='ocrx_word' id='word_1_384' title='bbox 519 4418 603 4478; x_wconf 87' lang='lat' dir='ltr'><strong>vobis</strong></span> <span class='ocrx_word' id='word_1_385' title='bbox 617 4409 715 4480; x_wconf 63' lang='lat' dir='ltr'><strong>suern</strong></span> <span class='ocrx_word' id='word_1_386' title='bbox 729 4417 846 4492; x_wconf 87' lang='lat' dir='ltr'><strong>ceteris,</strong></span> <span class='ocrx_word' id='word_1_387' title='bbox 857 4416 895 4478; x_wconf 90' lang='lat' dir='ltr'><strong>ad</strong></span> <span class='ocrx_word' id='word_1_388' title='bbox 908 4435 983 4496; x_wconf 86' lang='lat' dir='ltr'><strong>quos</strong></span> <span class='ocrx_word' id='word_1_389' title='bbox 997 4435 1033 4477; x_wconf 90' lang='lat' dir='ltr'><strong>ea</strong></span> <span class='ocrx_word' id='word_1_390' title='bbox 1044 4413 1116 4513; x_wconf 82' lang='lat' dir='ltr'><strong>nihil</strong></span> <span class='ocrx_word' id='word_1_391' title='bbox 1131 4415 1302 4487; x_wconf 84' lang='lat' dir='ltr'><strong>attinebant,</strong></span> 
     </span>
    </p>
   </div>
   <div class='ocr_carea' id='block_1_10' title="bbox 0 0 1470 4952">
    <p class='ocr_par' dir='ltr' id='par_1_13' title="bbox 0 0 1470 4952">
     <span class='ocr_line' id='line_1_45' title="bbox 0 0 1470 4952; baseline 0 8"><span class='ocrx_word' id='word_1_392' title='bbox 0 0 1470 4952; x_wconf 95' lang='lat' dir='ltr'><strong> </strong></span> 
     </span>
    </p>
   </div>
  </div>
 </body>
</html>
