2920 4950
228 197 265 305 ro
416 304 417 313 Ν
577 247 819 314 nnrnrrrrca
840 251 985 314 narnia.

224 397 287 469 Sed
305 403 371 480 hoc,
393 405 602 480 Athenienses,
617 411 758 490 preclare
781 410 830 474 ille
853 412 943 485 novit,
966 413 1032 482 hec
1055 409 1121 472 loca
1146 409 1244 470 omnia
1261 425 1334 467 esse.

223 495 292 556 belli
307 501 436 579 praemia,
446 501 475 560 in
492 500 587 562 medio
597 503 709 582 posita:
732 514 865 569 naturam
881 505 1023 574 adamita
1036 504 1120 575 ferre,
1130 511 1162 562 ut
1175 499 1328 581 preasenti-

224 591 279 650 bus
298 593 407 654 cedant
423 615 489 673 quae
503 605 572 656 sunt
586 598 763 670 absentium,
782 609 813 657 et
830 596 997 658 volentibus
1013 599 1128 658 labores
1146 615 1183 656 ac
1196 593 1330 674 petiema

224 683 314 756 adire,
329 705 396 763 quse
410 697 480 747 sunt
493 688 714 770 negligentium.
755 690 822 751 llac
842 690 891 754 ille
907 690 1052 754 sententia
1064 710 1137 752 usus
1147 688 1245 750 omnis
1256 688 1328 746 snb·

223 775 284 854 egit
295 786 324 837 et
342 789 433 850 tenet,
453 780 514 840 alia·
529 791 566 841 ut
585 791 673 861 capta
685 781 751 862 quis
766 782 840 842 belli
843 783 910 861 jure
928 791 1038 854 teneat,
1059 782 1117 844 alia
1137 781 1329 848 mcietstinus

223 880 325 950 atque.
337 873 470 937 amicitiis
487 874 540 934 sibi
559 874 747 935 devinciens:
776 876 884 938 etenim
909 875 1041 936 cumbis
1059 877 1225 956 societatem
1245 872 1329 949 inire,

221 972 311 1042 atque
324 963 368 1025 his
381 965 540 1042 adhaerere,
552 969 656 1029 volunt
667 988 780 1043 omues,
793 979 872 1049 qnos
886 969 1045 1030 instructos
1056 989 1123 1030 esse
1137 969 1238 1029 vident
1251 973 1281 1026 'et
1290 985 1329 1031 ea

223 1065 516 1142 quoe'oportetage're
529 1071 657 1141 paratos.
1312 1052 1316 1064 ¹

262 1155 292 1209 4.
315 1151 346 1209 Si
365 1153 454 1232 igitur
463 1159 516 1214 vbs
534 1154 633 1227 etiam,
646 1153 853 1229 Athenienses,
860 1155 918 1216 hoc
937 1155 1034 1216 animo
1048 1173 1111 1216 esse
1125 1173 1204 1215 nunc
1216 1151 1326 1222 velitis,

219 1243 341 1324 quando
355 1245 476 1330 quidem
490 1245 572 1329 p'rins
591 1267 649 1308 non
655 1245 759 1328 fuistis
767 1271 777 1314 ,·
798 1260 828 1309 et
849 1248 1048 1329 unusquisque
1062 1253 1204 1319 vestrum,
1218 1245 1326 1324 quibus

157 1379 163 1406 ,
222 1335 253 1396 in
268 1338 354 1397 rebus
364 1337 453 1397 debet
466 1345 496 1397 et
509 1348 608 1417 potest
622 1338 790 1421 reipublicae
801 1361 835 1401 se
850 1329 951 1401 utilem
963 1349 1112 1420 praestare,
1127 1338 1207 1402 amni
1219 1337 1337 1400 omissa

216 1423 465 1502 dissimulatione,
476 1429 580 1510 aliquid
591 1450 699 1494 navare
714 1433 752 1494 'sit
761 1419 898 1512 paratum
914 1433 1049 1506 nimirum,
1058 1432 1109 1512 qui
1118 1431 1198 1492 dives
1206 1441 1262 1505 est,
1274 1428 1328 1488 tri-

213 1515 293 1584 ‘buta
305 1523 448 1594 conferre,
457 1524 506 1602 qui
519 1543 588 1583 vero
597 1523 627 1582 in
639 1534 727 1586 aetate
742 1531 788 1585 est
799 1525 878 1584 bello
886 1535 966 1605 apta,
973 1523 1096 1585 militare
1107 1521 1283 1602 3-derrique
1293 1529 1330 1581 ut

220 1637 282 1678 uno
293 1619 380 1676 verbo
391 1612 614 1696 simpliciterque
624 1618 731 1692 dicam,
741 1619 863 1679 sivestri
874 1622 1025 1698 compotes
1036 1615 1089 1697 ipsi
1097 1615 1158 1678 fieri
1166 1616 1327 1688 volueritis,

221 1720 254 1772 et
267 1709 406 1770 desieritis
421 1709 544 1788 quisque
557 1713 742 1783 vestrumea
755 1710 873 1790 quidem
887 1711 1111 1771 nihiliscturum
1120 1727 1187 1770 esse
1199 1729 1328 1788 sperare,

222 1801 312 1864 alium
324 1821 393 1863 vero
407 1821 459 1882 pro
474 1822 506 1862 se
520 1803 619 1862 omnia
637 1803 852 1884 praestiturum
875 1813 939 1864 tum
953 1814 984 1864 et
997 1823 1114 1884 eaquae
1127 1811 1226 1861 vestra
1245 1801 1326 1871 sunt,

221 1893 279 1956 deo
292 1895 418 1969 volente,
432 1894 606 1975 percipietis,
622 1906 653 1955 et
673 1896 780 1957 amissa
799 1916 852 1976 per
875 1897 1039 1958 socordiam
1062 1893 1281 1974 recuperabitis,
1294 1901 1327 1953 et

219 1987 304 2049 illum
317 1985 505 2048 ulciscemini.
533 1983 635 2078 Neque
646 1989 722 2048 enim
735 1987 912 2059 existimetis,
921 1989 972 2059 ilii,
981 1998 1120 2068 tanquam
1132 1987 1186 2047 deo
1196 1985 1325 2058 cuidam,

216 2085 396 2162 'praesentem
407 2080 469 2160 ejus
483 2080 628 2144 fortunam
641 2079 827 2144 immobiliter
840 2083 933 2141 firram'
944 2101 1009 2142 esse
1022 2082 1053 2141 in
1068 2087 1257 2162 perpetuum
1279 2091 1327 2140 est

221 2173 299 2235 enirn
319 2169 371 2253 qui
389 2171 471 2234 illum
492 2173 565 2246 odit,
588 2174 697 2254 quique
718 2173 830 2244 metuit,
853 2173 1054 2246 Athenienses,
1077 2175 1184 2258 quique
1204 2174 1326 2247 invidet,

219 2267 308 2329 etiarn
320 2287 357 2326 err
370 2266 405 2326 iis
416 2265 466 2344 qni
476 2265 538 2345 jam
554 2265 594 2324 illi
610 2263 773 2326 amicissimi
788 2265 1015 2326 essevidentnr:
1030 2275 1060 2326 et
1070 2265 1203 2346 profecto
1214 2266 1321 2338 omnia,

215 2353 405 2444 'quaecunque
419 2359 449 2419 in
458 2359 521 2420 aliis
529 2357 855 2443 quibusvishominihus
866 2357 1130 2441 reperiuntur,hoee
1141 2357 1170 2417 iu
1181 2359 1215 2442 iis
1226 2357 1324 2431 etiam,
1358 2399 1361 2406 ·

213 2455 273 2538 'qui
286 2475 353 2515 cum
366 2454 416 2514 illo
431 2461 509 2525 sunt,
523 2453 619 2512 inesse
642 2450 865 2514 existimandum
885 2464 939 2514 est.
975 2449 1049 2514 Haec
1062 2469 1131 2511 vero
1145 2451 1243 2512 omnia
1262 2471 1325 2532 praa

221 2558 303 2608 metu
317 2567 395 2608 nunc
408 2565 439 2606 se
453 2543 726 2616 abscondunt,‘enm
742 2545 853 2604 nullum
867 2545 996 2606 habeant
1010 2543 1190 2622 coniugium,
1208 2556 1327 2624 propter

179 2629 181 2638 ¹
218 2655 346 2701 vestram
367 2639 532 2698 tarditatem
549 2647 579 2696 et
593 2635 765 2708 socordiam,
781 2657 868 2718 quam
883 2640 956 2696 robis
964 2627 1027 2718 jam
1048 2656 1111 2700 esse
1132 2637 1324 2720 abjiciendam

219 2733 299 2796 dico.
320 2727 435 2791 Videtis
449 2730 525 2789 enirn
539 2749 611 2801 rem,
624 2728 830 2802 Athenienses,
847 2749 904 2810 quo
922 2732 1113 2811 protervitatis
1131 2732 1324 2807 evasithomo

214 2819 287 2900 iste,
300 2826 350 2904 qui
359 2844 395 2883 ne
405 2819 524 2904 quidem
540 2822 687 2902 optionem
702 2823 785 2884 vobis
799 2821 851 2882 dat
866 2832 917 2882 aut
927 2823 997 2884 belli
1015 2823 1147 2904 gerendi,
1165 2834 1215 2885 aut
1232 2825 1325 2885 otium

215 2911 342 3000 ¹agendi;
365 2917 418 2978 sed
430 2915 586 2985 minitatur,
601 2925 630 2974 et
644 2915 785 2995 superbis,
799 2925 833 2976 ut
845 2914 923 2974 fama
942 2925 997 2988 est,
1016 2917 1195 2976 sermonibus
1215 2917 1324 2987 utitur:

188 3037 194 3046 ·
220 3031 316 3093 neque
336 3009 441 3072 adduci
455 3017 607 3090 potestat,
629 3028 696 3088 quae
711 3007 774 3087 Jam
788 3009 904 3088 subegit
916 3009 1056 3081 retinens,
1071 3009 1120 3068 his
1136 3011 1325 3090 acquiescam

215 3099 273 3168 ¹aed
282 3114 424 3189 perpetuo
437 3101 508 3182 quid
518 3101 641 3181 amplius
655 3101 781 3176 molitur,
792 3101 941 3165 etcircum
950 3101 1078 3184 undique
1086 3111 1259 3165 cunctantes
1271 3125 1323 3166 vos

215 3193 542 3284 atquesedentesoelut
555 3195 693 3277 indagine
707 3193 807 3276 cingit.
921 3175 944 3238 ll
981 3273 984 3280 γ

212 3301 216 3310 “
261 3297 292 3353 5.
314 3290 443 3358 Quando
453 3289 551 3370 igitur,
564 3287 772 3362 Athenienses,
785 3289 904 3370 qnando
919 3307 984 3372 qum
995 3287 1109 3372 oportet
1120 3290 1254 3356 iacietis?
1275 3291 1326 3353 uhi

213 3379 332 3465 'aliquid
346 3381 506 3444 acciderit?
526 3381 577 3441 ubi
590 3380 679 3442 credo
698 3383 857 3444 necessitas
878 3383 974 3462 aliqua
993 3383 1098 3442 fueriti
1119 3381 1167 3444 De
1186 3389 1326 3466 praesenti

220 3477 312 3558 igitur
323 3496 418 3536 rerum
433 3484 509 3550 statu
522 3495 587 3555 quse
600 3475 683 3536 vobis
697 3476 795 3554 opinio
809 3495 873 3540 esse
888 3475 997 3535 debet?
1019 3475 1085 3555 Ego
1099 3477 1175 3536 enim
1190 3479 1323 3550 arbitror,

212 3569 319 3632 ‘liberis
331 3567 503 3629 hominibus
517 3567 673 3628 maximam
689 3587 753 3628 esse
766 3569 983 3643 necessitatem,
1000 3590 1035 3629 ex
1047 3572 1132 3631 rebus
1151 3572 1243 3650 gestis
1258 3593 1323 3633 sue

191 3673 196 3684 '
219 3675 340 3745 ceptum
349 3659 487 3722 dedecus.
510 3661 589 3719 Num
598 3659 697 3733 vultis,
711 3680 820 3740 quaeso,
829 3662 1115 3724 circumcursitantes
1129 3685 1166 3724 ex
1178 3665 1325 3727 vobismet

219 3757 290 3840 ipsis'
302 3750 466 3838 percontari
486 3752 517 3812 in
530 3751 604 3827 loro,
622 3751 776 3815 Diciturne
800 3753 1006 3835 aliquidnovii
1026 3755 1209 3834 Ecquidnam
1228 3759 1324 3840 magis

216 3868 326 3911 novum
334 3863 400 3909 esse
409 3854 515 3927 potest,
523 3861 610 3926 qnam
621 3843 768 3907 hominem
778 3845 975 3908 Macedonem
983 3845 1176 3925 Athenienses
1184 3850 1263 3911 bello
1272 3849 1322 3913 su'·

218 3943 331 4022 bigere,
342 3939 523 4019 Graeciaeque
534 3959 579 3999 res
592 3935 811 4000 administraret
825 3939 999 4000 Mortuusne
1010 3951 1054 4000 est
1064 3939 1238 4022 Philippus?
1254 3943 1323 4006 Non

218 4035 328 4106 liercle,
345 4031 399 4093 sed
413 4041 546 4112 aegrotat.
568 4030 647 4102 Quid
661 4049 729 4092 vero
747 4031 803 4092 hoc
817 4043 916 4093 vestra
931 4033 1074 4094 interest?
1095 4031 1159 4094 Etsi
1173 4036 1249 4110 enirn
1269 4031 1322 4096 ali'-

211 4124 290 4210 ‘quid
305 4125 331 4186 ei
339 4121 486 4196 acciderit,
496 4123 577 4184 brevi
589 4144 642 4186 vos
654 4123 744 4185 alium
758 4123 926 4206 Philippum
942 4123 1152 4200 satisfacietis,
1166 4127 1191 4188 si
1210 4127 1324 4206 animos

220 4219 308 4281 rebus
322 4217 423 4278 nestris
433 4215 490 4277 hoc
503 4218 591 4278 modo
604 4217 787 4292 adhibeatis:
809 4227 904 4297 neque
918 4215 1031 4278 animis
1048 4221 1164 4278 tantum
1179 4221 1239 4280 suis
1254 4221 1322 4282 viri·

220 4313 278 4374 bus
292 4309 392 4381 crevit,
404 4319 546 4389 qnantum
560 4321 662 4371 nostra
675 4309 864 4390 negligentia.
905 4311 947 4371 At
959 4311 1032 4370 illud
1052 4331 1140 4392 pone.
1167 4308 1282 4391 Siquid
1296 4315 1322 4375 ei

221 4403 370 4482 acciderit,
383 4401 525 4483 nobisque
539 4403 656 4469 fortuna
669 4401 859 4484 severisque
873 4423 987 4486 semper
1003 4403 1108 4468 melius
1129 4423 1184 4470 nos
1202 4407 1323 4480 curarit,
