2920 4950
471 330 750 396 otuuruntcn-
763 317 792 393 u
812 333 893 412 (ur).
1199 333 1250 390 ss·

134 485 350 548 cre-facultates
364 486 616 566 inuuapotestate
627 488 769 559 habebat„
786 497 816 547 et
825 517 829 524 ·
838 489 914 548 bene
929 507 1030 547 secum
1040 485 1241 566 egiputabant

133 580 232 638 caeteri
244 598 356 652 omnes,
372 579 553 660 sia-populo
567 589 619 642 aut
638 580 780 640 honorem
791 591 842 640 aut
850 579 1052 659 magistratum
1065 588 1116 638 aut
1127 579 1240 642 benefi-

132 671 210 732 cium
222 671 343 751 aliquod
357 673 507 734 consecuti
518 681 617 732 essent
627 693 634 732 :
646 693 725 732 nunc
735 683 839 733 contra
849 691 952 732 omnes
965 671 1132 751 reipublicae
1145 669 1254 729 facul-‘

132 772 210 824 tates
225 784 318 845 penes
332 775 402 829 sunt
415 767 612 845 magistratus,
622 784 779 843 eorumque
788 765 908 824 arbitrio
921 774 1062 843 geruntur
1071 755 1179 832 omnia,
1187 781 1240 822 vos

131 857 273 936 populus,
292 860 422 917 enervati
441 879 476 919 ac
493 858 620 937 pecunia
631 868 662 918 et
674 857 761 918 sociis
769 856 1005 936 spoliati,lamuli
1015 843 1243 916 etadditamenti

132 949 229 1010 vicem
245 948 396 1024 obtinetis,
409 951 538 1012 contenti
558 951 583 1009 si
599 950 758 1010 theatrales
776 950 915 1030 pecunias
926 949 1008 1009 vobis
1017 949 1185 1028 impertiant
1193 947 1242 1008 isti

133 1050 186 1108 aut
198 1042 502 1103 viscerationesforte
513 1043 652 1117 miserint,
674 1053 705 1103 et
717 1042 798 1122 qu'od
812 1043 941 1104 omnium
952 1040 1177 1121 abjectissimum
1188 1049 1240 1111 est,

133 1143 255 1213 propter
269 1153 304 1194 ea
316 1154 383 1214 quse
395 1144 492 1195 vestra
505 1145 574 1196 sunt
588 1136 712 1214 gratiam
726 1136 813 1196 etiam
823 1135 950 1195 habetis.
988 1133 1052 1202 'Qui
1064 1152 1133 1192 vero
1146 1152 1198 1192 vos
1210 1133 1242 1190 in

133 1225 212 1284 hauc
226 1227 332 1286 urbem
346 1236 484 1304 tanquam·
496 1215 632 1287 carcerem
645 1227 800 1301 inclusere,
813 1227 852 1288 ad
865 1227 936 1286 talia
948 1245 1001 1287 vos
1016 1225 1147 1286 alliciunt
1160 1235 1190 1284 et
1203 1225 1245 1300 ci-

134 1328 240 1378 curant
260 1328 295 1379 ut
307 1339 359 1378 vos
375 1319 414 1379 ad
427 1329 531 1379 nutum
544 1329 664 1399 paratos
675 1320 813 1379 habeant.
855 1319 931 1378 Fieri
951 1315 1031 1390 uero,
1045 1329 1112 1377 mea
1124 1317 1242 1396 quidem

135 1409 295 1483 sententia,
305 1429 490 1491 nequaquam
504 1420 612 1491 potest,
626 1419 660 1469 ut
671 1429 810 1489 magnum
824 1407 933 1490 aliquid
948 1429 1158 1488 generosumve
1173 1428 1241 1468 sen-

134 1502 246 1563 tia'nt'ii
265 1503 316 1582 qui
331 1505 426 1584 parvis
442 1523 478 1563 ac
492 1505 595 1564 vilibus
616 1505 702 1563 rebus
721 1511 916 1584 occupentur:
939 1522 1009 1562 nam
1028 1503 1244 1582 qualiacunque

135 1593 290 1655 hominum
303 1595 531 1668 studiafueriut,
542 1596 649 1656 talibus
664 1616 715 1660 eos
729 1606 760 1657 et
773 1593 876 1656 animis
891 1615 955 1656 esse
969 1595 1107 1676 praeditos
1121 1613 1245 1653 necesse

135 1697 194 1746 est.
238 1687 315 1747 Haeo
334 1689 448 1748 medius
460 1689 559 1761 ,fidius
573 1688 652 1749 haud
668 1689 802 1760 mirabor,
825 1690 850 1749 si
867 1689 937 1747 mihi
960 1689 1010 1768 qui
1033 1687 1157 1747 dixerim
1176 1687 1243 1766 plus

136 1779 219 1859 apud
240 1799 293 1840 vos
312 1781 477 1854 nocuerint,
500 1800 588 1860 quam
606 1781 676 1860 ipsis
698 1780 802 1840 hurum
823 1801 920 1841 rerum
938 1780 1124 1841 auctoribus:
1145 1799 1242 1858 neque

137 1873 215 1932 enim
230 1891 346 1951 semper
356 1873 435 1952 apud
447 1891 500 1933 vos
511 1873 644 1934 omnibus
655 1874 692 1933 de
703 1873 789 1933 rebus
800 1870 888 1934 libere
899 1873 979 1953 loqui
990 1873 1069 1945 licet,
1083 1873 1171 1951 idque
1187 1891 1243 1951 ego

138 1965 186 2026 vel
201 1985 282 2024 nunc
295 1963 414 2024 licuisse
427 1964 521 2024 miror.

181 2059 230 2116 10.
252 2057 342 2123 Quod
367 2057 393 2116 si
414 2077 494 2116 nunc
527 2057 631 2116 saltem
655 2057 782 2118 moribus
807 2059 869 2118 istis
890 2057 1000 2117 relictis
1018 2057 1140 2116 militare
1161 2067 1192 2116 et
1212 2065 1246 2115 ut

136 2158 237 2210 vestra
250 2147 379 2227 dignitas
392 2148 525 2228 postulat
537 2168 598 2208 rem
613 2169 711 2228 gerere
724 2149 883 2224 volueritis,
911 2159 997 2228 atque
1018 2149 1121 2209 harum
1142 2149 1243 2209 dome-

138 2243 280 2302 sticarum
297 2259 385 2319 opum
410 2239 605 2300 redundantia
626 2241 707 2300 velut
725 2241 919 2301 instrumento
940 2241 1059 2301 utemini
1073 2240 1111 2300 ad
1126 2250 1247 2300 externa

139 2334 218 2394 bona
230 2333 421 2408 comparando,
443 2332 583 2405 fortassis,
601 2332 808 2406 Athenienses,
818 2335 950 2393 fortassis
959 2334 1118 2414 perfectum
1128 2333 1246 2412 aliquod

141 2436 172 2487 et
184 2445 330 2505 magnum
343 2425 456 2484 bonum
477 2425 703 2504 consequemini,
725 2426 833 2486 talibus
849 2426 963 2486 lucellis
986 2425 1152 2505 repudiatis,
1178 2443 1245 2502 qum

142 2539 213 2580 cum
228 2516 301 2578 cibis
316 2536 391 2597 quos
405 2517 477 2576 dant
496 2518 613 2596 aegrotis
637 2519 744 2578 medici
769 2519 894 2578 conferri
910 2529 1044 2599 possunt.
1084 2517 1200 2576 Etenim
1214 2526 1247 2575 ut

140 2612 295 2690 illincque
309 2611 386 2670 vires
402 2609 527 2670 afferunt
539 2631 634 2691 neque
645 2613 736 2671 emori
749 2611 909 2691 patiuntur,
929 2615 968 2671 ric
982 2621 1012 2672 et
1023 2613 1089 2685 ista,
1106 2631 1172 2691 quse
1194 2630 1247 2670 vos

140 2724 221 2764 nunc
233 2701 395 2782 percipitis,
406 2721 503 2780 neque
516 2711 599 2762 tanta
613 2712 685 2762 sunt
696 2712 730 2761 ut
743 2703 813 2763 satis
827 2723 963 2782 magnam
974 2723 1074 2763 secum
1087 2703 1248 2763 commodi-

140 2807 233 2858 tatem
257 2795 386 2868 trahant,
408 2814 504 2875 neque
518 2812 571 2856 ros
584 2794 619 2854 iis
635 2795 782 2875 despectis
798 2796 837 2856 ad
857 2797 914 2856 alia
937 2793 1067 2857 converti
1088 2797 1248 2876 patiuntur,

115 2931 125 2938 -
142 2889 197 2950 scd
210 2887 352 2947 alimenta
366 2896 437 2946 sunt
449 2896 580 2947 vestrum
593 2887 720 2946 omnium
740 2887 891 2947 socordiae.
933 2888 1016 2948 Tune
1030 2908 1101 2967 ergo
1116 2888 1249 2948 mercede

141 2979 329 3040 militandum
349 2979 474 3040 censes?
495 2979 608 3059 inquiet
629 2979 741 3058 aliquis.
784 2979 877 3039 Sane:
899 2989 930 3040 et
948 2981 1102 3060 evestigio
1124 2979 1248 3040 eandem

142 3093 208 3135 esse
230 3070 445 3131 ordinationem
467 3073 607 3142 omnium,
630 3071 833 3146 Athenienses,
856 3081 890 3132 ut
912 3073 1109 3132 emolumenta
1130 3071 1249 3152 publica

142 3166 269 3245 quisque
283 3163 438 3242 accipiens,
453 3163 646 3242 quodcunque
666 3163 775 3224 civitati
796 3184 869 3244 opus
891 3163 989 3236 fuerit,
1018 3165 1056 3224 ad
1082 3164 1175 3224 idsit
1195 3185 1248 3244 pa-

143 3269 233 3318 ratus.
289 3255 376 3316 Licet
404 3275 491 3335 agere
521 3255 636 3315 otium?
691 3256 782 3316 Domi
806 3266 1001 3316 commoratus
1027 3255 1139 3316 meliori
1158 3258 1249 3316 uteris

146 3347 340 3425 conditione,-
357 3347 540 3408 necessitatis
564 3348 677 3428 'expers
707 3358 791 3426 turpe
821 3349 941 3428 aliquod
969 3350 1008 3408 ob
1024 3349 1161 3430 ‘inopiam
1196 3351 1249 3410 ad·

145 3440 293 3503 mittendi.
342 3440 451 3500 Incidit
475 3441 644 3518 hujusmodi
664 3441 823 3522 quippiam,
850 3441 937 3520 quale
955 3442 1057 3502 nunc?
1097 3443 1153 3504 His
1180 3443 1249 3522 ipsis

144 3532 352 3595 emolumentis
371 3533 527 3604 conductus,
542 3543 576 3592 ut
595 3553 712 3612 aequum
725 3543 771 3594 est
783 3554 835 3613 pro
848 3536 952 3613 patria,
966 3535 1111 3596 militabis.
1155 3536 1247 3596 Estne

144 3637 276 3688 vestrum
290 3623 394 3702 aliquis
416 3634 499 3684 extra
511 3635 630 3686 aetatem
645 3627 811 3686 militarem?
852 3629 928 3694 Quae
948 3628 973 3687 is
988 3649 1066 3689 nunc
1078 3637 1161 3688 extra
1173 3629 1251 3688 ordi-

143 3741 212 3780 nem
225 3718 314 3798 capit‚
329 3714 401 3776 nihil
414 3717 622 3796 rempublicam
637 3719 789 3796 adjuvans,
808 3739 844 3780 ea
856 3719 888 3778 in
899 3720 1035 3799 aequabili
1049 3720 1150 3780 ordine
1173 3719 1271 3779 acci-'

144 3813 217 3893 piat,
231 3809 332 3872 omnia
341 3809 497 3888 inspiciens
511 3820 542 3868 et
556 3809 761 3871 administrans
774 3831 840 3890 quae
855 3821 925 3871 sunt
937 3812 1064 3892 agenda.

186 3907 236 3964 ll.
258 3901 307 3961 Ad
329 3921 482 3975 summam,
501 3921 596 3980 neque
618 3903 774 3964 detrahens
796 3904 951 3983 quicquam
982 3917 1086 3982 neque
1108 3902 1249 3983 adjiciens

145 4010 253 4080 praeter
263 4016 368 4078 pauca,
379 3997 551 4056 confusione
564 3997 691 4072 sublata,
704 3998 915 4077 rempublicam
934 3997 965 4056 in
986 3997 1116 4058 ordinem
1139 3998 1250 4078 redegi,

145 4094 249 4154 eodem
262 4091 435 4170 accipiendi,
450 4088 603 4161 militandi,
618 4090 781 4168 judicandi,
795 4100 826 4150 et
839 4090 870 4149 id
883 4088 990 4168 agendi
1008 4090 1086 4168 quod
1101 4110 1154 4170 pro
1165 4101 1252 4150 aetate

146 4187 271 4268 quisque
291 4192 390 4263 potest
412 4183 552 4262 quodque
564 4191 680 4261 tempus
702 4181 843 4262 postulat,
867 4181 967 4240 ordine
990 4183 1131 4243 instituto.
1172 4183 1253 4242 Nus-

146 4297 237 4360 quam
250 4294 308 4356 ego
323 4276 393 4348 dixi,
407 4276 479 4335 nibil
490 4275 644 4355 agentibus
663 4295 698 4354 ea
717 4293 782 4334 esse
810 4274 1011 4334 distribuenda
1024 4297 1091 4355 quae
1104 4277 1252 4354 fungenti·

147 4375 202 4433 bus
222 4369 321 4432 officio
343 4369 496 4442 debentur,
518 4387 615 4448 neque
634 4367 713 4448 ipsos
735 4365 868 4429 desidere
883 4367 1149 4447 omniqueconsilio
1164 4369 1256 4429 desti·
