2886 4946
235 265 294 324 no
591 222 982 324 crrenn'rmnrrn

233 411 297 478 lom
312 416 449 500 pecunie
466 410 707 498 dilmgiriieiim,
724 422 827 479 sonim
842 419 1031 496 'compescere
1050 401 1317 484 maledicentiam,
1319 417 1348 470 et

234 490 353 574 efficere
373 513 408 573 nt
429 516 486 574 rios
505 511 643 574 laudibus
667 512 834 574 eveherent.
870 510 932 572 Sed
943 527 993 572 me
1010 505 1140 587 puderet
1151 511 1280 564 vestram
1293 503 1348 562 be·

234 606 434 666 nescientiam
455 604 573 668 abistis
595 602 730 679 merceri,
750 605 800 684 qui
805 609 927 685 ριιιιιιι
947 609 1056 674 cetero
1081 606 1144 658 tem
1161 595 1348 656 confidentes

236 708 316 770 sunt,
332 707 366 758 ut
374 699 438 779 jem
460 697 498 758 de
516 697 688 779 Amphipoli
704 717 822 759 morere
837 697 922 759 nobis
935 678 1165 757 controversiam
1186 703 1247 750 non
1260 688 1349 750 dubi-
1435 691 1436 696 ’

234 801 301 854 tent
303 811 379 874 ,pro
392 813 453 873 qua
465 811 523 873 ego
536 813 584 854 me
596 803 671 873 puto
683 791 773 900 longe
790 777 969 853 dictorem
953 787 1093 896 nequiore,
1106 803 1198 864 quam
1210 783 1283 852 ittet
1297 783 1350 862 qui

235 886 383 990 diemsibi
395 887 573 948 vendicant.
596 888 657 948 sive
671 887 749 948 enim
759 905 863 948 comm
874 885 923 958 sit',
936 882 987 962 qui
1000 881 1084 962 priori
1076 875 1279 948 devicerunt,
1294 897 1350 936 on·

236 997 297 1038 non
307 978 375 1058 jore
388 998 444 1038 nos
458 979 540 1038 illem
558 979 712 1053 hebemus,
731 999 800 1040 cum
814 976 983 1040 Alexander
997 987 1070 1036 eriis
1091 981 1192 1036 noster
1203 970 1350 1052 oppidum

206 1099 207 1102 ¹
236 1070 438 1151 iiludprjmos
453 1073 628 1153 occuparit?
647 1073 729 1134 unde
746 1074 836 1135 etism
858 1072 896 1133 de
911 1069 1044 1152 primitiis
1062 1067 1219 1148 ceptorum
1240 1065 1351 1130 Medo·

237 1184 314 1238 rum,
335 1163 460 1244 Delphis
475 1171 594 1226 enreem
614 1175 742 1232 ιιιιιιιιιιι
766 1163 933 1226 dedicavit:
955 1163 1017 1224 sire
1036 1159 1095 1246 lroc
1115 1159 1220 1237 aliquis
1240 1158 1272 1218 in
1294 1157 1352 1225 dus

199 1277 202 1292 ·
237 1257 322 1318 bium
335 1267 433 1331 vocat,
447 1267 593 1320 eteorum
606 1260 670 1320 fieri
683 1269 789 1321 censet
800 1259 851 1339 qui
861 1257 1004 1340 postremi
1017 1253 1177 1338 potientes,
1188 1251 1247 1314 hoc
1260 1250 1353 1313 etiem

234 1349 287 1430 jos
300 1369 393 1431 penes
407 1371 455 1412 me
469 1363 533 1422 θεῖς
555 1353 734 1434 expugnatis
747 1353 826 1418 enirn
838 1353 896 1414 illis
911 1351 961 1431 qni
973 1367 1027 1410 vos
1042 1348 1199 1428 ejecerant,
1216 1353 1249 1406 et
1260 1363 1281 1404 a
1295 1345 1353 1404 Lc-

238 1443 427 1504 cedaenioniis
436 1445 476 1505 ibi
489 1447 625 1510 collocati
638 1448 765 1519 fuerant,
781 1447 923 1528 oppidum
934 1443 1012 1524 cepi.
1033 1441 1127 1519 Atqui
1139 1459 1243 1502 omnes
1256 1439 1290 1498 in
1304 1459 1353 1502 ur·

124 1583 127 1588 .
236 1537 325 1597 bibus
336 1537 517 1610 habitamus,
532 1540 581 1600 vel
595 1559 615 1598 ιι
626 1541 785 1620 majoribus
800 1537 943 1617 deceptis,
954 1536 1003 1597 vel
1016 1535 1095 1596 bello
1109 1531 1250 1597 subactis.
1288 1533 1352 1594 Vos

239 1639 348 1704 ιιιιιειιι,
367 1629 419 1710 qni
435 1633 531 1710 neque
551 1632 637 1712 primi
655 1629 947 1711 pendentemque
959 1649 1041 1692 nnnc
1054 1627 1205 1696 obtinetis,
1219 1625 1276 1686 sed
1297 1626 1353 1686 mi·

239 1723 352 1784 nimum
365 1733 483 1804 tempus
504 1725 535 1783 in
547 1723 604 1784 illis
622 1723 695 1784 locis
717 1713 904 1794 consedistis,
921 1719 1026 1779 urbem
1047 1734 1113 1784 enm
1130 1726 1260 1782 vestram
1285 1737 1354 1782 esse
1435 1765 1436 1768 ,

240 1815 429 1890 contenditis,
438 1817 544 1896 idque,
558 1827 626 1877 crim
636 1815 693 1896 ipsl
706 1816 786 1876 urbis
796 1806 1014 1895 possessionem
1026 1809 1113 1900 nobis
1127 1809 1352 1880 evidentissimo

239 1907 408 1970 testimonio
418 1908 668 1970 confirmaveritis:
690 1927 770 1989 soepe
781 1907 859 1968 enim
871 1906 900 1966 in
911 1903 1001 1966 literis
1008 1923 1057 1964 me
1070 1903 1108 1967 de
1121 1923 1158 1987 eo
1169 1905 1354 1970 mentionem

239 2001 377 2075 iaciente,
396 2000 551 2066 censuistis
566 2018 631 2065 corn
637 2001 721 2083 juste
741 2021 761 2062 ιι
780 2021 829 2062 me
842 1999 945 2074 nuent,
960 2017 1027 2062 cum
1041 2017 1145 2078 pacem
1158 1997 1286 2074 fecistis,
1306 2019 1353 2060 mc

240 2096 344 2154 urbem
353 2093 433 2154 illem
441 2105 474 2159 et
482 2094 652 2158 societatem
665 2095 773 2156 deinde
782 2104 911 2156 ventrem
921 2092 1025 2154 eedem
1038 2091 1177 2171 pectione
1186 2091 1353 2155 obscene.-
1435 2085 1436 2126 ³

242 2187 320 2256 Quae
336 2187 425 2267 igitur
438 2188 586 2268 possessio
600 2189 711 2252 tirmior
722 2188 786 2250 ficri
800 2198 889 2268 quest
901 2187 970 2258 hec,
987 2205 1057 2265 quse
1069 2185 1196 2265 primurn
1214 2205 1237 2246 o
1257 2188 1353 2268 mejo-
1435 2269 1436 2274 ἵ

241 2282 322 2343 ribus
335 2283 420 2343 nobis
434 2283 545 2358 relicte,
561 2283 668 2347 deinde
678 2284 744 2364 jure
757 2281 828 2346 belli
841 2282 940 2342 denuo
953 2289 1054 2342 nostre
1065 2281 1154 2354 facte,
1168 2290 1322 2362 postremo
1335 2301 1353 2342 n
1435 2285 1436 2292 ’

241 2377 326 2438 robis
340 2387 484 2438 concesso
497 2387 544 2438 est
561 2398 613 2458 qur
604 2376 781 2440 'vendicare
794 2377 878 2439 voin's
892 2373 994 2436 soletis
1013 2375 1102 2436 etiem
1115 2394 1161 2450 ea,
1176 2395 1245 2455 quoe
1265 2376 1353 2456 plene
1435 2381 1436 2412 ³

243 2471 283 2534 ed
297 2491 350 2532 vos
364 2471 437 2531 nihil
453 2471 602 2534 attinenti

286 2565 315 2624 8.
335 2563 414 2632 Qum
434 2563 662 2643 igitnrinvobis
678 2583 826 2639 accusem,
839 2533 1004 2624 hoecsunt.
1025 2561 1137 2640 etquis
1149 2576 1202 2621 vos
1216 2571 1352 2622 auctores

243 2656 315 2722 estis
327 2655 509 2763 injuriarum,
520 2667 552 2716 et
561 2668 679 2738 propter
693 2658 933 2738 circumspectam
948 2674 1045 2719 meam
1058 2653 1243 2716 timiditatem
1257 2656 1352 2742 megin

239 2749 305 2830 jam
328 2752 416 2810 rebus
436 2751 509 2812 meis
528 2751 653 2812 infesti
646 2751 814 2825 imminetis,
835 2760 865 2811 et
887 2759 1031 2830 quantum
1051 2749 1081 2809 in
1096 2747 1180 2810 robis
1200 2758 1247 2810 est
1261 2749 1352 2814 nobis
1435 2807 1436 2842 r

245 2842 454 2904 malefecitis'
423 2864 508 2925 Jure
516 2845 627 2925 optimo
635 2864 688 2906 vos
698 2829 847 2914 utosear
857 2843 973 2922 diisque
981 2843 1122 2906 testibus
1114 2843 1272 2916 monente,
1278 2861 1352 2907 con

245 2936 344 3042 silicio
357 2938 447 3014 inibo,
460 2939 535 3021 qnid
547 2939 586 3002 sit
597 2938 630 3000 in
641 2941 730 3002 rebus
743 2939 848 3004 vestris
863 2937 1036 3018 gerendum,
