2912 4946
333 305 336 312 ,
410 231 890 352 ιοιιιιιιιιιιοιιιιιιιι.
1154 265 1215 358 ιιι

117 408 197 484 testo
220 411 332 492 injuriis
350 433 417 476 csse
440 415 598 480 affectam?
618 418 707 486 Quod
726 419 802 478 enirn
823 418 919 498 majus
938 409 1039 476 scelus
1060 415 1212 476 admittere

117 500 251 577 privatus
259 504 348 564 homo
358 509 462 586 possit,
472 509 646 588 quam‘leges
657 529 723 588 quoa
733 509 878 570 civitatem
887 509 1048 580 continent,
1055 506 1216 568 uiolando?

99 604 103 609 “
161 595 191 653 9.
215 595 290 655 Eum
312 597 400 676 igitur
417 601 489 660 nibil
509 621 619 676 eorum,
639 621 707 679 qum
725 609 893 681 oportuerat
906 588 939 661 et
948 603 1029 681 leges
1038 591 1214 680 jubentle'-

117 683 206 754 cisse,
220 706 256 746 aa
266 705 334 766 quse
344 711 433 769 supra
443 691 755 754 dictasuntintuantes
766 711 944 770 cognoscere
954 692 1086 771 potestis.
1107 691 1213 768 Neque

115 795 187 836 vero
200 777 363 841 hec-modo
382 802 415 841 re
437 803 560 862 paccare
581 803 657 856 eum,
678 784 758 862 quod
779 784 915 862 neglecto
933 782 1049 861 legibus
1070 782 1213 861 praefinito
1307 784 1309 792 ’

116 874 262 948 tempore,
276 881 432 953 ereptaque
445 876 528 936 vobis
540 895 659 955 prorsus
674 877 753 937 omni
766 877 802 936 de
811 875 1051 936 his'deliberandi
1063 875 1214 947 facultate,
1261 851 1271 874 h
1296 951 1299 954 ῃ

113 957 191 1018 dum
204 960 310 1020 festum
325 975 470 1042 ageretur,
489 967 586 1046 legem
604 968 682 1039 tulit,
703 968 754 1028 sed
775 971 813 1028 ob
835 967 908 1027 illud
928 968 1025 1038 etiam,
1044 966 1125 1044 quod
1146 985 1239 1025 eam·

115 1051 252 1112 omuibus
265 1055 390 1134 receptis
403 1057 519 1150 legibus
531 1059 706 1120 contrariam
723 1061 847 1139 rogavit,
862 1059 958 1118 statim
966 1058 1121 1146 euidenter
1142 1076 1212 1136 cog-

116 1144 258 1204 noscetis.
279 1145 375 1228 Age,
385 1149 464 1230 lege
460 1144 539 1208 mihi
555 1150 678 1247 primum
698 1151 776 1212 hanc
796 1150 901 1230 legem,
923 1143 991 1229 quae
1005 1137 1106 1228 aperte
1122 1156 1212 1219 vetat

116 1251 157 1292 ne
177 1253 237 1312 qua
256 1239 408 1302 ιοιιιιιιιιι
421 1241 470 1301 lex
491 1241 652 1346 sauciatur.
676 1243 721 1303 sin
744 1241 809 1321 quis
829 1242 947 1348 rogarit,
968 1240 1099 1342 accusari
1113 1239 1213 1319 jubet.

117 1323 209 1404 lege·

622 1517 712 1620 ιιι.

150 1663 310 1725 Receptarum
320 1681 376 1715 vero
385 1667 464 1730 legum
474 1669 560 1717 nullum
572 1671 683 1731 sbrognre
691 1669 820 1738 licant,uisi
829 1671 890 1732 apud
898 1661 1069 1732 legumlatore's¹
1085 1669 1145 1717 Turn
1156 1664 1212 1716 varo
1228 1669 1233 1676 '

116 1739 195 1790 cuivis
211 1742 347 1790 Atheniensi
362 1744 432 1792 lineet
443 1747 563 1814 abrogare,
574 1746 595 1794 si
609 1746 665 1807 qnid
683 1747 783 1794 sliud'iu
793 1750 844 1808 ejus
854 1748 930 1794 locum
942 1748 1005 1807 quod
1021 1746 1114 1794 sustulit
1125 1745 1213 1792 tulerit.

116 1817 236 1866 Proesidas
249 1827 327 1867 eutem
338 1822 368 1868 de
383 1821 420 1869 his
434 1823 527 1886 legibus
540 1825 797 1886 imminuendae
813 1825 912 1887 primunr
930 1827 961 1874 da
976 1832 1066 1882 vetere,
1083 1831 1165 1886 epteue
1177 1825 1211 1872 vl-

115 1895 202 1942 deetnr
211 1895 348 1944 Atheniensi
355 1901 443 1960 populo
454 1916 482 1946 un
494 1916 551 1948 raro
563 1915 640 1958 secus,
650 1907 704 1964 post
714 1902 744 1948 de
753 1917 780 1950 es
788 1916 840 1962 quae
849 1909 959 1969 rogator:
975 1895 1050 1950 utram
1059 1917 1114 1948 vcro
1124 1895 1215 1962 legumss

114 1972 204 2022 latores
226 1975 405 2036 comproberint,
421 1993 449 2024 as
464 1983 514 2024 rste
527 1979 632 2026 habetor.
659 1978 803 2026 Contrarium
823 1995 880 2026 vero
897 1979 958 2026 farre
976 1979 1052 2038 legam
1067 1982 1211 2039 receptarum

49 2047 54 2053 ’
114 2041 197 2111 legurm
208 2050 250 2097 ulli
261 2051 346 2099 uenrini
358 2051 439 2100 liceat.
453 2099 455 2108 ,
470 2054 538 2114 Quod
557 2054 652 2114 siquis,
668 2053 841 2114 abrogutelege
853 2053 930 2116 eliqua
942 2061 1029 2108 rotare,
1045 2053 1114 2100 eliam
1127 2052 1214 2099 subiti·
1262 2069 1264 2071 ·

115 2125 191 2172 tuerit
202 2127 339 2175 Atheniensi
349 2129 437 2190 populo
451 2144 496 2176 non
508 2137 671 2190 opportunum,
682 2135 722 2175 ent
737 2144 750 2176 a
761 2129 862 2189 receptis
874 2129 967 2190 legibus
983 2127 1053 2173 alicui
1065 2126 1213 2184 scunarium,

116 2194 171 2248 cnm
182 2202 370 2268 accuseriliaest
380 2204 472 2266 exlege
484 2220 536 2265 quas
551 2205 575 2251 in
586 2219 627 2252 aas
638 2205 688 2252 lats
697 2210 743 2260 cst,
754 2204 793 2264 qui
803 2205 878 2264 legem
890 2218 935 2251 non
946 2204 1051 2250 idoneam
1062 2203 1165 2250 tulerint.
1201 2235 1203 2242 ,

114 2351 279 2412 Audivistis
293 2351 399 2430 legem.
440 2353 516 2412 Cum
538 2364 635 2414 autem
654 2363 755 2415 nostra
768 2354 870 2414 civitas
884 2352 980 2413 multis
993 2351 1078 2413 bonis
1098 2353 1212 2431 legibus

112 2446 152 2504 sit
165 2443 288 2515 munita,
303 2463 338 2503 ea
351 2453 396 2503 est
408 2443 494 2524 hujus
516 2445 591 2523 legis
604 2447 784 2523 praestantia,
807 2457 839 2504 ιιι
851 2444 929 2504 ‘nulli
949 2442 1153 2522 postponenda
1169 2443 1214 2526 vi7

113 2535 232 2594 deatur.
259 2534 460 2608 Considerate,
474 2520 586 2615 quaeso,
600 2556 687 2614 quarn
697 2537 787 2615 juste,
801 2555 947 2615 quamque
961 2535 1139 2620 populariter
1152 2535 1213 2596 lata

113 2629 177 2689 sits?
201 2629 270 2688 Non
290 2629 359 2689 sinit
371 2631 494 2710 receptis
508 2631 624 2709 legibus
642 2651 749 2710 rogare
760 2633 945 2703 contrariam,
959 2631 1015 2691 nisi
1028 2642 1113 2690 vetus
1127 2631 1213 2692 luerit

103 2723 268 2799 abrogata.
305 2721 526 2789 Quamobreml.
549 2723 689 2796 Primum,
703 2734 738 2782 ut
750 2724 832 2784 vobis
843 2727 924 2802 juste
938 2723 1132 2802 religioseque
1145 2723 1212 2804 pro-

113 2810 256 2872 nunciare
268 2811 366 2873 licaat.
389 2814 466 2872 Nam
479 2815 504 2872 si
517 2834 584 2892 quae
598 2815 665 2874 duae
680 2817 833 2874 contrariae
846 2816 926 2894 leges
940 2815 1111 2888 exstiterint,
1124 2824 1213 2894 atque
1258 2845 1261 2848 Δ
1326 2796 1328 2801 ¹

111 2905 204 2982 aliqui
217 2903 373 2985 aduersarii
387 2905 465 2984 apud
479 2924 529 2964 vos
542 2906 755 2978 contenderint,
776 2906 836 2965 sive
858 2905 994 2983 publicis,
1010 2905 1069 2965 siva
1093 2907 1211 2984 privatis

111 2997 154 3057 de
169 2997 266 3068 rebus,
277 3005 308 3054 et
320 3005 443 3074 uterque
453 2995 603 3076 motorium
614 2996 815 3069 sibivindicet‚
825 2997 890 3074 lege
900 3015 959 3054 non
973 2995 1076 3054 eadem
1088 2997 1211 3074 prolata,

109 3107 167 3168 pro
178 3096 302 3165 utroque
314 3087 389 3146 ferre
403 3088 576 3148 senteutiam
590 3105 651 3146 non
662 3087 761 3168 utique
774 3087 934 3166 licet-,-qui
944 3086 1020 3144 enim
1030 3085 1061 3144 id
1071 3087 1211 3165 lieret?-

111 3199 211 3257 neque
238 3198 292 3256 pro
312 3179 453 3239 alterutro
474 3179 535 3237 lata
558 3178 712 3250 sententia,
730 3177 921 3257 jurisjurandi
941 3176 1043 3254 religio
1061 3187 1210 3256 servaturc

110 3271 290 3344 sententiam
305 3270 381 3329 enim
403 3271 533 3329 alterutri
547 3269 616 3347 legi,
630 3290 697 3348 quae
716 3271 833 3348 quidem
854 3269 980 3348 perinde¹
993 3279 1058 3329 rata
1074 3269 1211 3350 sitatque

109 3362 218 3431 altera,
239 3381 360 3428 necesse
385 3371 431 3420 est
449 3381 621 3440 repugnare.
652 3362 728 3420 Haec
747 3362 835 3441 igitur
855 3360 1006 3440 legislator
1026 3361 1125 3436 edixit,
1146 3371 1211 3424 turn

110 3455 186 3534 quin
199 3452 331 3530 religioni
344 3461 450 3512 vestre
466 3473 579 3526 cavere,
600 3461 663 3512 tum
684 3454 770 3512 etiarn
791 3453 859 3530 quia
872 3471 925 3511 vos
946 3451 1046 3530 legum
1066 3456 1210 3516 custodiae

108 3564 242 3626 preaesse
254 3545 357 3603 voluit.
380 3543 499 3622 Sciebat
512 3547 589 3605 enirn
602 3544 668 3616 hoc,
688 3545 761 3604 alias
782 3562 883 3604 aarum
896 3535 1045 3604 custodias
1059 3544 1091 3603 in
1102 3547 1213 3626 scripta

107 3638 231 3710 relatas,
245 3637 343 3696 multis
357 3635 445 3696 licere
458 3637 553 3696 modis
565 3636 692 3696 eludere.
731 3636 865 3697 Patronis
877 3655 952 3715 quos
958 3629 1099 3715 deligitis,
1109 3649 1211 3716 posset

108 3729 218 3808 aliquis
232 3727 408 3806 persuadere
423 3737 459 3786 ut
477 3736 626 3800 tacerent:
647 3728 771 3812 proponi
784 3729 871 3808 jubet
890 3728 986 3805 igitur,
1006 3738 1040 3785 ut
1053 3730 1210 3805 praesciant

109 3839 237 3886 omnes;
252 3837 319 3878 narn
329 3819 392 3877 fierr
401 3818 526 3878 fortasse
536 3827 633 3898 queat,
643 3828 677 3877 ut
686 3838 737 3878 eos
747 3836 798 3896 qur
789 3817 948 3898 refragati
956 3818 1090 3890 luissent,
1105 3819 1210 3882 lateret

107 3909 244 3990 aliquid,
247 3930 272 3970 ιι
264 3910 391 3996 legem,
406 3930 466 3969 non
480 3907 559 3989 prius
570 3895 717 3989 cognitam
731 3910 914 3980 habuissent,
929 3908 978 3967 alii
990 3909 1087 3968 minus
1098 3919 1209 3972 attente

107 4005 239 4086 fortasse
256 4003 397 4081 legerent.
420 4003 468 4062 ste
482 4021 563 4073 vero,
578 4003 700 4090 quilibet
718 4022 784 4061 anm
803 4020 942 4061 accusare
959 4008 1064 4078 potest,
1083 4001 1115 4060 id
1129 4003 1209 4081 quod

108 4105 143 4156 et
154 4114 213 4173 ego
223 4114 303 4154 nunc
316 4094 393 4154 feci.
391 4093 524 4162 Quod
503 4115 527 4154 ιι
540 4095 606 4172 quis
618 4113 684 4152 eum
698 4113 748 4172 qur
740 4093 809 4151 hic
823 4111 855 4152 se
869 4099 1038 4180 opponeret,
1054 4105 1210 4169 amoveret,

108 4187 203 4247 verba
216 4185 288 4246 data
298 4192 395 4247 essent
407 4185 546 4246 civitati·
565 4173 682 4264 Quae
654 4204 684 4242 ισ
686 4186 742 4243 itur
755 4183 818 4242 sola
828 4182 966 4242 custodia
979 4192 1025 4242 est
1038 4192 1069 4243 et
1082 4186 1164 4262 justa
1179 4197 1210 4246 et

109 4281 203 4339 firma
210 4277 333 4357 legum-l
356 4275 417 4338 vos
429 4277 575 4358 populum·
588 4265 655 4338 Nec
668 4274 846 4349 enimvobis,
857 4293 916 4353 quo
923 4274 1047 4335 minus's
1048 4277 1167 4338 tatuatis
1177 4288 1208 4336 et

108 4369 385 4452 probetis‘meliora,
408 4369 439 4430 id
461 4369 627 4449 quisquam·
640 4373 811 4448 extorquere
832 4373 952 4447 queat,
952 4385 1049 4447 neque
1072 4367 1097 4429 si
1121 4387 1207 4450 quem
