2886 4946
104 211 105 222 Ν
199 250 210 260 “
250 260 306 318 ιιι
610 255 772 324 nrrnrn
793 255 989 318 rnrnrrrr.

245 433 326 476 nune
339 433 408 478 tero
421 423 504 476 tanta
517 426 567 478 est
581 414 642 481 odii
656 415 745 476 vestri
766 413 797 474 in
815 433 862 474 rne
876 413 1033 488 acerbitas,
1047 421 1082 472 nt
1093 412 1130 473 ds
1143 411 1274 473 ineunda
1286 430 1352 473 eum

247 528 284 570 eo
294 511 398 570 contre
412 529 458 570 me
472 511 612 570 societate
627 508 732 588 agatis.
763 509 858 588 Atqui
872 506 942 568 olim
955 513 1056 587 patres
1069 506 1171 576 vestri,
1181 514 1217 566 ιιι
1229 525 1287 586 ego
1301 525 1352 566 au·

246 601 309 676 dio,
321 601 521 662 Pisistratidis
528 601 640 662 erirninr
631 601 772 674 dabant,
785 601 866 680 quod
881 597 1028 665 Persam
1020 615 1051 659 m
1073 597 1196 660 Graeeos
1220 599 1352 660 sdduee·

246 705 330 755 rent:
352 715 405 755 vos
426 715 496 756 vero
519 715 557 756 ea
577 695 674 756 fecere
696 713 755 756 non
772 693 875 776 pudet,
898 695 936 754 ob
961 713 1028 774 quse
1049 700 1191 804 tyrannos
1211 712 1353 754 accusare

247 787 398 850 solebatis.

285 885 317 941 4.
339 883 418 950 Quin
445 893 552 964 praeter
578 881 635 945 alia
679 885 783 946 seretis
803 877 910 946 restris
933 878 1107 944 mandatnm
1127 874 1296 954 inscribitis,
1319 888 1353 940 ut

248 973 344 1035 Teren
364 987 394 1036 et
417 975 649 1057 Cersobleptem,
664 977 745 1056 quod
765 977 844 1038 cives
858 977 1054 1038 Athenienses
1067 975 1134 1048 sint,
1149 973 1284 1034 Thracios
1299 972 1353 1033 do·

231 1068 349 1128 ‚minari
364 1069 468 1136 sinam.
511 1069 577 1148 Ego
590 1089 659 1130 vero
677 1069 760 1141 istos,
772 1089 870 1148 neque
883 1069 983 1150 pectis
994 1069 1031 1129 de
1044 1085 1117 1149 peos
1131 1067 1274 1136 contineri
1292 1085 1354 1125 mea

231 1160 317 1235 ‚mini
331 1181 391 1220 una
408 1162 572 1232 vobiscum,
588 1181 683 1240 neque
697 1161 843 1222 columnis
860 1161 1026 1240 inscriptos,
1042 1179 1139 1239 neque
1154 1159 1353 1234 Athenienses
1441 1213 1442 1244 ÷

233 1273 329 1322 esse:
345 1255 416 1333 quin
429 1254 523 1316 Teren
534 1264 697 1326 conuavos
711 1273 827 1316 meeum
841 1275 924 1315 erma
936 1254 1037 1314 tulisse
1049 1255 1127 1322 scio,-
1151 1261 1182 1312 et
1193 1251 1354 1312 Cersoble-

231 1356 338 1426 ptem,
351 1367 418 1406 cum
432 1347 505 1418 meis
518 1347 626 1426 legatis
641 1347 764 1408 seorsim
772 1347 842 1408 dare
849 1347 1057 1426 jusjurandum
1071 1355 1202 1424 cuperet,
1214 1365 1234 1404 a
1245 1344 1354 1404 vestris
1441 1393 1442 1396 ,

246 1439 369 1500 ducibus
382 1441 472 1500 fuisse
493 1440 678 1520 prohibitum,
692 1439 742 1517 qui
765 1460 833 1500 eum
847 1439 1071 1500 Atheniensium
1089 1438 1205 1498 hostem
1219 1437 1355 1498 declara-

130 1540 135 1550 '
234 1542 321 1594 ¹rent.
363 1533 471 1594 Verum
485 1533 725 1612 istue·quomodo
740 1553 856 1612 aequum
869 1543 921 1592 aut
928 1533 1043 1614 justum
1056 1542 1114 1608 est,
1133 1551 1201 1592 eum
1220 1551 1238 1592 e
1255 1552 1289 1592 re
1303 1550 1355 1591 ve·

229 1635 309 1714 Istra
323 1635 381 1697 est,
397 1647 464 1686 eum
480 1635 584 1688 vestros
604 1625 685 1688 urhis
699 1625 815 1700 hostem
838 1627 1011 1695 nominere;
1033 1645 1101 1686 eum
1118 1644 1187 1686 vero
1208 1643 1257 1685 me
1271 1624 1355 1701 eain-

245 1720 349 1804 mniari
362 1721 461 1794 vultis,
482 1721 608 1780 eundern
623 1721 717 1780 civem
732 1729 861 1780 vestrum
875 1718 1031 1780 dictitare?
1060 1727 1091 1778 et
1112 1717 1223 1778 Sitalce
1237 1717 1354 1790 occiso,

234 1831 334 1890 ,quem
354 1811 472 1872 civitate
495 1812 691 1884 donaveretis,
707 1813 805 1872 statim
827 1817 891 1888 ejus
910 1811 1126 1874 interfectorem
1147 1812 1178 1871 in
1193 1811 1355 1872 amicitiem

244 1905 376 1984 recipere
386 1925 394 1975 ;
416 1901 538 1985 propter
551 1905 773 1984 Cersobleptem
785 1913 883 1964 sutem
894 1904 1005 1964 bellum
1014 1904 1168 1964 nobiseum
1179 1903 1355 1984 suscipere?

156 2049 159 2054 .
236 1997 411 2076 praesertim
425 2016 490 2057 cum
506 1997 589 2057 vobis
604 1996 789 2076 exploratum
805 1996 852 2070 sit,
864 1997 1010 2058 neminem
1021 2017 1121 2058 eorum
1136 1998 1186 2077 qui
1199 1999 1355 2060 satiamu—
1441 2057 1442 2064 ,

244 2111 316 2152 nera
326 2091 482 2172 accipiunt,
493 2091 540 2181 ve}
548 2092 630 2171 leges
639 2089 686 2149 vel
697 2090 816 2152 decreta
824 2099 921 2151 vestra
935 2091 1092 2169 quicquam
1102 2111 1224 2153 curare:
1238 2113 1353 2162 verum,
1441 2143 1442 2152 ,

235 2187 271 2247 ,εἰ
284 2186 401 2246 omissis
416 2184 528 2245 cereris
552 2183 699 2256 omnibus,
721 2184 846 2260 breviter
870 2183 1103 2258 dicendumst,
1126 2204 1178 2245 vos
1202 2181 1353 2263 civitatem
1441 2183 1442 2196 ³

245 2280 369 2358 dedistis
385 2279 528 2358 Evsgorae
543 2277 662 2358 cyprin,
676 2287 706 2336 et
721 2277 865 2358 Dionysio
879 2277 1047 2358 Syracusio,
1058 2298 1093 2338 ao
1103 2277 1228 2358 posteris
1238 2300 1353 2340 eorum.
1441 2293 1442 2350 g

234 2375 279 2434 .Si
291 2375 380 2453 igitur
389 2373 436 2450 his
449 2373 500 2452 qui
514 2380 654 2450 utrosque
664 2375 814 2446 ejecerunt
821 2372 1031 2450 persuaseritis,
1040 2373 1157 2457 utaptis
1168 2373 1198 2432 in
1206 2374 1352 2450 ¹exsilium

244 2467 366 2547 imperia
379 2465 545 2536 restituent,
566 2483 585 2524 a
607 2483 654 2522 me
675 2483 791 2542 quoque
812 2463 892 2534 illam
906 2463 1038 2554 Thraeioe
1061 2473 1174 2544 partem
1192 2485 1352 2546 recupera-
1441 2507 1442 2540 3

239 2561 313 2632 ¹bitis
327 2578 453 2630 omnem,
468 2578 557 2638 quam
573 2557 667 2616 Teres
686 2567 718 2616 et
742 2557 950 2637 Cessobleptes
972 2567 1139 2618 tenuerunt.
1180 2559 1222 2620 At
1243 2559 1352 2620 sicum

182 2696 184 2708 ·
237 2653 409 2729 ⁸victoribus
428 2671 531 2712 eorum
555 2669 606 2730 ne
619 2647 870 2729 expostulandum
892 2650 1010 2728 quidem
1029 2651 1113 2710 robis
1130 2671 1196 2711 esse
1210 2655 1351 2730 censetis,
1441 2715 1442 2724 ,

238 2748 318 2822 1ιιιίιιί
330 2767 400 2807 vero
419 2744 593 2816 obturbatis,
616 2761 715 2804 annon
726 2743 793 2822 jure
807 2742 916 2822 optimo
937 2762 987 2802 vos
1001 2742 1128 2802 ulciscar
1141 2742 1169 2819 i,
1194 2743 1238 2818 Ac
1253 2745 1352 2806 dehis

212 2901 214 2904 .
246 2859 416 2920 quanquam
438 2838 524 2923 plura
544 2836 683 2898 haberem
703 2855 769 2918 quae
784 2835 1005 2912 veredicerem,
1019 2836 1237 2916 praetermittere
1250 2849 1350 2900 tamen
1441 2893 1442 2918 ,

237 2954 283 3001 ,ει
297 2935 397 2998 statui
466 2997 469 3005 ,

239 3093 244 3104 ,
289 3033 320 3090 5.
342 3029 498 3091 Cardisnis
512 3039 611 3096 autem
626 3049 673 3090 me
694 2999 831 3120 opituleri
853 2999 1001 3108 profiteor,
1027 3047 1095 3090 cum
1117 3025 1232 3088 illorum
1251 3029 1349 3090 socius
1441 3103 1442 3108 η

246 3134 315 3186 ante
328 3123 438 3186 factam
451 3141 561 3227 pacem
566 3123 682 3194 fuerim,
703 3133 735 3182 et
747 3141 801 3182 vos
815 3141 895 3201 saepe
914 3141 933 3182 a
955 3141 1013 3191 me,
1035 3142 1131 3202 neque
1154 3142 1219 3182 raro
1234 3126 1273 3184 ab
1292 3122 1349 3184 iilis
1441 3121 1442 3168 i

245 3219 331 3290 orati,
344 3209 443 3278 venire
456 3216 487 3276 in
507 3215 651 3296 judicium
675 3208 843 3282 nolueritis:
865 3232 972 3302 annon⁴
985 3214 1075 3294 igitirr
1100 3233 1196 3276 essem
1218 3219 1350 3302 omnium
1441 3259 1442 3292 ι

207 3362 209 3370 ,
239 3310 396 3372 ,hominum
415 3309 621 3388 nequissimus,
647 3308 691 3382 si,¹
704 3308 830 3368 desertis
857 3308 955 3380 sociis,
974 3309 1063 3370 vestri
1086 3309 1183 3388 potius
1205 3311 1349 3378 rationem
1441 3385 1442 3390 ἵ

242 3401 393 3474 haberem,
407 3402 457 3481 qui
471 3403 552 3461 omni
565 3401 655 3462 modo
674 3421 723 3464 me
743 3401 868 3482 vexetis,
895 3410 995 3487 qnam
1005 3419 1107 3462 eorum
1128 3401 1178 3481 qui
1191 3403 1262 3463 mihi
1277 3423 1350 3474 con-

241 3503 356 3564 stanter
377 3507 408 3554 et
428 3515 542 3574 semper
564 3493 648 3554 amici
668 3514 734 3554 esse
756 3493 994 3577 perseveranti
999 3493 1078 3564 Jam,
1094 3493 1119 3553 si
1141 3493 1199 3558 hoo
1216 3517 1350 3578 quoque

246 3588 493 3668 praetereundum
510 3591 569 3646 non
589 3597 645 3660 est,
662 3606 698 3662 eo
711 3587 874 3648 insolentise
886 3585 1027 3660 venistis,
1042 3597 1077 3647 ut
1095 3587 1176 3666 prius
1200 3589 1238 3660 de
1253 3610 1353 3683 supra
1441 3587 1442 3662 J

245 3681 333 3744 dictis
356 3691 469 3742 tantum
486 3699 548 3739 me
557 3679 757 3750 accusaretis3
779 3677 943 3759 nuperrime
964 3699 1044 3752 vero,
1057 3698 1127 3738 cum
1148 3666 1350 3760 Peparrhethii

244 3793 347 3838 secum
357 3772 514 3846 crudeliter
528 3761 627 3841 sctum
642 3791 708 3832 esse
721 3783 927 3851 quererentur,
935 3771 1102 3862 imperatori
1114 3781 1213 3834 vestro
1226 3775 1351 3844 menda·

161 3855 164 3863 ¹
241 3869 309 3940 stis,
332 3878 366 3930 ut
383 3887 431 3927 me
447 3865 565 3942 illorum
582 3864 677 3924 vicem
697 3863 905 3926 ulcisceretur:
926 3883 1000 3943 quos
1014 3883 1070 3944 ego
1084 3884 1156 3925 sane
1165 3863 1350 3938 clementius

243 3959 482 4043 asemon-qnam
504 3965 755 4038 pommeruersnt3
777 3977 845 4016 cum
869 3953 921 4030 illi,
942 3966 1073 4037 tempore
1089 3957 1172 4037 pacis
1195 3945 1350 4030 Haloneso

244 4063 401 4133 oeeupste,
414 4069 511 4135 neque
524 4049 652 4113 insulam
663 4049 745 4121 mihi,
765 4070 861 4129 neque¹
872 4039 1198 4130 proesidiariosmilites,
1208 4073 1281 4133 quos
1294 4075 1350 4134 per

244 4147 361 4224 legatos
375 4164 454 4224 ssepe
468 4143 649 4228 repetierarn,
664 4141 872 4222 reddidissent.
914 4141 978 4202 Vos
993 4153 1091 4204 autem
1102 4145 1216 4225 injurios
1231 4148 1295 4206 mihi
1306 4151 1349 4208 ab

242 4237 302 4316 illis
322 4237 412 4296 illatse
430 4235 543 4296 nullam
557 4235 700 4296 rationem
721 4235 876 4316 habuistis,
891 4235 945 4318 sed
970 4245 1084 4296 tantum
1104 4237 1261 4318 suppliciij
1277 4260 1349 4302 cum

243 4327 441 4412 satisysoiatis,
454 4345 501 4386 me
517 4327 643 4386 insulem
656 4325 712 4388 ne'e
726 4329 808 4388 robis
823 4349 878 4389 nec
896 4328 955 4393 illis
970 4329 1123 4409 eripuisse,
1146 4333 1199 4391 sed
1216 4332 1350 4404 Sostrate

174 4453 177 4465 .
243 4424 347 4506 pirpta.
382 4419 487 4488 Quam
499 4419 524 4480 si
537 4437 590 4504 ros
606 4421 738 4504 Sostrate
753 4421 908 4484 tradidisse
919 4420 973 4504 ipsi
993 4423 1099 4504 dicitis,
1115 4423 1224 4508 pirntos
1235 4427 1266 4504 in
1279 4445 1347 4486 eam
