2912 4946
197 343 199 346 .
232 269 293 332 462
323 257 328 268 ¹
484 267 653 330 CONTRA
675 264 1030 326 ARISTOGITONEM
1052 264 1076 322 Γ.

235 417 275 478 ad
289 417 514 482 misericordiam
537 430 568 482 et
578 421 877 484 ,humanitatcmzisti
898 432 997 482 autem
1012 422 1051 480 ad
1066 421 1200 480 locorum
1218 419 1325 480 illorum
1424 399 1425 408 ἵ

236 511 349 578 nullum
362 523 597 576 accessum'esra
616 513 781 586 videm-sed
799 515 897 574 omnia
909 514 1081 592 praecipitia,
1096 513 1259 583 salebrosa,
1277 514 1327 570 ba·

233 603 354 686 ratlrra.¹
371 601 450 671 Quid
462 603 674 664 enimomnino
689 605 790 665 dicet?
815 605 925 666 Eorum
948 605 1059 686 aliquid
1080 623 1147 683 quae
1161 615 1241 683 pater
1261 625 1328 664 suus

234 695 306 754 fecit
318 695 462 756 scilicet?¹
473 695 533 756 Sed
547 715 598 756 vos
614 696 695 756 illum
709 697 739 755 in
752 697 810 758 hoc
818 697 934 776 judicio
947 699 1044 777 capite
1057 697 1282 768 condemnastis,
1298 709 1330 756 nt

123 869 131 880 .
235 789 400 880 improbum
414 788 559 860 nimirum,
569 799 599 849 et
609 789 789 868 dignumqui
801 791 992 850 occideretur.
1015 791 1059 850 At
1068 790 1197 861 hercule,
1207 789 1243 859 si,
1256 789 1330 868 quod

236 881 276 944 ad
289 881 401 959 patrem
417 880 533 952 attinet,
551 881 595 940 in
605 875 843 954 salebris-haeret,
858 883 896 942 ad
910 885 995 943 snam
1015 883 1103 942 vitam
1123 883 1283 962 confugiet,
1300 893 1331 941 nt

235 983 447 1051 temperantem
459 987 490 1033 et
501 973 705 1034 moderatam?
726 974 845 1042 Quam?
870 975 944 1035 Eam
960 995 1046 1054 quam
1063 974 1229 1035 nom-vixit?
1249 975 1332 1033 ln'ea

237 1067 411 1144 cuiusquam
426 1085 479 1126 ros
491 1065 603 1128 vidistis
618 1087 731 1137 omnes,
752 1087 813 1128 non
827 1079 873 1128 est
890 1068 968 1128 talis.
995 1070 1045 1138 At,
1060 1069 1134 1127 heus
1147 1078 1189 1138 tu,
1204 1067 1244 1126 ad
1257 1067 1332 1126 obita

236 1177 359 1233 munera
370 1179 402 1220 se
412 1158 554 1238 recipiet?
575 1159 704 1225 Quando
714 1159 773 1232 illa,
785 1160 921 1220 autnbil
942 1159 1090 1220 Paterna?
1110 1161 1152 1220 At
1165 1159 1248 1219 nulla
1259 1169 1331 1220 sunt.
1424 1181 1425 1184 ¹

238 1251 320 1324 Suel
333 1251 525 1323 Delationes,
540 1252 744 1325 abductiones,
754 1253 967 1322 accusationes,
977 1273 1037 1312 non
1046 1273 1166 1312 munera
1179 1252 1332 1331 reperietis.

239 1346 280 1404 At
289 1345 419 1417 hercule,
432 1352 466 1403 nt
475 1345 542 1405 ,haee
556 1344 638 1404 nulla
651 1344 859 1425 sint,'cognati
872 1346 968 1416 mrdti,
983 1347 1061 1424 iique
1073 1346 1143 1404 boni
1158 1344 1289 1424 viri,²pro
1301 1364 1334 1404 eo

240 1436 498 1515 deprecabuntur?
520 1436 579 1500 Sed
590 1456 685 1514 neque
697 1447 775 1508 sunt,
788 1441 881 1516 neque
896 1438 1016 1498 luerunt
1030 1437 1167 1517 anquam.
1189 1438 1337 1503 Quicum·

239 1529 266 1589 ei
281 1530 401 1608 cognati
418 1530 487 1600 sint,
502 1529 553 1608 qui
566 1549 603 1588 ne
625 1529 770 1608 ingenuus
786 1530 905 1608 :quidem
928 1530 996 1590 esst
1018 1531 1084 1588 Uno
1105 1541 1231 1610 excepto
1250 1531 1332 1590 fratre

239 1623 308 1696 isto,
328 1623 377 1700 qui
398 1621 425 1682 ei
439 1641 518 1682 nunc
531 1622 626 1694 adest,
642 1631 673 1681 et
691 1622 863 1700 praeclaram
881 1623 960 1682 illam
974 1623 1056 1682 litem
1080 1623 1107 1682 ei
1129 1622 1263 1682 intendit.
1292 1623 1333 1682 De

241 1733 301 1793 quo
315 1714 412 1774 dicere
432 1723 530 1774 cetera
550 1714 830 1792 quorsumattiueti
852 1715 953 1775 Frater
972 1715 1035 1794 ejus
1056 1725 1103 1774 ast
1123 1731 1292 1794 germanus,
1309 1723 1336 1774 et

239 1808 384 1880 uterinus,
394 1816 424 1867 at
434 1807 624 1886 proetermala
634 1807 756 1885 reliqua,
767 1808 854 1868 etiam
870 1809 1020 1888 gemellus.
1044 1809 1211 1868 Is--cetera
1221 1809 1334 1887 quidem

240 1910 344 1960 taceo:
368 1900 421 1958 sed
435 1911 555 1978 propter
574 1920 641 1978 qum
661 1919 715 1960 vos
729 1901 869 1960 nefariam
883 1899 1069 1972 Theoridem,
1085 1901 1237 1960 Lemniam
1252 1901 1332 1971 illam,

240 1992 320 2062 illam
335 1993 507 2064 veneticam,
523 2003 586 2050 tum
601 1993 704 2072 ipsam,
722 2002 785 2053 tum
799 1994 966 2053 univercum
987 1994 1049 2072 ejus
1070 2013 1163 2072 genus
1182 1993 1335 2064 occidistis,

242 2087 278 2146 iis
292 2085 411 2147 venenis
425 2097 455 2146 et
468 2086 692 2146 incantamentis
701 2087 745 2168 ab
759 2087 822 2166 ejus
837 2087 1100 2166 aneillacceeptir,
1112 2104 1182 2166 qnae
1198 2097 1334 2146 tumeam
1424 2075 1425 2084 ¹

221 2191 222 2194 ’
243 2178 360 2249 detulit,
374 2199 411 2239 ex
421 2199 480 2257 qna
487 2178 647 2238 fascinator
657 2179 712 2238 iste
724 2179 832 2239 liberor
842 2179 983 2259 suscepit,
992 2180 1184 2258 imposturam
1198 2189 1231 2239 et
1242 2180 1335 2238 fucum

243 2273 324 2343 lacit,
338 2281 368 2330 et
388 2270 526 2330 comitiali
545 2273 649 2330 morbo
667 2271 835 2331 laborantes
850 2291 882 2332 se
900 2281 1068 2330 curandum
1090 2272 1256 2350 profitetur,
1276 2283 1335 2329 cum

244 2364 309 2444 ipse
330 2365 409 2425 omni
424 2363 822 2444 laboretnimprobitatee-Is
844 2364 931 2442 igitur
954 2383 1007 2442 pro
1028 2382 1063 2423 eo
1084 2365 1237 2423 veneficus
1257 2366 1334 2423 inter·

229 2457 353 2532 cedet?
376 2457 473 2516 Homo
499 2455 662 2533 pestilensl
689 2458 787 2520 ¹Quem
808 2457 860 2533 qui
886 2456 1002 2524 viderit,
1026 2457 1212 2542 abominetur
1238 2449 1335 2536 potius,

244 2569 332 2628 quam
346 2547 534 2627 alloquatur?
554 2547 614 2616 Qui
628 2549 691 2628 ipse
710 2562 777 2607 aum
798 2547 1050 2626 capitis‘arcessit,
1072 2565 1139 2607 curn
1159 2548 1251 2608 talem
1265 2549 1336 2608 litem

245 2633 452 2710 intenderet?v
1047 2663 1067 2674 ·’
1140 2658 1143 2664 ·

170 2749 172 2754 ·
252 2796 256 2806 ,
291 2733 440 2801 la-Quid
454 2733 542 2812 igitur
555 2742 655 2802 restat,
671 2731 887 2792 Athenienses?
908 2733 953 2792 Ea
965 2733 1266 2812 nimirum'prsesidia,
1280 2753 1337 2812 qua
1424 2801 1425 2806 η

246 2828 303 2891 reis
316 2837 419 2906 parata
430 2836 500 2884 sunt
514 2825 717 2902 areliquorum
729 2835 863 2884 nostrum
878 2834 993 2894 natura,
1006 2841 1130 2903 quaeque
1145 2845 1233 2886 nemo
1247 2845 1336 2886 eornm
1424 2817 1425 2822 ἵ

248 2921 298 3000 qui
311 2920 513 2999 periclitantur
523 2937 622 2978 secum
634 2917 726 2990 affert,
735 2919 788 2977 sed
798 2918 1000 2996 unusquisque
1009 2929 1136 2976 vestrum
1148 2919 1240 2978 domo
1248 2938 1337 2980 secum

248 3015 342 3086 effert,
356 3013 596 3080 misericordiam,
607 3012 743 3078 ¹veniam,
760 3011 981 3070 humanitatem.
1018 3010 1078 3068 Sed
1096 3010 1162 3070 haec
1181 3015 1336 3091 neqnejus,
1424 3055 1425 3068 ,

249 3127 343 3184 neque
358 3107 402 3164 fas
425 3106 474 3164 isti
495 3102 606 3190 nefario
628 3101 777 3181 impertiri.
814 3103 898 3162 Cur?
919 3102 997 3170 Quia
1018 3121 1107 3181 quam
1125 3103 1181 3162 sibi
1202 3121 1337 3183 quemque

247 3199 343 3276 legem
359 3207 461 3277 suopte
476 3196 594 3273 ingenio
609 3193 743 3252 sanxisse
757 3193 859 3254 contra
870 3193 943 3253 alios
958 3205 1087 3264 constat,
1103 3195 1229 3256 eandam
1240 3216 1302 3254 eum
1314 3203 1338 3251 et
1424 3229 1425 3232 =

251 3289 366 3353 abaliis
380 3291 455 3348 ferre
478 3299 666 3366 estnequam.
689 3288 785 3351 Quam
799 3288 888 3364 igitur
901 3288 996 3364 legem
1015 3287 1109 3358 vobis,
1125 3299 1177 3346 ant
1191 3309 1278 3368 quam
1295 3307 1338 3345 vo·
1424 3311 1425 3342 fi

249 3383 392 3443 luntatem
406 3380 642 3440 baberesidetur
656 3379 817 3458 Aristogito
831 3381 860 3438 in
876 3379 996 3440 omnes-l
1018 3381 1122 3439 Utrum
1137 3392 1170 3440 ut
1184 3402 1236 3442 eos
1250 3383 1339 3440 florere
1424 3427 1425 3458 ,

192 3543 199 3557 ⁶
248 3475 359 3548 videat,
374 3484 405 3534 et
423 3475 507 3534 beate
517 3473 706 3551 ¹glorioseque
729 3472 849 3532 vireret
870 3473 959 3532 Unde
971 3485 1068 3532 autem
1086 3473 1252 3534 victitabitl
1273 3476 1339 3534 Nau
1424 3461 1425 3534 i

250 3564 372 3634 aliorum
392 3586 459 3625 eum
481 3565 557 3624 mala
572 3566 716 3624 nutriunt.
744 3565 881 3624 Proinde
894 3565 975 3624 volet
987 3565 1118 3645 judiciis,
1135 3567 1338 3636 certaminibus,
1388 3559 1394 3572 '
1424 3575 1425 3656 ,

251 3661 399 3726 atrocibus
409 3659 576 3718 criminibus
585 3677 687 3716 omnes
696 3657 865 3716 conflictari.
885 3657 926 3716 Hi
939 3653 1182 3736 ejusfundi'sunt,
1191 3659 1222 3717 bi
1231 3655 1340 3718 reditus.
1424 3679 1425 3738 i

254 3753 328 3820 Quis
346 3772 415 3812 vero
429 3751 518 3809 homo
532 3749 756 3829 perditissimus,
777 3749 983 3820 Athenienses,
999 3758 1044 3809 ter
1058 3750 1258 3822 exsecrabilis,
1272 3768 1340 3810 corn·
1424 3741 1425 3776 l

252 3845 349 3904 munis
361 3844 467 3912 bostis,
480 3843 614 3902 omnium
627 3842 772 3915 inimicus,
786 3843 833 3901 cui
848 3848 903 3901 ne'c
925 3851 1003 3902 terra
1015 3843 1116 3920 fruges
1130 3843 1214 3914 ierat,
1230 3864 1284 3903 nec
1297 3842 1341 3901 de·

252 3937 356 4002 iuncto
368 3936 703 4016 sepulturamprrebeat,
712 3935 779 4013 jure
790 3934 1005 4013 appellabitur?
1027 3935 1134 3994 Nonne
1148 3935 1237 3995 talisl
1261 3935 1340 4012 Equi·

253 4029 320 4088 dem
335 4029 447 4106 opinor,
478 4030 575 4093 Quam
590 4035 687 4086 autem
699 4027 825 4097 veniam,
840 4035 988 4104 autquam
1000 4026 1238 4094 misericordiam,
1248 4025 1267 4084 ii
1277 4043 1341 4104 quos

254 4121 407 4188 calumniis
419 4119 587 4198 exagitavit,
610 4120 647 4177 ab
667 4137 703 4178 eo
721 4113 936 4197 impetrarunt?
957 4118 1039 4186 Quos
1059 4117 1117 4177 iste
1134 4135 1238 4178 omnes
1250 4118 1342 4196 capitis

254 4213 404 4274 damnavit
417 4212 448 4270 in
460 4211 506 4270 his
515 4211 645 4290 judiciis,
660 4210 749 4288 idque
762 4210 932 4289 priusquam
944 4211 1038 4289 prima
1053 4209 1190 4290 suffragia
1199 4212 1342 4270 ferrentur.

256 4306 296 4364 Et
309 4306 337 4362 in
352 4323 425 4382 quos
438 4302 601 4362 :fascinator
622 4303 677 4362 iste
700 4302 778 4362 adeo
799 4303 927 4362 crudelis
943 4312 977 4362 'et
997 4305 1120 4364 acerbus
1142 4303 1205 4376 fuit,
1221 4322 1271 4362 eos
1288 4319 1342 4370 vos,

256 4395 526 4481 maciomanum
536 4405 602 4454 tum
616 4395 718 4456 sortito
728 4394 846 4474 judices
860 4395 959 4478 eratis,
973 4404 1007 4456 ut
1020 4414 1138 4476 aequum
1155 4394 1218 4471 fuit,
1237 4413 1342 4458 conser-
