2932 4952
128 289 137 330 ⁵
193 319 252 384 ass
479 297 652 384 conans
677 320 1015 392 nnrsrocnmasr.

191 486 261 534 sero
274 473 489 536 nondees'sent
499 465 795 556 complura'dieenda,
806 481 836 538 in
847 500 912 559 quoe
924 482 949 540 si
965 481 1028 561 quis
1039 481 1195 551 intueatur,
1206 480 1299 559 magis

191 566 274 628 illum
289 568 506 628 formidandum
521 581 616 648 putet,
632 591 721 648 quam
743 571 799 636 hac
816 573 998 650 cogitatione
1018 573 1250 643 concedendum,
1265 582 1311 629 ut.

192 659 256 738 ejus
271 679 342 739 opes
363 671 541 739 augeamus·
565 663 599 721 ld
614 663 709 721 solum
728 674 838 736 tamen,
860 665 940 742 quod
959 666 989 723 in
1014 676 1152 744 promptu
1173 666 1301 722 maxime

194 752 264 812 mihi
273 753 446 822 est,dieam.
468 753 572 815 Nostis
585 753 683 834 utique
698 755 876 834 Philippum,
887 757 1092 828 Athenienses,
1104 757 1303 816 Macedonem

193 843 292 917 istum,
306 846 353 904 uui
366 845 503 904 nimirum
515 847 610 906 multo
624 847 718 924 magis
737 847 915 926 expediebat
932 850 1020 907 totius
1035 849 1217 908 Macedoniae
1229 849 1303 906 red-

194 934 254 998 itus
276 940 552 1018 securepercipere,
569 959 656 1017 quam
678 959 745 1000 cum
759 940 895 1018 periculis
912 935 1186 1020 Amphipolitanos:
1206 940 1306 1017 magis

173 1077 175 1086 .
194 1049 281 1111 porro
297 1051 313 1090 e
327 1052 357 1092 re
368 1031 431 1112 ejus
445 1032 560 1110 fuisset,
571 1031 728 1091 amicitiam
742 1043 878 1105 vestram,
890 1045 978 1113 quam
993 1045 1113 1114 epatre,
1128 1053 1180 1112 per
1193 1053 1306 1091 manus

107 1141 108 1148 ¹
194 1125 334 1184 traditam
354 1127 518 1204 acceperat,
532 1125 617 1198 tueri,
635 1144 723 1204 quam
744 1125 994 1198 Thessalorum‚a
1013 1129 1119 1205 quibus
1133 1136 1216 1206 pater
1233 1130 1306 1200 ejus
1354 1133 1358 1142 '

175 1233 178 1238 ‘
193 1238 287 1297 reguo
298 1219 402 1298 pulsus
412 1218 517 1290 fuerat,
529 1218 826 1280 ambiresocietatem.
849 1218 1041 1299 Nampraeter
1051 1219 1116 1291 hoc,
1124 1219 1198 1287 illud
1208 1219 1304 1278 etiam

193 1312 293 1372 videre
308 1323 372 1370 est:
392 1331 445 1370 vos
464 1310 848 1390 nunquamAtheiaienses,
862 1312 953 1370 ullum
974 1313 1099 1372 amicum
1119 1312 1307 1385 deseruistis,

195 1403 331 1463 Thessali
339 1404 483 1463 neminem
497 1423 626 1482 unquam
643 1414 812 1463 constanter
826 1405 1031 1466 defenderunt.
1065 1409 1141 1472 Quae
1154 1425 1241 1484 quum
1256 1407 1305 1465 ita

197 1494 267 1570 sint,
279 1515 371 1574 parva
384 1497 593 1564 emolumenta,
608 1505 638 1553 et
652 1496 778 1556 incertos
792 1497 914 1569 amieos,
928 1508 957 1556 et
970 1498 1100 1576 pericula
1112 1499 1215 1558 videtis
1229 1517 1304 1556 enm

194 1587 264 1650 ritae
285 1587 435 1647 securitati
454 1587 632 1664 praetulisse.
665 1590 743 1653 Quae
757 1585 848 1648 causa
860 1589 982 1649 tandem
1001 1593 1069 1649 est‘l
1098 1591 1201 1668 Neque
1219 1591 1305 1650 enim

194 1681 284 1760 hujus
296 1682 366 1741 facti
380 1681 452 1742 ratio
466 1681 507 1740 ita
520 1690 565 1739 est
578 1682 606 1738 in
620 1691 767 1760 promptu.
790 1683 906 1754 Dicam,
920 1683 1125 1744 Athenienses.
1153 1685 1230 1741 Cum
1245 1683 1308 1742 ho-

195 1774 322 1834 minibus
335 1776 422 1834 bonae
436 1774 495 1833 sint
505 1773 572 1831 duas
584 1793 641 1844 res,
656 1773 747 1833 altera
757 1775 892 1855 princeps
906 1775 1092 1854 maximaque
1101 1777 1232 1837 omnium
1254 1777 1306 1834 se-

194 1865 422 1938 licitasaltera,
438 1879 470 1924 ut
484 1867 541 1924 hac
556 1866 659 1935 minor,
681 1867 722 1925 sic
741 1867 817 1926 inter
836 1878 951 1926 ceteras
972 1887 1097 1940 summa,
1114 1868 1229 1927 consilii
1248 1888 1306 1928 ea-

154 1977 158 1990 ·
193 1959 294 2038 piendi
306 1958 472 2038 prudentia,
493 1953 552 2016 non
574 1957 660 2015 simul
683 1958 827 2036 con-tingit
841 1960 993 2038 utriusque
1017 1961 1168 2038 possessio
1187 1970 1310 2033 morta-

194 2052 292 2119 libus;
314 2071 411 2130 neque
426 2050 580 2129 quisquam
594 2050 663 2108 felix
677 2051 831 2110 terminum
854 2062 905 2110 aut
922 2052 1009 2111 linem
1023 2053 1115 2110 ullum
1129 2053 1220 2113 hahet
1234 2053 1309 2112 infi-

194 2144 265 2203 nitoe
276 2143 478 2222 augendarum
492 2161 582 2220 opum
596 2140 774 2220 cupiditatis.
796 2142 924 2202 Proinde
935 2143 1020 2202 multi
1034 2145 1172 2224 majorum
1184 2146 1311 2204 emolu-

191 2245 361 2296 mentorum
381 2235 526 2295 desiderio
547 2233 680 2293 fortunas
701 2253 769 2294 suas
783 2235 952 2294 amiserunt.
974 2237 1013 2294 Et
1032 2236 1102 2314 quid
1116 2256 1240 2296 necesse
1256 2251 1314 2299 est

178 2329 234 2390 =de
249 2329 385 2408 Philippo
405 2329 512 2400 dicere,
526 2340 578 2388 aut
593 2328 650 2386 alio
664 2328 822 2407 quopiam?
845 2329 920 2388 Cum
942 2329 1005 2408 ipse
1028 2331 1121 2409 Cotys
1141 2331 1313 2391 Censoble·

195 2431 256 2502 ptae
270 2431 363 2500 pater,
373 2423 397 2480 si
412 2421 509 2499 quasi
522 2431 624 2479 exorta
634 2429 718 2480 ‚esset
727 2419 835 2478 seditio
847 2431 899 2480 aut
912 2421 1065 2493 dissensio,
1084 2423 1176 2481 missis
1190 2425 1232 2482 ad
1247 2446 1312 2486 nos

195 2515 312 2593 legatis,
328 2535 359 2574 se
374 2516 521 2574 faetiimm
536 2513 735 2579 omniafuerit
747 2514 913 2592 pollicitusr
936 2527 966 2575 et
984 2525 1047 2574 tum
1063 2519 1194 2590 senserit,
1210 2540 1313 2596 quarn

197 2609 258 2668 suis
279 2607 438 2666 rationibus
452 2610 532 2680 esset
554 2606 783 2678 incommodum,
805 2616 914 2665 nostrae
932 2609 1041 2667 civitati
1059 2609 1158 2668 faeere
1178 2613 1313 2673 bellum.

197 2700 321 2760 Thracia
339 2719 408 2758 vero
431 2703 564 2770 subacta,
579 2701 663 2758 urbes
681 2699 840 2786 occuparit,
849 2769 853 2774 a
861 2701 957 2759 ebrius
977 2701 1096 2779 injurias
1113 2703 1227 2780 lecerit,
1248 2706 1311 2765 de·

196 2793 357 2854 bacchatus
371 2791 420 2868 sit,
431 2793 461 2851 in
476 2792 573 2869 primis
585 2792 614 2849 iu
624 2791 822 2870 semetipsum,
832 2791 937 2851 deinde
947 2793 976 2851 in
992 2813 1046 2852 nos
1060 2794 1159 2866 etiam,
1170 2809 1313 2859 nost-ram

197 2885 338 2951 ditionem
354 2884 501 2955 invaserit,
519 2883 629 2943 iteres
650 2894 713 2943 erat
733 2883 967 2962 inexplicabilis:
989 2905 1057 2944 nam
1078 2879 1112 2944 si'
1123 2889 1174 2966 q‘ui
1192 2891 1233 2949 ud
1248 2911 1314 2951 ex·

197 2980 320 3062 plendas
334 2979 459 3060 iujustas
474 2978 650 3058 cupiditates
665 2997 700 3036 ea
714 2977 887 3056 suscipiunt,
900 2997 966 3056 quaa
978 2997 1039 3037 non
1053 2989 1181 3057 oportet,
1190 2981 1226 3040 hi
1241 3005 1312 3045 non

197 3071 365 3132 difficillima
378 3067 502 3150 quaeque
516 3071 646 3148 cogitare
665 3070 772 3140 solent,
789 3070 842 3128 sed
862 3071 993 3149 prosperi
1012 3090 1168 3132 successus
1189 3077 1314 3136 emolu-

196 3175 316 3226 menta·
331 3163 396 3242 Eg'o
407 3183 477 3223 vero
490 3163 574 3221 vobis
584 3183 619 3222 ea
633 3160 824 3221 deliberanda
836 3181 953 3233 censeo,
967 3163 1073 3241 quihus
1088 3165 1314 3247 Cersohleptae,

197 3259 264 3317 siin
284 3277 319 3316 ea
337 3255 481 3316 sententia
499 3256 647 3326 manserit,
662 3274 725 3334 qua¹
740 3273 805 3312 eum
820 3273 884 3312 esse
899 3255 995 3326 decet,
1014 3256 1096 3314 nulla
1116 3256 1169 3318 liat
1181 3279 1235 3337 per
1246 3282 1312 3322 vos

195 3350 319 3429 injmia:
343 3349 387 3408 sin
409 3357 516 3408 temere
530 3365 583 3407 vos
596 3347 742 3406 lacessere
756 3351 888 3415 conetur,
902 3357 936 3406 ut
950 3367 1015 3404 non
1031 3348 1069 3407 sit
1090 3355 1191 3423 major,
1210 3373 1310 3430 quani

196 3452 312 3501 areum
325 3440 428 3500 ulcisci
441 3441 565 3519 queatis.
587 3439 699 3518 Legum
711 3447 809 3497 autem
819 3437 1076 3516 vohis-epistolam,
1089 3459 1180 3518 quam
1196 3439 1312 3524 Cotys,

113 3569 116 3576 »
177 3541 179 3544 ’
196 3545 267 3615 post
278 3533 462 3612 Miltocythoe
475 3534 671 3592 defectionem
684 3532 747 3590 huc‘
753 3531 841 3601 misit,
854 3541 884 3590 et
897 3551 967 3612 qua,
977 3539 1039 3592 toto
1048 3529 1310 3616 imperiopotitus,

194 3626 384 3688 Timomacho
398 3625 498 3700 missa,
512 3636 621 3686 vestras
635 3625 850 3684 urbesevsrtit.
999 3639 1003 3645 ·

639 3779 847 3840 EPISTOLA.

61 3963 64 3968 .
146 3925 163 3934 ·’
197 3909 460 3991 Ηοδὸιεωρὴιῐη,
476 3908 681 3981 Athenienses,
696 3931 771 3970 ‘eum
788 3911 927 3985 videritis,
951 3923 982 3972 et
1003 3911 1075 3971 illud
1099 3915 1212 3987 sciatis,
1230 3917 1311 3978 Phi·

111 4031 113 4036 .
153 4021 154 4024 ’
194 4003 317 4083 lippum,
328 4005 398 4064 dum
412 4001 608 4085 Amphipolim
623 4002 786 4076 obsidebat,
796 4004 864 4062 ideo
877 4023 986 4071 saeam
997 4005 1308 4084 oppugnaredixisse,

196 4107 232 4156 nt
241 4093 324 4154 vobis
334 4093 472 4167 traderet,
482 4107 636 4174 ppstqaam
645 4105 775 4172 ceperat,
786 4097 872 4182 etiam
884 4096 1047 4156 Potidaeam
1055 4099 1140 4158 vobis
1149 4101 1311 4180 eripuisse,

160 4215 162 4220 ·
196 4185 274 4244 hano
282 4187 319 4260 (si
328 4205 374 4244 me
382 4187 500 4263 quidem
509 4186 646 4259 audietis)
657 4187 855 4266 Cersobleptae
865 4188 953 4247 fidem
961 4189 1117 4261 habebitis,
1126 4210 1217 4269 quarn
1227 4193 1311 4272 lphi-

198 4289 295 4337 crates
304 4277 449 4354 Ephialtes
460 4279 494 4336 F.
504 4279 574 4338 olim
584 4299 603 4337 a
613 4274 843 4338 Lacedaemoniis
854 4281 1073 4360 stipulatusest.
1101 4283 1199 4350 Quem
1210 4285 1310 4354 aiunt,

172 4417 176 4430 r
198 4369 334 4430 fraudem
354 4367 386 4426 in
411 4388 441 4428 re
455 4371 589 4448 quapiam
610 4361 794 4432 nectentibus
809 4373 1053 4444 Lacedaemoniis,
1074 4375 1310 4436 ostendentibus

198 4469 298 4522 umen
311 4479 344 4522 se
356 4456 493 4540 quamvis
502 4461 543 4522 illi
555 4462 645 4523 tidem
659 4459 795 4539 daturos,
806 4465 934 4544 dixisse,
947 4469 1007 4528 non
1018 4467 1086 4528 ¹alia
1097 4467 1157 4528 fids
1172 4469 1248 4529 data
1270 4487 1310 4530 se
