2886 4946
210 285 321 387 ‘104'
481 310 483 331 '
620 313 861 389 rnnrerrcn
882 323 936 388 iv.

224 471 332 564 peterit
341 471 487 569 :primum
501 483 702 572 enirn‚quihur
717 475 768 546 rex
783 484 933 546 Personat
944 473 1139 560 ildemhabet,
1150 484 1329 568 quosqacde

226 595 259 636 se
271 577 347 637 bene
361 597 426 639 esse
439 579 558 640 meritos
572 589 667 659 putat,
680 577 710 638 hi
725 579 851 640 oderunt
860 588 891 640 et
900 579 979 641 bello
989 581 1130 642 infestant
1143 579 1328 662 Philippum:

227 669 346 743 deinde,
361 670 412 760 qui
426 671 543 754 adjutor
556 681 586 732 et
603 673 740 734 conscius
755 673 812 732 fuit
824 673 954 734 omnium
968 672 1094 754 Philippi
1114 681 1218 734 contm
1230 691 1331 754 regern

224 763 459 836 instructionum,
473 767 499 824 is
514 766 652 846 abreptus
665 759 723 836 cst,
738 774 771 826 et
783 763 882 826 omnia
894 785 960 845 qam
976 775 1062 845 gesta
1076 775 1145 824 suut
1157 785 1210 824 rex
1222 785 1283 827 noa
1293 786 1331 825 ex

224 857 309 917 nobis
322 857 527 920 accusantibus
541 858 651 930 audiet,
665 877 738 937 quos
752 859 874 938 privatae
888 859 1022 919 utilitatis
1035 857 1230 918 causadieere
1242 867 1331 938 puta·

223 952 308 1025 verit,
319 951 373 1011 sed
385 970 424 1010 ex
437 952 501 1031 ipso
516 969 611 1010 rerum
627 961 724 1012 actore
743 963 774 1011 et
787 951 1038 1022 administratore3
1059 952 1137 1020 unde
1151 951 1226 1014 fides
1240 951 1332 1011 habe·

222 1045 301 1105 bitur
315 1044 561 1116 accusationibus,
575 1053 605 1104 et
617 1065 652 1104 ea
663 1045 767 1104 vestris
780 1044 887 1124 legatis
898 1045 1008 1123 reliqua
1022 1045 1077 1104 crit
1090 1043 1193 1118 oratio,
1207 1063 1267 1124 qua
1278 1063 1332 1104 rex

222 1137 348 1197 maxime
362 1137 563 1210 delectabitur,
578 1156 644 1197 eum
660 1137 709 1216 qui
722 1147 861 1214 utrosque
877 1136 986 1196 laeserit
998 1136 1191 1197 communiter
1204 1155 1271 1196 esse
1285 1137 1332 1196 nl·

222 1231 409 1292 cisceudum:
424 1220 552 1308 ¹regique
570 1229 661 1290 multo
674 1231 738 1289 fore
759 1229 1016 1290 formidabiliorem
1038 1221 1217 1310 Philippum,
1231 1230 1258 1290 si
1277 1249 1333 1292 nos

221 1325 303 1405 prius
314 1323 466 1391 invaserit;
488 1343 557 1382 nam
571 1321 687 1402 siquod
698 1315 753 1384 nos
763 1323 893 1386 derelicti
903 1322 1009 1382 vulnus
1021 1317 1229 1404 acceperimus,
1240 1325 1333 1386 intre·

222 1417 292 1498 p'idc
303 1418 388 1476 *illum
402 1424 505 1477 contra
517 1435 616 1495 regem
631 1417 750 1477 iturum.
792 1416 915 1495 Propter
925 1415 990 1475 hoec
1001 1417 1090 1496 igitur
1103 1417 1211 1489 omnia,
1220 1437 1331 1478 censeo

222 1512 337 1590 legatos
349 1529 418 1569 csse
429 1509 601 1580 mittendos,
613 1510 662 1588 qni
676 1529 743 1570 cum
754 1527 825 1588 rege
835 1509 1057 1588 colloquentem
1072 1519 1104 1570 et
1113 1510 1332 1590 simplicitatem

222 1605 307 1665 istam
318 1603 533 1683 deponendam,
544 1622 610 1682 quae
619 1604 700 1663 vobis
712 1622 791 1682 saepe
801 1599 976 1666 detrimento
988 1605 1053 1664 fuit.
1096 1605 1255 1666 Enimvero
1263 1609 1333 1668 bar·

219 1699 308 1757 barus
319 1706 365 1756 est
378 1705 408 1755 et
419 1695 582 1764 communis
596 1695 838 1764 omniumhostis,
854 1704 885 1754 et
895 1695 1078 1777 rehquaejus
1088 1698 1202 1777 generis
1211 1701 1331 1762 omnies

222 1809 279 1868 ego
288 1789 378 1861 enim,
387 1805 456 1847 cnm
469 1787 556 1846 video
567 1805 633 1846 esse
647 1788 697 1865 qui
711 1787 791 1846 illum
803 1787 852 1865 qui
864 1787 947 1848 Susis
962 1797 992 1846 et
1002 1787 1162 1849 Ecbatanis
1174 1790 1260 1869 degit
1270 1811 1332 1850 me·

221 1892 295 1953 tuot,
306 1892 336 1940 et
348 1881 461 1962 reipub.
473 1881 548 1939 male
561 1879 637 1942 velle
651 1881 740 1953 dicat,
752 1881 801 1960 qui
810 1873 890 1960 prius
905 1879 993 1940 etiarn
1002 1881 1041 1941 ad
1049 1875 1182 1963 rempub.
1196 1893 1331 1944 cosham

221 1973 390 2053 erigendam
406 1973 520 2049 adjutor
534 1972 599 2045 fuit,
615 1984 645 2032 et
657 1993 749 2052 nuper
761 1973 964 2053 pollicebatur,
981 1974 1073 2052 (quod
1092 1974 1116 2034 si
1130 1995 1182 2034 vos
1195 1995 1267 2036 non
1280 1989 1331 2037 ac·

221 2069 353 2149 cepistis,
367 2067 421 2127 sed
436 2067 691 2128 senatusconsulto
702 2066 884 2146 repudiastis,
899 2067 1047 2146 perillum
1062 2067 1179 2147 quidem
1195 2089 1257 2130 non
1273 2081 1333 2130 ste-

220 2162 279 2238 tit.)
294 2163 330 2220 de
344 2181 379 2220 eo
390 2175 498 2228 autem,
510 2160 559 2240 qui
573 2160 602 2218 in
611 2159 721 2219 foribus
732 2159 818 2232 adeo,
830 2179 921 2240 prope
932 2160 962 2218 in
975 2160 1073 2220 media
1083 2159 1202 2222 Graecia
1212 2164 1333 2236 crescit,

219 2255 356 2336 pradone
378 2250 561 2325 Graecorum,
582 2252 662 2315 aliud
683 2253 791 2331 aliquid
806 2252 1060 2327 dicat—demiror,
1074 2273 1201 2334 eumque
1214 2266 1331 2328 metuo,

219 2349 350 2429 quisquis
364 2347 412 2406 ille
426 2347 474 2415 sit,
483 2365 547 2404 cum
563 2344 626 2424 ipse
639 2345 806 2424 Philippum
818 2364 878 2404 non
889 2353 1003 2403 metuat.

262 2445 308 2500 10.
331 2441 388 2499 Est
401 2449 431 2498 et
444 2439 503 2504 alia
512 2459 631 2517 resquae
640 2438 807 2516 reipublicae
818 2447 917 2508 nocet,
927 2437 1332 2517 injustamaledicentiavsr·

217 2536 321 2613 bisque
334 2551 394 2592 non
404 2525 644 2591 convenientibus
655 2531 786 2591 adducta
794 2530 823 2588 in
831 2530 987 2597 iuvidiam
1003 2547 1070 2610 quse
1080 2530 1115 2589 iis
1127 2529 1328 2604 occasionem,

218 2627 268 2708 qui
281 2625 351 2684 nihil
363 2624 439 2702 sequi
450 2641 539 2702 agere
551 2613 655 2682 'volunt
668 2623 698 2682 iu
711 2623 871 2702 republica,
886 2621 1073 2710 suppeditat:
1096 2623 1225 2704 denique
1235 2626 1331 2685 omni-

196 2780 198 2784 ,
219 2740 269 2779 um
283 2738 350 2798 quae
361 2717 477 2789 desunt,
485 2733 553 2774 cum
567 2714 598 2774 id
606 2717 643 2774 ab
656 2715 826 2794 aliquofieri
837 2725 980 2794 oporteat,
990 2714 1094 2774 ineam
1104 2735 1166 2776 rem
1177 2717 1331 2778 transferri

218 2814 334 2893 culpam
345 2810 507 2870 invenietis.
530 2809 647 2888 Deque
661 2809 780 2870 omnino
795 2803 893 2870 dicere
903 2829 1015 2879 vereor,
1032 2811 1086 2878 scd
1101 2810 1198 2871 dicam
1209 2821 1329 2874 tamem

217 2919 291 2986 puto
301 2903 378 2964 enim
388 2921 433 2962 me
442 2902 617 2974 habiturum,
628 2903 710 2981 quod
720 2902 760 2962 ad
769 2901 937 2981 reipublicae
950 2903 1106 2962 utilitatem
1115 2913 1146 2963 et
1153 2924 1205 2982 pro
1215 2922 1331 2987 paupe-

217 3001 297 3060 ribus
309 3007 411 3057 eontra
424 2989 529 3056 divite's
540 2995 647 3069 dicam,
657 3005 688 3056 et
698 2995 952 3076 prolocupletibus
962 3005 1066 3057 contra
1074 3017 1193 3078 egenos,
1204 3001 1231 3058 si
1241 3021 1258 3060 e
1269 3021 1330 3062 me-

218 3094 267 3154 dio
275 3089 476 3154 sustulerimus
490 3090 665 3160 calumnias,
681 3108 754 3168 quas
768 3090 805 3149 de
816 3089 950 3150 theatrali
963 3092 1091 3169 pecunia
1105 3088 1226 3172 quidam
1237 3093 1330 3174 iniqui

216 3188 328 3258 dicunt,
338 3195 368 3244 et
376 3186 508 3245 timorem
521 3183 681 3256 illurn‚non
691 3203 777 3262 posse
786 3183 848 3242 sine
859 3203 968 3261 magno
976 3183 1075 3264 aliquo
1084 3185 1162 3245 malo
1172 3186 1253 3246 hanc
1269 3207 1329 3247 rem

217 3279 383 3350 consistere,
398 3297 456 3355 quo
471 3275 542 3336 nihil
556 3275 651 3355 majus
670 3275 766 3335 adres
780 3276 925 3354 gerendas
939 3276 1084 3348 conferre,
1099 3276 1171 3337 nihil
1185 3279 1270 3356 quod
1284 3289 1329 3339 to-
1431 3302 1434 3310 ’

216 3381 277 3430 tam
297 3371 399 3429 urbem
413 3369 507 3448 magis
521 3369 689 3427 corroboret
702 3378 854 3448 praestare,
869 3387 1035 3447 possumus.
1079 3369 1128 3429 Sic
1142 3379 1243 3429 autem
1257 3391 1330 3431 con-

217 3465 342 3524 siderate
354 3481 362 3522 ε
385 3461 438 3520 sed
448 3461 541 3540 primo
550 3461 618 3520 loco
627 3461 723 3520 dicam
733 3461 771 3520 dc
780 3461 827 3530 iis,
839 3461 888 3541 qui
899 3461 1002 3540 inopes
1014 3481 1079 3522 esse
1089 3461 1236 3522 ridentur.
1260 3465 1330 3525 Non

214 3556 257 3615 ita
271 3556 340 3615 olim
353 3553 511 3630 vectigalia
523 3545 633 3612 nostrae
643 3545 770 3614 civitatis
782 3561 901 3618 centum
911 3564 941 3613 et
951 3554 1072 3633 triginta
1082 3555 1195 3615 talenta
1205 3577 1269 3617 non
1279 3578 1329 3619 su·
1436 3621 1437 3638 ἦ

215 3635 375 3728 parabant:
396 3654 427 3706 et
439 3665 526 3704 nemo
539 3665 576 3704 ex
590 3645 625 3704 iis
639 3656 692 3718 est,
706 3646 766 3724 qui=
776 3647 883 3710 triremi
897 3667 1037 3727 praeesse,
1057 3659 1110 3707 aut
1123 3649 1258 3710 confuse
1278 3652 1329 3710 tri-

214 3745 318 3802 butum
332 3749 479 3820 poterant,
492 3738 542 3816 qui
555 3757 615 3795 non
626 3758 680 3798 sua
695 3749 798 3818 sponte
816 3739 871 3798 sibi
880 3739 1047 3799 faciendum
1057 3741 1188 3800 officium
1197 3752 1328 3820 putaret,
1353 3734 1355 3740 ’

217 3835 296 3910 quod
308 3832 439 3912 pecuniae
453 3831 538 3908 copia
551 3849 610 3888 non
625 3840 706 3890 erat:
722 3830 772 3891 sed
785 3842 816 3891 et
825 3833 956 3892 triremes
967 3833 1112 3892 instructa
1124 3833 1218 3906 ibant,
1229 3845 1261 3894 et
1272 3855 1327 3915 pe·
1436 3833 1437 3856 ³

216 3926 304 3984 cunia
316 3926 346 3983 in
359 3934 496 4005 promptu
512 3932 583 3993 erat,
598 3929 628 3980 et
641 3924 719 3982 omni
733 3924 830 3983 officio
845 3924 1052 4003 fungebamur.
1095 3924 1170 3994 Post
1182 3927 1249 3988 haec
1266 3929 1327 3990 for·
1436 3999 1437 4014 ,

215 4017 469 4096 hrnaebenignitas
479 4016 718 4085 auxitaerarium3
740 4026 774 4076 ut
789 4017 901 4077 talenta
913 4037 968 4098 pro
981 4028 1101 4078 centum
1113 4018 1171 4078 illis
1186 4022 1328 4100 quadrin-
1364 4027 1373 4054 '

217 4118 307 4190 genta
319 4110 448 4180 redeant,
463 4111 524 4168 siue
537 4109 599 4168 ullo
613 4108 733 4169 divitum
748 4110 933 4182 detrimento,
948 4111 1001 4170 sed
1015 4129 1084 4173 cum
1098 4131 1201 4171 eorum
1212 4113 1327 4173 emolu·

216 4210 318 4262 mento
331 4201 447 4278 potius:
469 4202 573 4262 divites
589 4203 777 4262 enimomnes
790 4204 911 4262 veniunt
923 4205 954 4262 in
968 4214 1082 4283 partem
1096 4225 1208 4279 eorum,
1224 4216 1326 4266 etms

214 4295 272 4354 rito
284 4292 413 4350 veniunt.
444 4294 503 4358 Qui
521 4295 554 4354 tit
569 4294 666 4372 igitur,
680 4304 713 4352 ut
722 4295 752 4353 id
768 4295 832 4355 aliis
845 4295 893 4355 alii
907 4298 1129 4375 exprobremus,
1150 4309 1181 4358 et
1194 4319 1245 4378 per
1259 4317 1326 4360 eam

205 4383 344 4463 ¹speciem
358 4383 454 4441 facere
469 4402 536 4458 qnae
549 4384 656 4444 decent
669 4385 859 4446 recusemus?
881 4387 946 4446 Nisi
960 4388 1037 4453 forte
1055 4390 1199 4450 auxilium
1212 4411 1326 4472 paupe*

217 4478 297 4537 ribus
307 4494 326 4533 a
340 4473 456 4535 fortuna
468 4474 797 4548 oblatam„invidemus;
816 4495 895 4558 'quos
907 4499 963 4542 nec
976 4483 1041 4564 ipse
1059 4485 1254 4565 reprehendo,
1269 4503 1325 4548 uae
