2912 4946
432 247 602 342 consui
622 271 919 338 rinocoruris.
1001 339 1010 390 Νι
1173 285 1235 346 ees

137 451 205 510 qum
216 429 506 510 solvendossuisseut,
520 445 580 492 non
599 432 796 495 solventibus:
817 453 854 496 eo
866 432 993 514 denique
1005 451 1059 494 vos
1072 435 1188 515 redigit,
1202 449 1236 501 ut

137 527 247 586 frost'm
255 524 366 603 jurare,
379 525 533 598 aestimare,
543 525 688 604 judicare,
706 526 801 597 irasci,
823 528 920 588 omnia
935 527 1042 601 facere,
1065 548 1118 588 roe
1139 540 1237 594 osten-

139 621 214 680 det?
244 619 389 698 Equidem
404 621 539 681 existimo
554 621 687 691 Critiam,
702 622 755 699 qui
767 621 824 682 fuit
838 641 915 681 unus
928 642 947 681 e
960 622 1078 702 triginta
1093 623 1237 705 tyrannis,

136 713 163 772 si
172 733 267 791 quarn
277 713 352 772 ferre
366 713 462 791 legem
476 713 574 786 vellet,
583 733 644 774 non
654 713 741 772 aliam
755 713 846 774 fuisse
857 713 995 780 laturum,

180 811 230 867 25.
252 807 321 868 dam
334 815 428 866 totam
443 806 588 868 confundi
601 795 865 886 rempublicamet
883 807 982 868 omnia
993 808 1113 886 negotia
1126 809 1239 872 destrui
1321 853 1325 860 -
1385 833 1387 848 ·

129 891 205 978 lege
219 901 284 974 iste,
299 899 442 960 *et-multe
458 907 631 968 ornamenta
651 911 760 960 nostroe
780 899 905 960 civitatis
927 899 1046 982 aboleri,
1067 900 1238 982 idquoqoe

136 993 224 1053 facile
238 1012 290 1052 vos
310 1003 382 1072 puto
392 992 577 1070 cognituros.
600 992 704 1070 Neque
718 993 796 1054 enim
816 993 968 1071 ignoretis,
984 1002 1115 1054 nostram
1136 997 1239 1058 urbem

138 1085 376 1164 expeditionibus
396 1087 607 1164 saepeservari,
629 1096 691 1146 tum
713 1086 878 1159 naualibus,
899 1095 961 1146 nrm
985 1086 1186 1164 pedestribus:
1209 1099 1240 1151 et

135 1181 191 1239 ‚vos
213 1179 307 1238 multa
332 1179 533 1238 memorabilia
553 1178 682 1257 gessisse
698 1183 759 1253 jam
781 1178 844 1238 aliis
866 1179 1088 1250 conservandis,
1104 1179 1167 1244 aliis
1183 1179 1238 1260 pti·

137 1273 338 1344 niendis,eliis
347 1270 578 1339 reconciliandis.
593 1272 668 1331 Haec
677 1291 744 1332 vero
750 1291 807 1349 qno
816 1279 905 1351 pacto
913 1270 1239 1334 administrandesuntl

138 1363 503 1426 Per-senetuseonsulteet
511 1360 609 1442 leges:
625 1375 658 1423 ut
668 1364 715 1424 elii
727 1364 836 1422 tributa
845 1364 986 1443 pendere,
997 1364 1045 1422 alii
1053 1364 1185 1428 triremes
1193 1367 1245 1426 in!

135 1471 261 1530 struere,
270 1458 320 1518 elii
330 1457 824 1536 .navigore,aliisingulaquaeopus
834 1468 912 1528 sunt,
923 1467 1063 1536 prestere
1070 1458 1239 1537 jubeantur,
1294 1493 1298 1500 ·

55 1584 57 1592 ‚
136 1554 214 1628 Ques
229 1549 271 1610 uti
279 1551 403 1622 flectet
412 1550 442 1608 in
446 1548 566 1630 judiciis
575 1551 741 1629 frequentes
750 1549 869 1620 adestis,
874 1550 957 1632 etad
965 1550 1082 1610 vincula
1092 1550 1239 1618 damnatis

27 1648 32 1660 ‘
136 1643 249 1704 ordinis
263 1645 489 1726 perturbatores.
510 1641 781 1722 Considerate'yero
793 1644 959 1722 praesteotis
968 1643 1053 1702 istius
1066 1642 1118 1703 viri
1133 1643 1240 1723 legem,
1268 1697 1271 1730 ,Ι
1353 1669 1355 1676 ·

71 1750 73 1758 ’
136 1733 321 1815 quantopere
334 1735 474 1813 impediet
486 1735 562 1808 haec,
576 1744 607 1795 et
619 1745 796 1814 corrumpat.
818 1735 965 1816 Scriptum
979 1745 1025 1796 est
1037 1736 1068 1797 in
1082 1735 1145 1814 ejus
1155 1736 1240 1816 leget

137 1827 304 1894 tametsi
336 1827 501 1887 mrarius
537 1827 676 1906 aliquis
712 1828 889 1890 vinculis
927 1830 979 1890 sit
1014 1828 1239 1905 damnatus,

136 1919 347 1981 autetiam
371 1919 408 1978 in
432 1929 632 1998 posterum
660 1920 867 1993 damnetur,
891 1922 923 1982 ei
947 1921 1067 1983 licere
1091 1925 1239 1984 consti.-

65 2073 67 2078 ,
135 2014 238 2075 tutis
260 2014 445 2085 vadibus,
477 2014 746 2092 promittenti,
778 2032 820 2074 se
842 2013 1039 2074 bonafide
1065 2033 1239 2076 nonore-

136 2117 249 2167 natus
272 2115 456 2168 conventu
477 2118 670 2185 argentum
694 2105 919 2178 soluturum,
942 2106 1044 2164 exire
1067 2103 1240 2168 vinculis.

139 2200 228 2260 Unde
241 2199 330 2277 igitur
340 2207 522 2258 commestus
541 2197 700 2278 suppetet?
733 2199 801 2264 Quo
822 2199 910 2278 modo
928 2197 1058 2258 mittetur
1078 2188 1241 2258 exercitus?

134 2295 208 2360 Quo
230 2303 322 2371 paeto·
346 2292 506 2371 pecuniam
540 2293 701 2371 exigemus,
729 2292 754 2350 si
777 2292 977 2371 uuusquisque
1006 2291 1121 2352 debitor
1151 2293 1241 2356 vades

92 2423 99 2430 -
134 2405 176 2447 ex
198 2384 283 2454 istius
304 2385 370 2464 lege
392 2384 515 2456 dederit,
539 2385 668 2444 officium
689 2385 792 2444 fecerit
812 2385 919 2444 nemo?
942 2385 1085 2464 Nunquid
1108 2384 1239 2448 dicemus

136 2477 264 2547 Grsecis,
278 2472 452 2536 Timocratis
469 2477 517 2536 lex
529 2486 577 2536 est
592 2478 670 2562 apud
684 2498 748 2550 nos,
763 2477 883 2556 proinde
898 2497 1007 2536 novum
1021 2489 1150 2540 senatus
1168 2499 1239 2540 con·

135 2569 481 2648 ventumexspeeta'tote,
495 2579 558 2630 tum
570 2569 689 2628 demum
703 2568 907 2652 egrediemur?
928 2571 997 2630 Hoc
1008 2571 1085 2630 enim
1095 2573 1240 2652 reliquum

133 2672 193 2723 est.
215 2661 305 2727 Quod
319 2662 344 2721 si
357 2671 456 2720 nostra
469 2661 572 2720 civitas
585 2662 640 2720 erit
646 2649 848 2733 defendenda,
862 2673 931 2720 num
946 2664 1057 2741 putatis
1070 2665 1172 2728 hostes
1186 2667 1239 2728 iro·

133 2757 296 2834 proborum
317 2753 423 2813 civium
443 2753 699 2831 tergiversationes
718 2762 749 2811 et
764 2751 912 2813 elusiones
927 2754 1073 2834 improbes
1087 2768 1240 2837 exspecta·

136 2847 242 2906 turos?
264 2846 297 2904 Si
310 2846 409 2924 leges,
424 2863 490 2924 qun
504 2845 599 2924 ipsam
621 2846 722 2903 urbem
742 2845 915 2922 impediunt,
931 2847 1070 2920 tuleritis,
1084 2859 1114 2907 et
1133 2851 1238 2910 rationi

134 2941 273 3022 utilitatis
284 2939 493 3018 repugnentes,
507 2937 635 3015 nunquid
651 2936 748 2996 officio
762 2935 824 2996 ulle
836 2957 872 2996 ex
886 2946 969 3016 perte
980 2937 1163 3016 fungemioi?
1184 2942 1240 3000 At·

137 3033 187 3112 qui
209 3029 348 3112 preclare
377 3032 531 3090 nobiscum
552 3031 599 3110 egi
624 3028 799 3108 putandum,
820 3029 855 3099 si,
876 3049 944 3088 curn
963 3031 1199 3114 omniafuerint·
1208 3034 1239 3094 in

134 3126 247 3196 officio,
257 3145 312 3184 nee
326 3123 390 3182 ulle
402 3123 468 3183 telis
482 3123 530 3182 lex
543 3122 728 3193 interturbet,
742 3120 843 3190 hostes
858 3141 1038 3206 superemns,
1053 3124 1078 3182 si
1092 3143 1146 3184 nec
1162 3126 1239 3196 cele·

134 3219 224 3277 ritate
248 3210 455 3289 destituamur,
471 3235 527 3276 nec
548 3215 617 3274 belli
641 3213 815 3274 occasiones
834 3215 1002 3274 deseramus
1025 3235 1165 3293 unquam,
1186 3219 1240 3278 sed

134 3309 228 3390 pleno
240 3311 333 3389 gradu
347 3307 572 3388 consequemur:
613 3306 703 3375 ‘Quod
713 3309 742 3366 si
760 3311 826 3366 eam
839 3316 869 3366 te
889 3308 986 3385 legem
1000 3307 1100 3368 tulisse
1115 3319 1239 3384 constat,

134 3421 197 3480 que
209 3402 344 3466 tales-res
356 3393 529 3473 abolentur,
540 3419 609 3479 qua
628 3407 738 3459 nostroe
756 3398 883 3460 civitatis
905 3399 1091 3479 splendorem
1105 3412 1136 3461 et
1148 3408 1239 3478 meje-

134 3481 246 3556 statem
260 3494 368 3574 ubique
383 3504 537 3564 auxerunt,
553 3511 652 3554 annon
665 3493 768 3572 quovis
781 3492 927 3572 supplicio
935 3494 1002 3572 jure
1017 3493 1173 3556 efficereris
1186 3497 1200 3555 t
1262 3513 1265 3518 ·

177 3589 226 3646 26.
251 3589 384 3666 Insuper,
393 3583 608 3656 Athenienses,
620 3584 868 3664 vectigalietollit,
879 3595 1035 3646 tumsecra
1044 3587 1239 3665 tumpublioa.

134 3682 229 3752 Quod
242 3681 391 3760 quomodo
403 3673 466 3754 liat,
481 3699 536 3759 ego
550 3679 656 3739 dicem.
684 3679 741 3738 Est
753 3679 911 3738 vebisnata
924 3679 984 3749 lex,
993 3690 1030 3739 ,et
1041 3679 1241 3758 preclara-nt

133 3771 237 3856 siqua
250 3775 317 3847 alia,
336 3774 386 3854 qui
400 3784 460 3834 tem
481 3789 595 3832 sacrem
615 3771 702 3852 quam
721 3767 1034 3852 publicam'pecrmimn
1045 3780 1160 3843 tenent,
1174 3791 1240 3834 enm

133 3871 213 3936 utin
229 3869 310 3930 curia
323 3875 492 3926 numerent:
515 3865 561 3924 sin
575 3863 681 3937 minus,
695 3867 729 3924 u't
743 3875 864 3938 senatus
878 3864 976 3943 exiget
987 3863 1023 3922 iis
1040 3863 1156 3942 legibus
1172 3885 1239 3943 qum

88 3959 90 3964 ’
130 3967 165 4024 in
179 3962 355 4043 publicanos
374 3960 443 4018 latae
463 3953 542 4017 sunt.
569 3956 627 4016 Per
639 3955 704 4016 eam
717 3967 815 4017 autem
825 3951 920 4036 legem
935 3956 1102 4016 communie
1112 3957 1240 4021 adminiae

132 4065 278 4118 strantur.
301 4045 451 4131 Namqnae
461 4045 668 4123 inconcinnos,
679 4051 708 4108 in
719 4049 870 4123 sacrificia,
880 4051 909 4108 in
920 4060 1066 4130 senatum,
1078 4050 1239 4130 inequites,

131 4154 267 4230 aliasque
281 4161 328 4208 res
340 4150 536 4221 insumuntur,
549 4145 637 4226 hujus
652 4141 838 4226 legis'omnia
856 4145 999 4206 beneficio
1020 4157 1240 4225 comparantur,
1274 4205 1278 4211 .

130 4255 166 4306 et
187 4241 388 4322 suppeditant.
434 4241 511 4300 Cum
532 4239 609 4300 enim
628 4238 815 4316 vectigalium
839 4237 951 4297 reditus
973 4239 1137 4318 sumptibus
1160 4240 1239 4300 urbis

128 4338 217 4400 haud
235 4337 392 4410 sufficiant,
406 4335 586 4415 adjectiones
600 4353 676 4414 quas
689 4329 844 4406 vocamus,
853 4333 939 4413 hujus
953 4333 1028 4414 legis
1041 4341 1124 4396 metu
1135 4353 1239 4395 num.

129 4443 248 4498 rentur.
270 4431 330 4498 Qui
345 4421 552 4512 poteritigitor
572 4429 646 4510 fieri,
664 4429 735 4508 quin
753 4427 845 4513 totius
861 4423 989 4490 civitatis
1010 4429 1105 4490 statue
1127 4429 1239 4510 labeia⁴
