2886 4946
574 298 631 360 ιιι
653 253 837 362 sonoris.
1081 304 1083 312 ¹
1200 295 1258 356 ιιι

163 455 245 527 pater
258 455 328 506 tuus
343 445 466 510 Tromes
479 449 559 528 apud
570 449 684 530 Elpiam
697 452 747 530 qni
765 451 804 512 ad
818 449 927 512 Thesei
940 451 1039 511 sanum
1053 451 1178 512 docebat
1190 451 1256 514 lite·

161 559 208 599 ras
232 539 386 614 serviebat,
404 543 512 602 crassis
532 543 722 622 compedibus
745 552 778 606 et
798 543 879 622 ligno
900 543 1096 604 constrictus?
1117 561 1154 602 an
1173 544 1255 620 quod

159 641 252 691 mater
266 641 318 691 tua
337 633 639 714 quotidianisnuptiis
660 636 690 695 in
708 634 826 710 fornicev
837 641 921 712 juxta
945 635 1115 696 Calamitenr
1136 634 1255 694 heroem

159 723 277 804 operam
292 744 359 784 cnm
374 724 464 794 daret,
479 727 643 806 elegantem
657 747 723 788 eam
744 737 871 788 statuam
892 731 922 810 e't
942 747 1084 788 summum
1105 725 1254 786 tertiarum

160 817 289 921 partium
306 815 473 878 histrionem
493 819 639 880 nutriebat
663 819 714 880 tei
753 820 843 898 Atqui
867 820 931 880 haec
953 839 1058 879 omnes
1078 828 1194 890 norunt,
1209 830 1254 881 et·

161 908 244 968 iamsi
256 928 312 986 ago
325 909 551 987 praetermittam.
592 911 641 970 Αιι
654 912 735 989 quod
753 931 818 972 sam
831 910 965 972 nauticus
976 911 1026 970 ille
1039 910 1148 970 tibicen
1162 911 1256 971 Phor·

162 1000 221 1057 mio
248 1000 351 1058 Dionis
374 1001 538 1062 Phrearrhii
562 1022 660 1063 servus
685 1005 723 1062 ab
743 1003 947 1066 honestissimo
969 1003 1026 1064 boc
1047 1011 1163 1117 quaestu
1186 1021 1254 1062 avo-

162 1092 273 1156 cubat?

199 1189 250 1244 41.
273 1186 381 1246 Verum
395 1208 446 1268 per
463 1189 569 1250 Jovem
585 1189 714 1268 deosque
728 1195 847 1256 omnes!
867 1209 968 1252 rerem
980 1208 1029 1262 ne,
1044 1188 1163 1254 dumde
1178 1197 1207 1248 te
1218 1204 1255 1250 ea

160 1277 228 1338 dico
241 1298 309 1356 quae
322 1279 352 1338 in
367 1289 396 1340 te
408 1283 595 1354 conveniant,
608 1282 669 1360 ipsa
683 1281 754 1344 milri
767 1281 885 1361 quidem
898 1301 1000 1361 parum
1012 1301 1175 1361 congruum
1188 1300 1253 1340 sus·

160 1369 276 1447 cepisse
290 1369 391 1430 videar
411 1391 583 1436 sermonem.
625 1373 700 1434 Haeo
718 1373 806 1452 igitur
819 1373 911 1436 missa
923 1373 1043 1443 faciam,
1056 1375 1093 1436 ab
1107 1373 1141 1432 iis
1155 1383 1253 1436 autern

162 1460 259 1522 ordiar
275 1481 343 1540 quas
358 1463 421 1542 ipse
440 1464 469 1524 in
485 1465 546 1530 visa
559 1465 661 1544 gessit.
702 1465 771 1525 Non
788 1465 865 1526 eninr
878 1484 915 1528 ex
929 1466 1030 1544 quovis
1041 1465 1192 1531 bominum
1201 1485 1253 1544 ge·

159 1554 301 1628 percssit,
315 1555 368 1614 sed
382 1575 420 1616 ex
430 1557 465 1616 iis
477 1576 550 1635 quos
561 1557 687 1636 populus
696 1566 872 1620 exsecratur.
912 1556 985 1618 Sero
995 1555 1071 1620 anim
1084 1557 1255 1628 tandem-a,

159 1664 225 1706 sero
244 1645 368 1724 loquor?
388 1648 558 1710 immorero
570 1649 632 1710 lieri
645 1659 676 1710 at
687 1665 780 1730 nuper
800 1649 885 1718 simul
899 1657 930 1710 et
939 1649 1128 1718 Atheniensis
1140 1657 1172 1714 st
1187 1666 1253 1716 ors·

160 1747 206 1798 tor
219 1747 266 1798 est
284 1739 436 1811 lactosae
449 1741 564 1802 duabus
579 1743 701 1822 syllabis
712 1742 833 1818 asljectm
846 1752 958 1821 patrem
972 1761 1024 1821 pro
1037 1742 1171 1804 Tromsts
1184 1738 1256 1803 fecit

160 1833 359 1905 Atrometum,
373 1843 495 1896 matram
503 1845 603 1896 sutem
615 1835 773 1896 honorifice
782 1855 853 1896 sans
861 1833 1075 1896 Glaucothesm
1085 1831 1259 1904 nominarit,

160 1944 248 2003 quam
263 1923 422 2004 Empusam
442 1945 545 1994 omnes
564 1927 662 1990 sciunt
676 1928 843 2000 vocitatam,
856 1937 949 1993 tracto
963 1926 1173 1996 videlicetinds
1183 1943 1255 2004 cog·

160 2017 279 2078 nomine
291 2018 374 2096 qnod
388 2019 485 2082 omnia
503 2031 534 2078 ιι
555 2021 664 2082 laceret
685 2031 718 2084 et
738 2029 904 2100 pararetur:
925 2019 1003 2080 unde
1026 2020 1103 2082 enim
1123 2017 1254 2097 alisqui?

161 2109 200 2177 Et
212 2121 313 2170 tamen
326 2111 365 2172 ita
378 2111 510 2190 ingratus
524 2132 558 2175 es
569 2123 657 2192 atque
678 2113 827 2191 improbus
848 2121 962 2182 natura,
984 2121 1017 2170 ιιι
1036 2112 1108 2176 liber
1121 2132 1157 2178 ,ex
1169 2127 1254 2178 ‚servo

160 2213 191 2272 et
200 2203 283 2264 dives
295 2224 332 2264 ex
346 2215 451 2282 egente
460 2205 563 2268 horum
575 2205 718 2268 beneficio
731 2206 838 2276 factus,
848 2223 907 2266 non
917 2203 1008 2265 modo
1016 2222 1075 2264 non
1087 2204 1208 2280 gratian
1218 2202 1257 2262 iis

159 2295 279 2369 habeas,
293 2297 347 2358 sed
359 2306 391 2356 et
401 2315 490 2373 opera
503 2309 554 2360 tua
566 2299 664 2360 locata
677 2297 847 2360 contrahes
862 2315 953 2372 remp.
968 2314 1062 2374 geras.
1076 2355 1078 2359 ,
1225 2349 1227 2354 .

204 2390 254 2460 422„
274 2389 370 2465 Atque
394 2388 572 2466 sequidem
595 2389 632 2448 de
654 2389 760 2464 quibus
785 2386 981 2448 controversia
999 2395 1058 2458 est,
1080 2395 1177 2449 utrum
1200 2405 1255 2465 pro

161 2479 311 2558 republica
332 2480 413 2547 diota
432 2480 491 2540 sint
510 2481 547 2540 sb
566 2479 617 2542 illo
632 2497 741 2552 ιιιιιιι,
769 2479 1007 2556 praetermittam:
1027 2497 1094 2556 quoe
1115 2497 1184 2541 sero
1201 2499 1254 2557 pro

161 2569 295 2642 postibus
319 2572 510 2651 proculdubio
536 2591 623 2650 agere
646 2580 815 2650 compertus.
837 2581 894 2642 est,
919 2570 985 2630 haec
1012 2571 1255 2639 commemorabo.

161 2664 236 2734 Quis
249 2664 327 2724 enim
346 2676 475 2726 vestrum
491 2665 700 2744 Antiphontem
718 2663 800 2728 illum
824 2664 901 2723 tribu
922 2673 1034 2725 motum
1056 2663 1254 2742 ignorat-qni

159 2756 296 2836 Philippo
318 2757 463 2836 pollicitus
480 2777 511 2816 se
532 2756 647 2816 navalia
663 2765 759 2816 vestra
778 2755 962 2816 incensurum
980 2756 1010 2814 in
1034 2755 1254 2826 urbemreniti

160 2868 249 2928 quem
262 2868 330 2908 cum
342 2867 399 2928 ego
417 2848 556 2908 latentem
568 2848 599 2907 in
610 2848 722 2908 Piroeeo
741 2847 988 2925 deprehenderam
1003 2865 1159 2926 coramque
1171 2847 1253 2906 robis

159 2942 189 3000 in
204 2942 346 3003 concione
365 2942 567 3020 produxeram,
587 2940 740 3010 clamitrns
752 2939 898 3016 malignus
912 2940 966 2998 iste
979 2948 1009 2996 et
1022 2939 1192 3009 vociferans,
1206 2959 1253 2998 me

159 3034 190 3094 in
204 3033 321 3094 civitate
334 3034 426 3094 libera
441 3023 564 3114 indigna
576 3033 671 3092 facere
691 3031 741 3110 qui
756 3029 931 3090 calamitosis
951 3029 1063 3089 civibus
1083 3029 1253 3090 insultarem

159 3125 345 3206 atque'oedes
359 3124 524 3206 invaderem
539 3127 602 3186 sine
615 3123 746 3196 decreto,
758 3121 881 3202 perfecit
892 3131 925 3182 ut
938 3121 1135 3198 dimitteretur.
1166 3121 1254 3200 Quod

160 3220 219 3282 nisi
230 3233 351 3280 scamus
363 3219 587 3298 Areopagiticns
601 3237 631 3278 rs
645 3216 806 3288 intellecta,
825 3233 897 3276 cum
910 3211 1105 3291 imprudentia
1123 3212 1183 3275 labi
1197 3232 1254 3276 vos

160 3311 340 3372 alienissimo
362 3310 634 3389 tempore-rideret,
657 3307 802 3368 hominem
825 3305 1043 3385 perquisivisset
1064 3306 1255 3384 comprshsn.
1351 3369 1353 3374 Ι

161 3424 288 3483 sumque
297 3403 335 3463 ad
348 3423 400 3463 ros
413 3403 588 3474 reduxisset,
602 3409 719 3480 ereptus
733 3408 811 3460 esset
823 3399 911 3458 homa
924 3397 990 3456 talis
1000 3395 1148 3476 justisque
1161 3399 1253 3478 poenis

159 3498 253 3562 clusis
271 3516 289 3556 a
307 3495 500 3574 grandiloquo
519 3495 576 3556 hoc
599 3502 714 3556 oratore
732 3500 811 3554 sssst
834 3490 990 3556 dimissus:
1011 3509 1090 3554 nunc
1103 3508 1253 3554 reroaum

157 3588 325 3670 quaestions
345 3587 444 3649 habita
464 3597 556 3654 morte
576 3585 723 3657 affecistis,
743 3602 802 3662 qus
821 3583 900 3648 hunc
919 3583 1006 3648 stiam
1021 3581 1096 3645 affici
1117 3581 1254 3660 oportuit.

159 3685 268 3760 itaque
281 3701 349 3744 cum
361 3681 426 3742 bisc
437 3681 525 3742 sciret
533 3699 601 3758 (ιιι
615 3688 678 3740 turn
691 3679 729 3740 sb
750 3695 787 3740 eo
809 3685 893 3755 gasts
908 3684 978 3737 sunt
991 3684 1108 3735 senatus
1123 3673 1253 3749 Areopa·

156 3776 280 3855 giticus,
292 3791 402 3852 vosque
416 3791 482 3833 anm
493 3793 551 3851 per
564 3769 899 3874 eandemignorantiam,
912 3787 965 3848 per
984 3785 1072 3845 quam
1084 3763 1202 3830 mults
1190 3783 1255 3842 jans

157 3869 193 3930 in
218 3865 368 3946 republica
389 3864 561 3944 projecistis,
576 3874 702 3926 actorem
715 3873 843 3926 restrum
853 3863 883 3922 ιιι
895 3858 1077 3922 controuersia
1091 3855 1128 3920 de
1145 3857 1255 3935 templo

160 3961 289 4020 Deliaco
304 3957 447 4066 suffragiis
458 3956 561 4018 rastris
574 3955 756 4019 crearissstis
757 3943 948 4029 ,simulatque
962 3956 1094 4018 senatum
1108 3945 1188 4014 illum
1202 3949 1254 4007 sd·

158 4053 291 4117 vocastis
302 4051 386 4131 eique
400 4070 460 4112 rem
476 4050 657 4130 pemiisistis,
671 4051 758 4112 istum
772 4049 796 4110 is
809 4045 927 4124 quidem
945 4040 1085 4102 continuo
1108 4040 1208 4120 rejecit
1195 4052 1254 4107 ιιιι

158 4144 350 4226 proditorem,
373 4142 521 4222 Hyperidi
536 4151 633 4202 autem
654 4159 773 4202 causam
791 4138 867 4198 hanc
887 4130 1052 4200 mandavit:
1075 4140 1162 4210 atquc
1181 4131 1256 4200 hacc

157 4256 231 4300 cum
244 4257 280 4300 ex
294 4255 347 4300 ιιι
364 4236 506 4298 ferrentur
526 4234 653 4305 tabellas
679 4230 780 4310 gessit,
804 4245 899 4304 neque
923 4224 983 4288 ulla
1002 4225 1120 4313 omnino
1146 4221 1255 4286 tabells

158 4330 212 4398 isti
224 4329 339 4410 impuro
349 4326 512 4407 suffragata
525 4337 588 4390 ιιι.
622 4327 697 4392 Ques
712 4332 745 4386 ιιι
761 4339 827 4384 vers
840 4337 859 4378 a
874 4318 990 4382 medici
1002 4304 1127 4387 conset,
1141 4312 1255 4440 ιὰιιιι

160 4424 453 4490 mihieammrersm
466 4430 568 4484 toetss.
617 4473 621 4480 .
666 4473 669 4478 .
