2886 4946
564 301 632 370 ,Du
650 301 832 370 CQRONA·
1196 303 1253 364 195

146 453 218 526 diui,
231 473 299 533 quoe
319 473 357 516 ex
377 475 423 520 mo
438 454 553 521 duabus
574 457 612 524 de
633 459 727 524 causis
750 456 993 523 intentisssime
1014 455 1247 533 eudictis'volim',

144 547 278 625 primum,
293 558 325 611 ut
340 548 517 628 intelligetis,
531 565 577 610 me
592 571 682 618 unum
697 571 733 613 ex
752 549 787 616 iis
800 549 851 629 qui
864 549 1028 618 ocnnicnuri
1046 561 1076 616 et
1090 569 1178 629 remp,
1190 550 1246 614 ed-

142 638 306 703 minietrnre
322 641 417 702 solent
429 643 639 708 benevolente
653 643 749 708 loourn
761 643 792 702 in
806 640 941 722 pericmm
953 662 1012 706 uon
1023 643 1184 721 reliquisses
1193 641 1245 706 sed

140 751 177 794 en
197 753 253 811 pro
269 731 352 792 vobis
371 745 432 800 turn
448 734 544 794 dicere
567 745 629 796 tum
645 736 800 802 decernere
821 755 886 814 quoe
903 736 1115 799 conveniebant
1127 743 1245 815 perspe-

141 837 222 888 ctum
233 846 299 892 esse
313 827 343 885 in
357 822 426 905 ipsis
439 829 615 907 temporibus
629 829 843 890 formidolosis:
865 827 982 900 deinde,
997 829 1066 906 quie
1078 831 1158 890 brevi
1171 839 1244 889 tem·
1333 857 1338 864 -

140 937 211 996 pore
226 921 255 976 ιἰι
267 919 308 976 hir
326 930 511 1000 consumpto,
525 923 618 985 multo
633 923 726 1000 magis
741 921 778 982 od
792 922 935 1001 reliquum
955 921 1045 983 totius
1062 922 1242 983 administre-

142 1124 215 1164 eos
242 1103 306 1182 qui
328 1103 386 1164 sic
411 1105 753 1178 tumultuarentur,
772 1107 1083 1185 quosi'Thebeui
1105 1117 1243 1170 essent

139 1196 257 1256 amici
290 1195 483 1275 Philippo,
511 1199 644 1262 totius
679 1218 796 1260 rerum
830 1199 1082 1277 presentium
1113 1207 1240 1262 stetus
1286 1277 1289 1284 ⁴

137 1290 310 1367 ignaros
339 1288 428 1349 mihi
454 1290 595 1354 videri.
639 1291 892 1352 Proberenim
919 1291 1099 1370 cognovi,
1124 1291 1153 1350 si
1182 1292 1239 1352 its

138 1401 179 1442 se
202 1402 263 1444 res
288 1381 454 1454 heberet,
476 1384 644 1462 nonjam
665 1384 911 1446 eumEleteae
931 1404 1004 1456 nos,
1032 1384 1158 1446 sedin
1180 1405 1238 1446 no-

138 1475 241 1534 strie
270 1475 414 1536 finibus
441 1495 539 1546 esse,
567 1477 797 1540 audituros.
835 1478 1006 1538 Venisse
1035 1485 1166 1538 autem
1194 1479 1239 1536 il-

136 1568 227 1640 lum,
264 1578 308 1627 ut
338 1587 382 1629 oe
414 1587 498 1648 quoe
528 1569 724 1634 Thebanis
759 1571 1012 1640 machinetur,
1044 1570 1238 1648 expedite

136 1661 297 1732 hebent,
322 1670 432 1721 certo
456 1659 550 1723 scio.
590 1662 635 1722 Ut
656 1673 784 1723 eutem
812 1662 892 1726 hoec
916 1681 956 1722 se
979 1661 1168 1736 hebetet,
1192 1662 1237 1722 in-

136 1771 234 1831 quam,
260 1751 485 1816 attendite.
526 1755 792 1834 Quoscunqce
824 1754 899 1815 ille
923 1753 1140 1822 Thebanos
1173 1758 1237 1816 vel

135 1845 316 1924 pecunie
338 1843 535 1912 inducere
558 1847 623 1912 uel
642 1847 735 1910 dolo
762 1866 909 1925 capere
933 1847 1077 1925 potuit,
1100 1865 1236 1907 omnes

134 1938 262 2001 habet
282 1937 541 2004 instructoe:
566 1959 636 2004 eos
662 1931 808 2012 ‘eutem,
838 1939 905 2018 qui
929 1941 974 1999 eb
998 1939 1128 1999 initio
1156 1939 1236 1999 sibi

134 2032 388 2094 restiterunt
430 2041 469 2090 et
497 2051 602 2096 nunc
635 2032 930 2106 adversentur,
965 2031 1081 2090 nullo
1119 2031 1234 2092 modo

133 2125 308 2192 euadere
346 2131 494 2201 potest.
529 2125 634 2189 Quid
670 2124 804 2203 igitur
840 2123 925 2182 sibi
965 2122 1055 2182 vult
1092 2133 1131 2182 et
1163 2143 1235 2182 eur

133 2217 323 2281 Elateum
345 2216 591 2295 occupavit?
618 2217 677 2290 Ut,
698 2215 876 2278 admotis
900 2215 1031 2295 copiis
1051 2215 1234 2294 armisque

132 2312 173 2370 in
205 2316 417 2386 conspectu
449 2308 598 2385 positis,
622 2309 766 2370 amieos
787 2308 945 2387 quidem
972 2327 1065 2366 scos
1093 2309 1230 2366 confir-

133 2399 821 2480 metatqueeriget,adversarios
850 2411 979 2471 antem
1007 2408 1233 2470 terreatur

132 2497 195 2556 vel
224 2505 323 2556 metu
352 2494 525 2573 perculsi
554 2514 598 2560 ea
627 2495 858 2555 concedent
891 2513 976 2573 quoe
998 2512 1097 2551 nnnc
1126 2513 1231 2552 recu-

132 2599 236 2662 sent,
262 2587 324 2648 rei
353 2587 389 2646 ri
416 2598 624 2665 cogentur.
666 2588 698 2646 Si
721 2587 855 2664 igitur
882 2606 964 2656 nos,
991 2585 1120 2663 inquam,
1153 2586 1229 2646 hoo

49 2727 50 2730 ι
130 2695 309 2761 tempore
334 2687 530 2738 statutum
557 2679 757 2742 inanimis
786 2677 1038 2749 habebimus,
1073 2678 1231 2757 siquid

49 2779 52 2786 '
130 2777 241 2842 forte
265 2793 283 2832 e
306 2769 502 2839 Thebanis
527 2771 685 2850 gravius
708 2770 747 2830 in
772 2789 839 2830 nos
864 2770 954 2829 olim
981 2770 1229 2830 commissum

130 2880 201 2940 est,
221 2867 261 2927 id
286 2864 506 2935 reeordari,
527 2863 661 2942 iisque
688 2863 809 2948 quasi
835 2865 880 2922 nb
907 2863 1085 2923 hostium
1112 2876 1229 2943 perte

131 2968 286 3020 sterent
306 2955 487 3026 diffidere,
507 2955 666 3032 primum
685 2954 832 3033 quidem
857 2955 892 3014 id
915 2954 1110 3024 faciemus,
1131 2958 1228 3032 quod

130 3051 345 3130 Philippus
369 3047 597 3131 exoptorit3
620 3045 767 3106 deinde
793 3065 941 3116 vereor,
960 3064 1006 3104 ne
1033 3047 1227 3106 consenti-

128 3145 301 3207 entibus
328 3140 375 3200 iis
403 3139 469 3217 qui
493 3159 594 3198 nune
621 3137 697 3218 ipsi
719 3138 981 3200 adversentur
1005 3148 1123 3214 etque
1150 3157 1226 3196 uno

128 3241 254 3304 animo
279 3233 457 3306 omnibus
480 3251 562 3295 oum
585 3230 769 3310 Philippo
789 3228 1050 3301 incientibus,
1069 3229 1225 3308 utrique

127 3330 238 3404 simul
259 3329 295 3387 in
314 3326 480 3402 Atticam
503 3324 701 3392 invadunt.
724 3322 837 3389 Quod
860 3323 893 3382 ri
914 3321 1008 3390 mihi
1032 3323 1224 3384 ausculte-

125 3425 243 3495 bitis,
270 3429 309 3480 et
334 3417 381 3481 ed
401 3436 445 3476 ea
473 3433 555 3494 qure,
583 3415 712 3474 dicem
738 3413 1048 3485 considerando,
1075 3406 1149 3474 no'n
1178 3417 1224 3476 ed

125 3519 233 3580 lites
263 3513 310 3574 de
338 3510 390 3572 iis
418 3506 648 3578 movendas,
669 3527 739 3568 vos
765 3505 1016 3585 accingetis,
1040 3507 1224 3568 arbitror

125 3612 215 3672 fore
236 3617 277 3670 ut
297 3614 336 3667 ct
357 3611 472 3665 recta
494 3619 648 3662 monere
669 3600 811 3662 videet
834 3609 871 3659 et
894 3599 1103 3660 imminens
1124 3599 1223 3677 reip.

124 3701 353 3785 perieulum
371 3695 610 3776 propulsent.
634 3693 735 3764 Quid
758 3694 882 3774 igitur
903 3693 990 3754 dieo
1015 3691 1223 3772 oportere?

127 3798 303 3870 &nimum
330 3800 478 3860 metum
508 3787 548 3849 iu
588 3806 666 3866 qun
699 3807 807 3852 nuno
832 3785 1058 3848 versemini
1090 3785 1222 3844 remit-

125 3901 226 3964 tere,
248 3884 397 3956 deinde
420 3882 503 3950 olio
527 3881 639 3946 illum
665 3881 893 3944 transferre
920 3891 958 3939 et
978 3896 1043 3957 pro
1071 3875 1222 3937 Thebe·-

125 3984 194 4042 nis
217 3996 352 4040 omnes
377 3977 536 4038 timere:
569 3973 695 4032 multo
723 3974 822 4033 enirn
855 3973 972 4032 nobie
1000 3968 1112 4028 oledi
1135 3989 1222 4048 pro,

125 4076 270 4158 piores
293 4079 395 4139 sunt,
418 4069 557 4145 iisque
579 4067 748 4126 omniurn
768 4066 905 4146 primis
931 4062 1107 4121 imminet
1125 4064 1221 4141 peri·

123 4167 279 4232 culum:
322 4172 401 4221 tum
431 4178 525 4223 sero
559 4158 794 4240 etjuv'enes
829 4153 989 4225 milities
1025 4164 1148 4234 aptos
1183 4167 1222 4215 et

122 4259 298 4342 equites
327 4252 563 4332 Eleusinem
583 4250 798 4330 profectos
822 4246 1044 4310 ostendere
1067 4247 1219 4309 Grecis

121 4351 398 4426 ouuinusvoe
422 4345 464 4406 in
485 4343 609 4412 armis
634 4361 732 4415 esne,
756 4351 796 4403 ut
820 4339 966 4418 iisqui
991 4340 1219 4407 Thebiuuns

120 4449 289 4514 hiscum
310 4429 502 4506 sentiunt
522 4434 848 4515 oeqeevunbieonm
870 4434 996 4498 'liceat
1024 4433 1155 4492 libere
1172 4430 1221 4490 'de
1283 4433 1286 4445 ¹
