2932 4952
473 260 641 332 caurus
662 251 838 334 murata·
869 334 871 344 Ι
1030 291 1034 300 ,
1146 257 1201 332 aar

101 425 154 490 tus
162 415 230 490 fnit,
239 415 321 480 daea
333 416 398 498 ipsa
412 438 453 494 re,
468 421 583 500 privata
595 424 791 484 transactione
804 423 893 492 facta,
907 427 939 480 et
951 417 1065 498 legibus
1079 423 1110 478 et
1121 411 1205 474 vobis
1237 446 1243 454 ·

97 527 153 587 pro
162 508 253 568 nihilo
263 509 381 584 habitis,
391 530 430 570 ne
438 499 468 572 in
474 513 616 592 judicium
628 515 748 594 quidem
759 513 928 593 Polyzelurn
942 510 1075 574 adduxit.
1088 505 1216 584 ,siquis-

99 601 192 680 igitur
205 602 272 662 illos
287 622 426 666 accusare
440 605 471 664 in
483 608 640 684 praeseutia
651 607 739 678 volet,
752 605 817 668 hec
827 604 953 670 dicenda
965 610 1062 664 erunt.
1086 599 1138 662 Sin
1151 596 1207 658 cri·

101 695 184 754 mina
202 695 252 755 isti
265 715 317 775 per
329 716 376 756 me
394 697 510 777 objecta
530 700 667 771 refutare,
685 699 801 778 quidvis
820 698 918 778 potius
938 695 992 756 erit
1012 690 1205 756 afferendum.

102 785 182 846 Nam
197 786 264 846 hac
277 788 397 866 negotia
408 809 476 848 curn
489 789 557 861 illis,
571 802 604 850 at
617 811 683 870 que
696 791 831 864 maxime,
843 799 987 870 pugnant,
1001 807 1049 850 me
1059 785 1136 848 enim
1151 802 1207 845 nec

102 879 256 958 accepisse
270 880 437 960 quicquam,
451 902 508 942 nec
521 883 654 963 accipere
674 885 834 946 instituisse
847 891 1051 963 cognoscetur,
1074 877 1128 940 sed
1141 893 1207 934 eam

101 971 257 1046 ultionem,
266 993 333 1052 quae
343 983 405 1033 tum
418 995 471 1054 pro
479 975 606 1054 legibus,
614 987 676 1038 tum
686 997 740 1057 pro
748 978 816 1050 deo,
828 986 891 1036 tum
904 995 959 1056 pro
968 973 1053 1036 nobis
1061 967 1209 1048 exigenda

103 1077 161 1146 est,
176 1070 217 1128 ita
231 1071 273 1128 uti
286 1069 382 1144 decet,
396 1081 583 1146 reservatam,
597 1093 676 1138 nuuc
689 1073 773 1134 vobis
786 1073 959 1134 reddidisse.
1093 1071 1098 1075 ”

151 1163 199 1221 12.
227 1161 275 1220 Ne
287 1163 376 1242 igitur
395 1163 497 1227 sinatis
509 1184 576 1224 eum
597 1167 668 1227 talia
680 1165 790 1240 dicere,
804 1183 900 1245 neque
918 1165 1016 1234 etiam,
1035 1162 1061 1222 si
1083 1177 1137 1238 per
1149 1155 1219 1216 vim,

106 1252 272 1332 ingesserit,
287 1264 426 1334 tanquam
441 1257 552 1336 aliquid
572 1258 649 1338 aequi
664 1259 773 1340 dicepti
793 1256 973 1320 arucultetis.
1003 1255 1081 1314 Nam
1105 1251 1130 1313 si
1142 1249 1220 1311 haec.

106 1348 151 1418 sic
165 1349 246 1428 apud
256 1361 309 1413 ros
323 1350 442 1412 decreta
451 1352 571 1425 fuerim,
585 1373 645 1412 non
660 1353 750 1414 ullam
765 1352 969 1424 defensionem
983 1347 1113 1412 habebit·
1133 1345 1209 1413 Qun

106 1461 200 1500 causa
221 1443 309 1515 enim,
331 1443 461 1506 humana
478 1445 592 1517 saltem,
614 1465 680 1524 quea
700 1429 855 1526 mediocris
876 1442 1027 1506 excusatio
1046 1439 1222 1502 facinorum-

105 1534 184 1594 illius
212 1534 395 1614 proferetur?
420 1538 576 1600 Iracundia
600 1538 745 1598 nimirum.
786 1539 863 1600 Nam
886 1538 943 1598 hoc
971 1535 1095 1596 fortasse
1120 1529 1209 1593 dact.
1265 1545 1278 1556 “

107 1627 219 1688 Verum
241 1630 280 1690 ad
298 1649 365 1708 qum
379 1629 483 1709 aliquis
497 1630 604 1702 subito,
627 1651 686 1690 non
708 1639 877 1712 exspectato
895 1628 1019 1690 consilio
1033 1620 1153 1693 mentia,
1166 1617 1221 1678 fa*

108 1719 215 1780 cienda
227 1722 371 1800 impulsus
385 1723 481 1796 fuerit,
496 1723 610 1785 etiamsi
619 1726 828 1786 contumeliose
840 1723 952 1796 fecerit,
964 1742 1018 1802 per
1028 1721 1100 1781 iram
1112 1725 1211 1776 teman

108 1833 173 1872 esse
193 1813 284 1883 facta,
300 1813 395 1884 dicere
409 1825 518 1894 potest.
539 1817 614 1885 Quae
628 1837 697 1878 vero
710 1819 761 1878 diu
781 1829 849 1896 aute
869 1807 1102 1897 premeditatus,
1118 1805 1212 1892 conti·

110 1916 215 1964 neuter
226 1925 281 1985 per
299 1906 408 1966 multos
432 1908 495 1966 dies
515 1922 619 1969 contra
639 1911 721 1990 leges
736 1910 832 1970 facere
850 1909 949 1990 palam
973 1900 1210 1986 deprehenditur,

109 2018 169 2057 non
184 1998 273 2058 modo
286 1999 370 2058 abest
383 2001 420 2058 ab
434 2019 470 2059 eo
485 2009 517 2058 ut
529 2001 621 2060 iratus
631 2003 745 2074 lecerit,
755 2002 808 2060 sed
822 2002 930 2061 nemini
940 2003 1002 2078 jam
1016 1995 1138 2056 dubium
1147 2009 1212 2052 esse

110 2091 209 2164 debet,
232 2091 303 2169 quin
317 2092 354 2150 de
367 2091 520 2166 industria,
542 2082 680 2172 dataque·
694 2112 785 2172 opera
806 2089 873 2154 talis
896 2092 984 2150 homo
1004 2085 1212 2150 contumeliam

109 2184 220 2252 fecerit.
242 2181 400 2244 Enimvero
417 2203 507 2264 quum
523 2205 559 2244 ea
572 2205 696 2264 quorum
718 2206 737 2246 a
755 2205 802 2245 me
820 2193 986 2256 accusatur,
1008 2191 1039 2241 et
1050 2179 1168 2250 fecisse,
1182 2182 1214 2233 et

110 2278 322 2339 contumeliose
334 2279 438 2338 fecisse
451 2279 651 2354 convincatur,
661 2280 789 2361 judices,
804 2280 886 2360 leges
901 2279 939 2338 de
949 2288 1047 2339 cetero
1060 2281 1130 2334 sunt
1141 2289 1213 2330 con·

113 2371 257 2432 sulendoe.
289 2371 338 2431 Ex
354 2392 475 2454 quarum
490 2373 663 2454 prescripto
676 2393 729 2434 ros
738 2374 923 2453 judicaturos
937 2391 1003 2432 esse
1013 2366 1143 2450 jurastis.
1175 2363 1216 2421 Et

110 2465 368 2537 considerandum,
382 2473 493 2544 quanto
507 2467 635 2528 severius
649 2477 679 2529 et
693 2467 810 2546 gravium
823 2467 870 2526 he
881 2463 1047 2547 puniendos
1059 2455 1216 2522 statuerint

114 2579 177 2630 eos,
196 2557 246 2636 qui
261 2557 332 2617 data
345 2575 443 2637 opera,
458 2568 488 2618 et
501 2578 555 2638 per
572 2559 780 2619 contumeliam
794 2559 905 2638 aliquid
925 2557 1108 2636 delinquunt,
1127 2567 1216 2630 quam

114 2653 241 2731 reliquos
255 2651 306 2728 qui
319 2650 375 2710 alio
389 2651 526 2731 quopiam
547 2652 635 2711 modo
655 2664 789 2732 peccant.
819 2651 949 2711 Primum
973 2650 1011 2710 de
1024 2649 1094 2708 dato
1107 2645 1216 2706 damno

114 2740 161 2804 hae
174 2745 258 2823 leges
277 2763 387 2817 omnes,
402 2755 436 2804 ut
449 2743 486 2803 ab
500 2744 546 2804 bis
561 2745 666 2818 ordiar,
682 2746 707 2804 si
727 2745 792 2826 quis
810 2745 910 2805 volens
933 2745 1072 2805 damnum
1091 2734 1216 2809 dederit,
1285 2779 1287 2782 -

114 2839 254 2918 duplum:
277 2837 301 2896 si
314 2837 432 2910 invitus,
451 2837 587 2917 simplum
602 2859 655 2918 pro
668 2839 738 2899 dato
760 2839 869 2899 damno
885 2839 998 2899 solvere
1007 2835 1122 2918 jubent.
1150 2831 1224 2902 Me<

113 2933 184 2992 rito.
216 2929 342 3007 AEqunm
358 2930 436 2990 enirn
449 2942 506 3000 est,
519 2942 552 2990 ut
565 2930 665 3003 loesus,
681 2941 749 2992 utut
760 2934 872 2991 lactum
885 2943 942 3004 est,
951 2929 1111 3008 adjuvetur.
1133 2919 1218 2981 Sonti

115 3033 217 3086 autem
232 3042 291 3084 non
304 3023 429 3084 audam
441 3043 557 3103 poenarn
575 3024 688 3098 statuit,
707 3024 767 3084 sive
780 3025 894 3097 voleus,
908 3024 969 3083 sive
982 3022 1089 3081 invitus
1103 3012 1215 3076 iecerit·

116 3114 236 3176 Deinde
257 3114 339 3193 leges
357 3115 526 3194 capitalium
543 3114 716 3190 facinorum,
735 3115 833 3196 caedes
853 3114 976 3175 consilio
995 3112 1104 3181 factas,
1122 3113 1218 3170 morte

116 3217 320 3289 perpetuoque
337 3207 439 3268 exsilio
460 3217 492 3268 et
509 3208 708 3288 publicatione
731 3211 874 3270 bonorum
891 3207 1028 3288 puniunt,
1050 3203 1099 3283 qui
1120 3209 1219 3260 autem

117 3301 239 3365 fortuito
252 3299 366 3362 caedem
379 3300 522 3371 lecerunt,
536 3321 603 3360 cnm
618 3301 663 3360 bis
677 3300 771 3362 multo
783 3291 971 3362 remissius'et
982 3297 1139 3360 humanius
1151 3312 1220 3358 esse

117 3395 268 3477 apeudmn
282 3404 452 3454 mouerunt.
546 3444 548 3446 .

160 3503 210 3560 13.-
231 3494 297 3558 Nec
309 3498 340 3556 in
359 3498 405 3558 his
420 3507 535 3558 tantum
545 3493 716 3560 bominibus
731 3498 931 3580 petulantibus
945 3508 975 3559 et
991 3495 1143 3578 protervis,
1166 3496 1220 3556 sed

118 3605 149 3655 et
166 3593 199 3652 in
214 3591 320 3650 ceteris
333 3591 479 3663 omnibus,
492 3590 574 3670 leges
587 3592 676 3652 iratas
690 3611 757 3652 esse
770 3592 906 3652 cernitur.
939 3592 1017 3655 Nam
1038 3611 1105 3670 quae
1128 3605 1221 3649 causa

113 3691 177 3760 est,
193 3685 218 3744 si
231 3684 297 3763 quis
306 3682 471 3762 judicatum
490 3683 564 3744 solvi
578 3704 637 3744 non
652 3685 782 3761 solverit,
802 3703 855 3745 cur
868 3685 917 3744 lex
935 3686 1079 3756 actionem
1092 3682 1173 3741 unde
1191 3679 1220 3739 vi

116 3801 179 3842 non
190 3780 253 3860 jam
267 3777 554 3857 ampliusprivatam
576 3777 688 3851 fecerit,
711 3778 765 3838 sed
783 3778 821 3838 ad
843 3778 966 3839 crimina
987 3777 1104 3856 publica
1124 3771 1222 3833 referri

118 3884 255 3954 oportere
275 3869 430 3946 statuerit?
451 3873 526 3937 Quae
540 3870 611 3930 item
633 3881 793 3946 causaest,
815 3871 840 3930 ai
862 3871 928 3951 quis
948 3871 1083 3930 valensa
1104 3866 1221 3926 volente
1294 3857 1300 3860 ’

118 3967 240 4029 talentis
263 3964 384 4044 singulis
404 3963 450 4024 vel
470 3963 558 4036 binis,
578 3963 626 4024 vel
647 3963 730 4023 denis
751 3965 839 4024 etiam
859 3963 999 4041 acceptis,
1024 3959 1222 4020 defraudant:

119 4081 175 4123 cur
191 4057 218 4118 ei
233 4057 305 4116 nihil
327 4077 394 4136 cum
409 4057 559 4136 republica
572 4057 681 4135 negotii
701 4057 762 4117 siti
791 4059 835 4117 sin
857 4055 967 4134 aliquid
984 4054 1083 4133 exigui
1104 4055 1223 4115 omuino

117 4149 206 4234 pretii
218 4148 341 4228 ceperis,
355 4148 442 4228 idque
455 4149 484 4208 vi
496 4149 646 4228 eripueris,
666 4149 840 4209 tantundem
859 4149 1025 4208 convictum
1047 4149 1149 4208 aerario
1172 4149 1223 4208 de·
1259 4201 1262 4208 .

116 4250 202 4315 bere,
228 4249 370 4320 quautam
392 4239 503 4300 bomini
522 4242 635 4320 privato
655 4240 736 4319 leges
751 4242 866 4320 jubent.
900 4241 1122 4307 Quamobrem-i
1146 4241 1224 4310 Quia

118 4353 310 4418 quaecunque
324 4335 351 4394 ri
364 4343 516 4413 geruntur,
529 4353 699 4394 communes
714 4353 780 4394 esse
801 4333 920 4412 injurias
933 4334 1020 4395 etiarn
1035 4335 1080 4409 iis,
1098 4324 1137 4416 ad
1150 4353 1225 4414 quos

118 4430 196 4494 illud
210 4425 365 4507 negotium
383 4427 456 4489 nihil
471 4428 616 4503 attineret,
637 4427 789 4506 legislator
807 4429 933 4491 censuit.
969 4431 1073 4491 Robur
1095 4428 1225 4509 corporis

648 4523 667 4577 2
689 4541 707 4580 r
