2946 4954
234 227 311 326 ros
558 269 772 333 rnvnnsus
795 261 1014 336 nerninem.

235 419 390 498 praeseutia
403 434 781 507 ageratoncqguosccrent,
804 448 892 507 quam
910 430 992 508 justa
1011 425 1320 506 indignatione‘move

235 521 352 576 rentur!
389 515 466 577 Nem
479 537 544 595 qum
558 521 757 623 crusquisque
775 541 805 580 re
825 522 889 601 ipsc
910 524 939 582 in
950 539 1009 581 'vos
1029 521 1173 581 beneficia
1185 523 1321 593 contulit,

237 606 274 664 de
288 607 344 667 illis
359 628 375 668 e
396 627 529 669 sermone
542 611 566 669 si
572 612 615 670 'tii
603 613 776 691 tjudicium,
788 623 818 673 et
830 633 876 673 res
890 617 927 674 ab
936 615 994 675 illis
1007 615 1146 693 praeclare
1160 625 1260 692 geste,
1275 615 1322 674 siu

235 701 320 759 nobis
334 703 410 762 mele
424 705 586 778 narrentur,
600 701 708 766 trustra
718 710 754 767 ab
768 708 825 768 illis
834 719 992 788 suscepte,
1001 709 1173 786 magnisque
1183 709 1322 769 laboribus

202 835 204 840 ,
234 783 377 853 conbctm
391 807 470 872 sunt,
485 817 522 855 an
536 817 600 856 non
596 799 791 878 iniquissime
805 821 871 860 cum
886 802 942 860 illis
956 802 1074 880 egitur?

248 889 327 946 ·.20
349 887 389 946 Ut
403 897 499 948 autem
513 881 646 962 videatis,
661 892 865 988 Athenienses,
879 913 932 954 nos
947 913 1047 953 revera
1061 893 1157 952 nihil'
1150 893 1243 972 miqui
1266 912 1322 952 cra·

233 979 313 1038 tione
334 987 435 1040 nostra
456 983 621 1060 complecti,
635 975 730 1062 neque
752 986 909 1065 quicquam
927 986 1025 1046 dicere
1029 1001 1108 1063 ,quo
1129 985 1229 1044 fucum
1248 986 1322 1046 vobis

233 1070 396 1131 faciamus:
417 1074 582 1133 recitabitur
602 1076 684 1134 vobis
704 1097 740 1136 ea
756 1078 816 1149 ·,lex
838 1096 925 1176 quam
931 1067 1023 1137 illius
1044 1078 1125 1149 loco,
1141 1097 1229 1182 quem
1243 1091 1322 1156 repu

234 1166 372 1226 diandam
386 1165 518 1236 dicimus,
532 1169 766 1254 substituendam
789 1171 953 1228 censemus,
995 1170 1040 1228 Ex
1052 1170 1109 1227 bac
1130 1188 1208 1227 enim
1220 1181 1324 1247 cogno

234 1247 333 1329 scetis,
348 1276 425 1342 curce
439 1245 523 1315 nobis
538 1276 613 1330 esse,
624 1266 686 1315 tum
700 1248 820 1336 nequid
835 1280 887 1318 vos
901 1261 1054 1319 admittere
1067 1269 1150 1340 turpe
1162 1261 1322 1331 videamini,

232 1360 306 1422 tum,
319 1359 353 1408 ut
367 1350 393 1407 si
403 1349 469 1454 quis
483 1347 639 1407 immunem
654 1350 780 1438 aliquem
795 1343 953 1422 insimulat,
969 1352 1150 1410 adductum'
1144 1373 1172 1410 m
1184 1352 1323 1430 judicium

233 1442 313 1523 apud
322 1461 384 1513 vos,
399 1442 422 1500 si
436 1461 553 1524 aequum
567 1443 613 1512 sit,
629 1442 760 1515 mulctet,
774 1434 846 1515 tum,
862 1454 893 1502 ut
913 1453 1045 1522 potestas
1055 1443 1244 1504 immunitatis
1258 1463 1324 1504 con-

233 1531 483 1596 cedend'sevestra
501 1534 546 1603 sit,
561 1534 640 1611 quod
655 1551 770 1612 acquum
795 1555 859 1594 esse
878 1552 965 1593 nerno
979 1535 1106 1613 negavit,
1120 1545 1242 1606 tum,‘ut
1253 1537 1325 1595 bene

233 1629 331 1710 meriti
340 1627 401 1688 suis
415 1627 656 1706 praemiissecure
670 1628 812 1688 fruantur:
835 1628 898 1687 Nec
911 1628 1014 1687 horum
1029 1628 1157 1687 munium
1171 1625 1324 1707 quicquum
1373 1623 1376 1630 ’

233 1733 367 1802 nostrum
382 1727 438 1791 est,
455 1740 559 1806 nuper
573 1739 591 1778 a
608 1721 692 1779 nobis
709 1723 904 1806 excogitatum
917 1743 924 1789 ;
938 1721 1000 1780 'sed
1022 1722 1143 1799 antiqua
1162 1721 1220 1792 lex,
1240 1741 1333 1800 quam·

231 1814 288 1874 rste
301 1812 437 1884 molat
415 1832 457 1871 stc
470 1813 748 1890 legesfcrreJubet
763 1814 924 1891 primum,
948 1815 977 1872 si
995 1825 1074 1892 qus
1089 1823 1249 1892 recepta
1269 1817 1325 1875 lex

145 1945 151 1955 ·
232 1907 333 1966 mala
347 1906 538 1976 videatur,
553 1924 632 1964 eam
653 1915 694 1964 ut
723 1917 889 1978 accuset,
911 1906 1063 1994 deinde,
1076 1906 1144 1964 illa
1173 1907 1326 1986 abroga-

233 2007 279 2071 ta,
301 2009 339 2056 ut
369 1998 466 2078 ipse
477 1997 603 2056 aliam
615 1999 831 2070 substituat,
851 1995 918 2058 vos
938 2018 1022 2059 vero
1041 1999 1222 2077 potiorem
1243 2011 1327 2078 prse-

232 2086 408 2151 feratisi·
405 2090 487 2150 Ne'c
498 2090 575 2150 enim
591 2091 673 2176 Solo,
689 2087 779 2194 aquo
792 2091 861 2151 ιιιιο
868 2083 1051 2150 terendardm
1066 2091 1173 2168 legum
1177 2091 1256 2150 ratio
1263 2111 1328 2170 pro-

233 2184 331 2262 posita
343 2192 398 2254 est,
409 2183 524 2241 censuit
538 2183 678 2251 servitos,
694 2183 745 2259 qui
767 2183 867 2260 legum
890 2183 983 2260 gretie
1004 2182 1079 2240 torte
1098 2191 1243 2252 creantur,
1257 2183 1329 2242 inire

232 2275 439 2358 magistratum·
449 2283 593 2352 oportere,
607 2294 666 2332 non
689 2274 871 2353 priusquam
886 2274 931 2332 bis
950 2274 1064 2353 probati
1084 2283 1193 2345 essent,
1207 2293 1276 2332 cum
1299 2275 1328 2333 in

235 2366 356 2440 Senatu,
370 2376 432 2426 tum
444 2366 523 2471 apud
538 2385 590 2426 vos
601 2367 630 2424 in
640 2367 770 2446 judicio:
791 2367 872 2445 leges
881 2357 952 2426 vero
966 2357 1055 2445 ipsas,
1065 2365 1103 2424 ad
1117 2377 1239 2444 quarum
1251 2365 1328 2445 prae-

170 2461 173 2479 '
234 2459 384 2538 scriptum,
400 2469 430 2518 et
443 2459 485 2518 eis
505 2459 707 2538 magistratum
727 2478 838 2535 gerere,
859 2468 899 2517 et
909 2458 1005 2518 aliis'
997 2479 1028 2516 ιιι
1042 2458 1202 2538 'republica
1224 2460 1331 2518 versari

233 2552 380 2622 convenit,
396 2560 505 2610 temere
528 2569 562 2609 ac
584 2551 702 2611 fortuito
724 2551 810 2623 latas,
830 2551 1000 2630 priusquam
1021 2550 1231 2621 examinentur,
1252 2561 1332 2612 ratas

234 2661 299 2701 esse
310 2653 454 2720 oportere
497 2629 574 2702 Nam
594 2629 649 2699 illis
670 2631 849 2721 temporibus
863 2643 928 2702 hee'c
942 2642 1024 2701 ratio
1035 2645 1124 2701 'eretz'
1135 2649 1169 2700 ut
1180 2641 1333 2712 latitante

232 2732 357 2810 legibus·
359 2744 529 2806 uterentur,
541 2749 632 2792 novas
647 2752 717 2792 vero
734 2735 830 2794 nullas
839 2736 974 2795 ferrent.
1003 2733 1164 2810 Postquam
1178 2754 1250 2793 vero
1263 2734 1338 2812 '-qtri
1350 2785 1353 2792 .

234 2811 573 2908 dnm'emagistratibus,
589 2825 638 2903 qui
660 2844 783 2903 magnas
808 2842 878 2904 opes
899 2827 1057 2898 habebant,
1080 2835 1114 2883 ut
1135 2845 1191 2904 ego
1212 2826 1333 2903 quidem

233 2915 331 2990 audio,
340 2912 537 3002 'perfecerunt¹
548 2915 674 2991 ut'leges
683 2917 743 2972 siti
751 2917 835 2972 terre
847 2916 955 2972 liceret
950 2915 1246 2993 ,quandocunqueet
1254 2937 1332 2995 quo-

233 3027 348 3097 cunque
352 3007 450 3067 modo
460 2995 572 3065 libitum
583 3015 681 3064 esset:
704 3014 749 3063 tot
761 3005 837 3063 inter
847 3024 878 3062 se
890 3005 1043 3064 contrariae
1051 3004 1137 3082 leges
1145 3007 1334 3079 exstiterunt,

231 3111 266 3158 ut
279 3119 330 3159 vos
343 3099 477 3178 deligatis
491 3098 614 3184 aliquos,
634 3097 684 3176 qui
703 3096 830 3176 jamdiu
844 3095 916 3154 nibil
931 3095 1028 3154 aliud
1027 3097 1130 3174 egunt,
1143 3097 1200 3157 nisi
1214 3110 1249 3159 ut
1256 3113 1335 3160 meon

230 3177 333 3252 trarias
348 3192 483 3270 seligant,
493 3201 522 3250 et
535 3210 577 3249 rer
568 3190 684 3265 hujus
688 3181 779 3248 nibilo
792 3183 892 3248 ter'nen
909 3188 1003 3268 magis
1017 3190 1115 3248 exitus
1129 3190 1234 3267 aliquis
1249 3212 1335 3272 repe-

173 3338 175 3346 ,
232 3287 322 3354 ritur;
345 3305 440 3364 neque
447 3285 607 3367 quicquam
622 3301 742 3363 prorsus
757 3303 774 3342 a
779 3273 1048 3363 senatusconsultis
1073 3281 1155 3361 leges
1179 3283 1334 3356 differunt,

206 3407 210 3414 ·
233 3378 308 3437 adeo
321 3388 354 3435 ut
368 3379 460 3455 leges,
476 3377 515 3435 ad
528 3370 651 3454 qu'arum
662 3373 868 3455 praescriptum
880 3341 1161 3448 senatdsconsulta
1170 3376 1275 3436 scribi
1273 3379 1335 3436 de-

231 3470 333 3542 berit,
325 3471 393 3548 rpsis
408 3469 670 3530 senatusconsultis
689 3470 747 3528 sint
761 3469 946 3529 recentiores.
984 3467 1048 3528 Ut·
1040 3463 1134 3546 igitur
1143 3486 1203 3527 non
1216 3477 1335 3528 tantem

231 3565 321 3623 verba
335 3561 465 3631 efferam,
480 3561 537 3619 sed¹
555 3549 651 3640 lege'm
668 3551 827 3640 ipsam‚¹de
841 3553 899 3639 qua
913 3555 1025 3639 loquor,
1039 3559 1205 3620 ostendam.
1250 3561 1335 3640 Cape

231 3654 339 3736 legem,
353 3674 412 3734 qun
422 3653 570 3734 quondam
583 3653 791 3732 legumlatores
805 3651 1069 3715 constituebantur.
1088 3669 1091 3674 ·
1112 3651 1228 3712 Recita.

186 4005 193 4016 ἴ
269 4031 322 4086 ιιι
342 4029 516 4108 Intelligiu‘s,
536 4027 740 4106 Athenienses,
755 4047 813 4106 quo
827 4036 941 4107 pacto,
940 4036 970 4086 et
983 4044 1082 4108 quam
1089 4025 1233 4112 preclare
1246 4024 1337 4104 leges

228 4119 305 4181 rene
326 4119 397 4180 Solo
416 4123 536 4202 jubeam
557 4121 682 4200 primum
701 4121 781 4199 apud
800 4139 863 4194 vos,
888 4121 937 4199 qui
956 4119 1049 4199 jurati
1070 4119 1149 4190 estis,
1164 4111 1244 4201 apud
1258 4135 1339 4198 quos
1449 4185 1450 4202 ,

229 4211 317 4272 clam
329 4211 387 4272 alic
400 4213 620 4287 confirmantur,
631 4211 737 4273 deinde
748 4212 899 4273 contrariis
908 4205 1027 4290 legibus
1035 4210 1204 4289 abrogatis}
1225 4218 1261 4269 ut
1271 4210 1339 4268 sin·

228 4305 306 4383 gulis
329 4305 366 4364 de
389 4307 476 4364 rebus
497 4299 589 4385 leges
601 4307 725 4386 singulte
749 4307 816 4377 sirit,
840 4326 951 4385 neque
948 4305 1121 4366 homines
1116 4305 1293 4384 imperitos
1280 4301 1337 4360 id

226 4397 333 4484 turbet,
347 4405 378 4456 et
390 4397 498 4460 efficiat
520 4409 553 4457 ut
574 4399 715 4459 deteriore
735 4388 904 4462 conditione
927 4398 994 4460 sint
1006 4399 1160 4484 quamj'qui
1179 4398 1338 4458 universas
1448 4437 1449 4456 2
