2960 4952
493 362 496 368 ,
529 278 794 385 ῥ’«ιιιιιιιιιοι
814 291 870 351 ιιι.
894 249 896 256 ’
1228 295 1268 354 so

158 437 245 504 dico:
268 446 314 506 sin
328 435 477 519 differam,
495 445 527 508 id
549 435 851 526 usquecumuoletis,
864 446 961 507 facere
974 443 1116 526 poteritis.
1158 442 1198 508 Et
1215 465 1267 508 us·
1318 521 1324 526 ι

158 555 215 614 que
230 537 304 598 adeo
317 540 355 599 ab
369 538 489 600 aliorum
503 539 632 600 consiliis
647 537 904 618 mea'discrepaut,
917 547 952 598 ut
965 539 1035 599 mihi
1049 539 1193 612 rideatur,
1207 558 1263 620 uec

158 629 197 688 de
211 631 400 692 Chersoneso
412 651 467 700 nec
481 633 518 693 de
537 633 680 713 Byzantio
700 651 766 691 esse
780 651 858 692 nuuc
880 631 1118 707 consultandum,
1132 632 1186 693 sed
1200 641 1264 692 tum

156 722 203 782 bis
218 725 461 798 succurrendum,
470 725 747 806 *et‘prsecavendum
761 744 798 784 ne
812 725 882 803 quid
891 725 933 784 eis
945 724 1070 798 accidat,
1084 737 1114 786 et
1127 725 1266 786 militibus

157 815 208 894 qui
222 835 303 876 nunc
314 827 383 882 sunt
394 816 457 877 illic
470 818 567 878 omnia
577 819 684 896 quibus
698 803 831 896 indigent
844 817 998 888 mittenda,
1010 827 1072 877 tum
1083 819 1121 878 de
1130 820 1266 880 omnibus

157 907 275 970 Graecis
290 909 520 984 deliberandum,
533 910 605 971 utin
618 911 746 971 maximo
756 909 886 988 periculo
898 910 1075 970 constitutis.
1109 911 1265 990 Exponam
1374 913 1379 923 '

157 1011 259 1062 autem
271 1003 366 1077 robis,
386 1021 446 1082 qua
460 1003 497 1064 de
518 1021 609 1064 causa
630 1005 738 1064 rebus
731 1015 772 1065 ιιι
785 1013 925 1076 metuam,
944 1013 989 1080 ut,
1006 1003 1030 1064 si
1057 1013 1137 1064 recte
1161 1005 1267 1078 sentio,

158 1096 314 1154 sententioe
337 1115 411 1157 meae
436 1095 596 1170 accedatis,
615 1106 645 1156 et
668 1097 809 1158 sationem
833 1096 959 1174 aliquam
981 1105 1111 1156 vestrum
1135 1095 1271 1182 ipsorum·

157 1187 276 1258 saltem,
301 1187 326 1248 si
344 1188 463 1250 omnino
485 1188 558 1248 alios
582 1189 744 1268 negligitis,
763 1188 916 1250 habeatis:
940 1189 986 1249 sin
1005 1188 1115 1272 nugari
1125 1191 1270 1248 etmeute

81 1308 85 1317 ·
156 1290 265 1360 captus
279 1275 345 1340 esse
358 1279 489 1356 videbor,
508 1299 605 1362 neque
622 1300 708 1342 nnnc
726 1300 822 1362 neque
840 1279 1039 1368 inposterum
1062 1280 1132 1340 mihi
1145 1291 1179 1342 ut
1192 1299 1265 1340 sano

158 1373 346 1434 auscultatis.

172 1494 174 1502 ¹
199 1474 232 1532 5.
254 1469 424 1552 Philippum
433 1469 522 1558 igitur
532 1489 703 1556 magnume
717 1491 806 1552 parvo
817 1481 849 1533 ct
861 1470 963 1532 humili
978 1472 1014 1532 ab
1029 1470 1110 1532 initio
1124 1470 1267 1554 paulatim

157 1581 226 1624 esse
248 1564 370 1637 factum,
388 1573 419 1624 et
433 1563 556 1624 Grecos
572 1563 701 1625 diffidere
723 1564 827 1625 mutuo
846 1573 878 1624 et
898 1563 1002 1644 agitari
1017 1563 1220 1633 seditionibus,
1235 1569 1270 1622 et

128 1691 131 1698 .
155 1655 255 1716 multo
268 1656 366 1718 minus
375 1655 515 1717 credibile
524 1655 616 1717 fuisse
626 1665 740 1716 tantum
752 1677 818 1717 eum
833 1676 851 1716 e
864 1656 982 1716 tantillo
991 1656 1054 1716 fore
1057 1675 1165 1736 ,quarn
1176 1659 1269 1729 nimo,

96 1797 97 1800 ,
154 1769 226 1811 cum
246 1749 323 1841 adeo
344 1750 438 1810 multa
458 1749 621 1830 intercepit,
644 1749 732 1809 etiam
752 1759 861 1812 caetera
881 1751 1083 1822 subacturum,
1103 1758 1133 1809 et
1153 1701 1269 1826 reliquii

154 1842 220 1925 eJ‘us
230 1843 345 1922 generis
359 1842 467 1916 omnia,
482 1861 549 1948 quea
557 1829 788 1904 commemorare
798 1861 925 1924 possem,
938 1843 1171 1922 praetermittam
1203 1835 1270 1901 Sed

156 1937 233 1998 ιιιιιιι
248 1955 276 1996 er
268 1935 376 1996 rideo
399 1935 584 1996 concessisse
604 1935 750 2018 mortales
765 1955 878 2009 omnes,
892 1935 1028 1996 anobis
1020 1934 1102 1995 mitio
1122 1935 1213 2018 facto,
1228 1934 1266 1994 de

155 2021 217 2109 quo
240 2037 333 2089 antea
351 2047 467 2109 semper
488 2028 627 2088 universa
647 2027 755 2089 Graeca
765 2029 845 2088 bella
858 2030 1041 2090 exstiterunt.
1083 2011 1185 2096 Quid'
1178 2027 1268 2105 igitur

155 2123 233 2182 illud
247 2121 314 2182 esti
336 2141 423 2202 agere
437 2120 615 2210 quicquid
591 2139 617 2180 er
631 2121 713 2192 libet,
735 2130 766 2182 et
786 2121 956 2202 singulatim
979 2122 1097 2201 quosvis
1112 2115 1152 2182 ita
1166 2121 1268 2180 couci

156 2215 236 2276 dere
242 2223 276 2274 et
288 2214 414 2294 spoliare
429 2203 563 2286 Grecos,
577 2223 608 2273 et
625 2213 763 2274 inuadere
787 2225 875 2294 atque
895 2214 1060 2297 opprimere
1075 2217 1161 2275 urbes
1176 2213 1265 2273 servi·

155 2317 231 2368 tute.
275 2306 369 2386 Atqui
383 2307 506 2366 Graecis
514 2323 566 2366 ros
585 2306 716 2385 praefecti
731 2305 825 2371 inistis
840 2317 899 2367 tres
914 2317 945 2366 et
958 2307 1147 2386 septuaginta
1161 2324 1265 2377 annos,
1317 2347 1331 2360 .

156 2398 314 2495 praefecti
307 2409 376 2459 rtem
389 2397 590 2477 undetriginta
603 2398 830 2459 Lacedaemonii.
871 2399 1004 2461 'lbebaui
1018 2418 1136 2482 quoque
1151 2398 1264 2478 aliquid

157 2503 284 2574 potuere
297 2491 436 2552 extremis
450 2490 529 2551 hisce
539 2490 730 2570 temporibus,
745 2502 814 2572 post
825 2511 957 2574 pugnam
968 2493 1178 2552 Leuctricam·
1204 2491 1265 2552 Sed

157 2596 366 2664 tamenneque
379 2584 462 2644 robis
476 2601 570 2662 neque
590 2583 740 2644 Thebanis
761 2605 858 2665 neque
879 2582 1108 2645 Lacedoemoniis
1129 2569 1191 2646 ullo
1209 2601 1270 2643 un·

158 2696 250 2760 quam
261 2688 400 2758 tempore,
413 2677 621 2750 Athenienses,
635 2697 812 2740 conoessum
826 2666 883 2740 fuit
897 2677 954 2738 hoc
968 2677 1124 2751 aGraecis,
1138 2688 1172 2739 ut
1185 2679 1267 2758 quod

158 2773 277 2834 libitum
289 2781 368 2832 esset
381 2770 527 2849 ageretis:
547 2770 619 2848 quin
633 2769 758 2830 multum
770 2770 878 2844 abluit,
891 2770 945 2831 sed
966 2780 997 2830 et
1009 2771 1104 2842 vobis,
1118 2790 1153 2831 ac
1167 2770 1266 2850 potius

158 2865 239 2926 illius
253 2863 393 2944 temporis
407 2861 649 2936 Atheniensibus,
663 2882 731 2924 cum
743 2864 887 2968 quosdam
902 2881 961 2924 non
972 2873 1098 2925 tractare
1111 2863 1265 2923 moderate

158 2957 340 3030 riderentur,
353 2974 467 3046 omues
476 2956 632 3034 putabant,
645 2955 693 3015 vel
705 2955 756 3060 qni
776 2955 847 3015 nihil
861 2975 943 3034 quen
934 2955 1023 3016 '‘'de
1004 2976 1040 3015 us
1054 2965 1199 3042 poterant,
1212 2975 1273 3035 per¹

160 3069 287 3114 causam
301 3039 402 3110 eorum
425 3047 475 3126 qui
491 3045 589 3106 affecti
608 3056 694 3106 eram
708 3047 813 3128 injuria
824 3045 934 3108 bellurn
949 3067 1013 3108 esse
1026 3048 1221 3118 inserendum,
1236 3059 1272 3108 et

161 3161 263 3206 narsus
291 3137 528 3201 Lacedaemoniis
548 3131 760 3218 imperantibus
780 3147 813 3198 et
832 3139 960 3200 eundem
977 3159 1064 3220 quem
1088 3159 1140 3199 ros
1164 3149 1269 3201 tenue

160 3236 232 3296 ratis
247 3227 443 3314 principatum
456 3229 590 3310 adeptis,
605 3249 674 3290 cum
687 3231 864 3292 insolescere
878 3232 1078 3311 coepissentet
1091 3231 1265 3294 immodera·
1269 3255 1272 3266 ·

159 3329 220 3390 tius
233 3325 369 3386 instituta
380 3322 695 3395 veteraconrellerent,
710 3342 812 3384 omnes
825 3322 937 3383 bellum
930 3323 1154 3424 iprulemntf
1137 3346 1156 3384 ιι
1167 3326 1266 3399 etiam,

159 3439 210 3524 qur
201 3417 297 3479 nihil
308 3416 383 3476 de·
357 3433 400 3476 ers
414 3411 621 3494 querebantur.
663 3415 702 3475 m
715 3433 855 3496 quorsum
873 3415 979 3477 attinet
1001 3417 1107 3480 referre
1119 3420 1265 3481 caeteros?

161 3513 233 3606 quin
247 3503 371 3590 nosipsi
385 3515 416 3567 et
433 3502 699 3575 Lacedaemonii,
682 3521 749 3568 cum
760 3508 818 3568 ab
810 3507 892 3568 mitio
903 3509 975 3568 nihil
987 3506 1085 3572 dicere
1099 3532 1265 3592 possemus,
1269 3541 1272 3548 ·

160 3623 221 3684 quo
217 3601 317 3664 alteri
327 3601 365 3660 ab
378 3597 477 3658 alteris
496 3597 595 3659 violati
613 3601 759 3674 essemus,
768 3610 866 3662 tamen
879 3612 998 3683 propter
1011 3601 1143 3684 injurias,
1159 3605 1274 3684 quibus·

160 3696 235 3758 alios
260 3691 337 3756 affici
351 3691 535 3766 videbamus,
549 3689 660 3751 bellum
683 3711 749 3775 esse
770 3695 932 3772 gerendum
954 3696 1132 3776 putarimus.
1173 3697 1266 3782 Atqui

160 3789 262 3850 omnia
279 3804 346 3865 quea
363 3803 384 3844 a
407 3781 637 3842 Lacedaemoniis
659 3791 783 3864 peccata
809 3795 885 3847 sunt
900 3807 953 3893 per
978 3787 1100 3866 triginta
1127 3788 1193 3848 illos
1212 3807 1266 3848 an-

159 3901 214 3944 nos
228 3889 262 3941 et
274 3898 293 3938 a
306 3875 474 3957 majoribus
474 3874 583 3937 nostris
595 3894 650 3954 per
663 3879 861 3957 septuaginta,
881 3880 994 3940 minora
1006 3890 1085 3953 sunt,
1102 3880 1266 3941 Athenien-

162 3994 220 4048 ses,
233 3971 271 4033 iis
281 3987 349 4051 quas
363 3966 518 4047 Philippus
536 3967 628 4028 tribus
650 3977 681 4028 et
704 3968 808 4030 decem
823 3990 882 4030 non
893 3972 964 4031 totis
978 3971 1063 4032 annis
1075 3973 1180 4050 quibus
1195 3975 1266 4035 emi·

162 4067 228 4128 nuit
241 4065 273 4125 in
293 4061 418 4122 Groecos
431 4057 594 4122 commisit:
615 4059 674 4120 imo
695 4079 753 4121 nec
774 4061 894 4122 minima
916 4081 984 4142 pars
1004 4062 1056 4124 illa
1069 4051 1267 4127 sunthorum.

164 4161 260 4238 quue
272 4155 374 4236 paucis
387 4152 506 4214 ostendi
515 4151 612 4212 verbis
622 4151 707 4214 facile
720 4161 830 4235 potest.

173 4262 180 4304 ῖ
202 4253 234 4312 6.
256 4248 421 4330 Olynthum
435 4245 554 4324 quidem
575 4255 606 4304 et
625 4245 802 4306 Methonam
827 4255 858 4306 et
876 4246 1063 4326 Apolloniam
1088 4259 1118 4308 et
1140 4251 1214 4316 duas
1235 4261 1266 4310 et

163 4346 284 4427 triginta
295 4345 383 4404 urbes
396 4341 426 4400 in
439 4339 566 4400 Thracia
579 4339 693 4410 omitto,
708 4360 783 4419 quas
793 4343 943 4402 universas
956 4343 1031 4406 adeo
1041 4344 1199 4404 crudeliter
1211 4365 1287 4418 err-24
1309 4387 1313 4390 .
1425 4327 1428 4337 ¹

164 4440 245 4516 cidit,
258 4447 291 4499 ut
304 4436 330 4496 si
339 4433 511 4508 accesseris,
520 4452 576 4494 nec
590 4437 628 4494 an
642 4451 773 4512 unquam
787 4434 926 4499 habitata
942 4436 1060 4510 fuerint,
1071 4436 1156 4496 facile
1167 4437 1266 4506 dicare

712 4546 734 4588 ιι
