2946 4954
202 248 262 322 blf
436 251 500 322 DE
523 259 639 322 MALE
654 253 797 322 Gustu
818 249 1071 322 anonumum.

202 399 463 490 dissimulassem
476 427 626 504 posterum
638 417 770 491 etiamsi
785 437 864 500 nunp
875 417 1026 478 absolutus
1036 413 1136 486 fuerit,
1147 411 1188 472 illi
1199 403 1310 492 praesto

102 569 106 574 .
204 511 336 571 futurum
358 519 462 570 contra
476 529 538 570 vos.
562 511 660 579 Quare
675 519 770 582 cavet,
789 511 926 590 nequod
941 509 989 571 rel
1002 507 1155 569 verbulum
1171 504 1312 586 Philippo

204 621 264 662 non
273 603 439 681 jucundum
453 603 508 664 sibi
523 603 650 673 excidat,
665 621 720 662 nec
734 615 767 662 ut
780 603 904 663 missum
917 603 1069 673 faciamus,
1088 603 1209 660 missum
1230 601 1311 672 facit,

203 695 257 753 sed
269 694 402 756 laborare
415 695 546 772 infamia,
561 696 703 770 accusari,
719 695 833 774 quidvis
842 696 925 774 'apud
939 715 992 755 ros
1011 695 1125 774 perpeti
1139 694 1231 754 satius
1244 711 1310 752 esse
1338 739 1341 746 .

205 787 299 858 ducit,
329 809 415 866 quam
438 788 548 868 aliquid
575 789 672 848 minus
702 799 817 867 gratum
845 788 982 868 Philippo
1005 789 1112 848 facere.
1148 787 1224 856 Quae
1242 805 1310 847 vere

204 879 256 939 illa
269 889 315 940 est
328 881 474 942 societas?
496 901 562 959 quae
578 881 726 940 tantaista
740 881 895 941 solicitudo
911 881 948 940 de
961 878 1151 940 Philocrate?
1170 885 1269 958 quem,
1284 879 1309 938 si

206 991 321 1032 omnem
339 972 516 1052 legationem
531 972 754 1052 praeclarissime
775 973 904 1045 obiisset,
926 983 957 1033 et
977 973 1132 1052 pecuniam
1154 981 1253 1032 tamen
1277 989 1309 1031 se

205 1077 326 1144 propter
348 1065 527 1144 legationem
552 1067 701 1154 accepisse
715 1066 865 1139 fateretur,
887 1075 922 1124 ut
939 1065 1097 1136 fatebatur,
1120 1063 1222 1124 illud
1213 1083 1310 1142 ipsum

154 1208 160 1224 ,
204 1158 307 1237 fugere
322 1167 352 1218 et
364 1159 477 1218 solicite
491 1177 595 1218 cavere
609 1159 807 1237 incorruptum
818 1159 948 1238 legatum
957 1157 1162 1226 conveniebat,
1171 1165 1202 1216 et
1212 1156 1310 1218 testari

205 1263 290 1310 'suam
312 1252 519 1330 integritatem.
547 1251 607 1310 Sed
621 1249 651 1309 id
665 1271 723 1310 non
738 1251 808 1311 fecit
829 1251 994 1311 AEschines.
1025 1250 1102 1308 Haec
1123 1269 1223 1309 nonne
1243 1269 1310 1328 per

205 1345 307 1448 spicua
319 1352 398 1414 sunt,
410 1343 626 1404 Athenienses?
646 1344 710 1402 haec
724 1363 823 1404 nonne
834 1343 986 1404 clamitant
996 1352 1028 1406 et
1039 1337 1208 1422 loquuntur,
1223 1362 1310 1421 pecu·

205 1437 286 1496 niam
301 1435 449 1514 accepisse
465 1437 644 1507 AEschinein,
659 1446 689 1496 et
702 1446 828 1516 propter
835 1447 999 1523 argentum
1006 1445 1150 1526 perpetuo
1170 1455 1236 1496 esse
1255 1435 1308 1494 iru-

203 1529 340 1607 probum,
354 1547 414 1588 non
424 1549 460 1589 err
475 1527 671 1607 simplicitate,
686 1539 737 1590 aut
750 1529 945 1634 ignoratione,
961 1538 1013 1588 aut
1025 1547 1077 1608 per
1090 1527 1310 1589 calamitatem?

207 1621 246 1680 Et
258 1621 334 1699 quis,
350 1621 454 1700 inquit,
475 1621 658 1692 testificatur,
680 1641 728 1680 me
749 1622 911 1700 accepisse·
908 1621 1063 1681 munera?
1082 1620 1147 1682 haec
1166 1623 1245 1680 enim
1268 1629 1312 1680 est

89 1746 96 1766 ι
204 1713 348 1792 praeclara
362 1713 414 1772 illa
427 1712 570 1774 defensio.
601 1714 681 1772 Res'
674 1733 756 1793 ipsae,
771 1713 922 1784 AEschiue,
941 1733 1011 1792 quoe
1024 1723 1094 1773 sunt
1107 1713 1166 1772 fide
1181 1707 1310 1773 omnium

203 1805 405 1883 dignissimae,
427 1823 522 1884 neque
542 1804 600 1876 dici
614 1816 724 1884 potest,
733 1813 784 1864 aut
799 1805 933 1884 preterii,
945 1806 991 1864 vel
1005 1825 1042 1864 ex
1055 1807 1247 1886 persuasione
1260 1805 1311 1865 alia

204 1897 290 1975 cujus
304 1889 355 1956 aut¹
370 1897 551 1976 gratificandi
564 1897 663 1957 studio
676 1917 726 1958 eas
741 1891 808 1957 esse
817 1891 819 1896 ’
829 1897 913 1970 tales,
927 1897 981 1957 sed
999 1891 1103 1978 quales
1115 1899 1268 1978 prodendo
1282 1907 1312 1957 et

204 1983 420 2068 corrumpendo
427 1998 459 2048 tu
469 1987 662 2062 easeffecisti,
673 1990 748 2050 tales
757 1989 785 2048 in
796 1988 977 2067 exquirendo
985 2002 1136 2069 apparent.
1158 1991 1197 2050 Et
1206 1997 1322 2070 praeter

182 2153 186 2160 .
205 2099 252 2142 res
267 2081 345 2160 ipsas
354 2087 415 2157 jam
430 2092 492 2141 tute
503 2083 533 2141 in
545 2091 577 2141 te
595 2081 675 2142 dices
691 2077 901 2153 testimonium.
937 2082 1003 2160 Age
1023 2079 1085 2142 huc
1094 2083 1210 2153 assiste,
1224 2093 1256 2142 et
1267 2102 1311 2140 re·

206 2174 319 2253 sponde
341 2175 421 2245 mihi,
441 2193 537 2251 neque
561 2173 637 2232 enim
660 2173 905 2252 perimperitiam
920 2163 1070 2233 habere‘te
1085 2173 1220 2253 negabis,
1243 2173 1311 2253 quid¹

204 2267 299 2328 dicas
330 2267 405 2326 Cum
419 2263 497 2325 enim
519 2286 610 2326 novas
623 2285 729 2326 causas
742 2275 883 2369 tanquam
898 2265 1023 2338 fabulas,
1038 2285 1147 2345 easque
1160 2267 1223 2329 erne
1229 2271 1312 2330 testi

203 2361 264 2420 hus
285 2359 324 2420 ad
338 2361 516 2460 praefinitam
530 2360 608 2420 diem
630 2369 783 2466 accusator
800 2357 913 2434 vincas,
929 2379 965 2457 ιιι
989 2379 1024 2420 eo
1043 2370 1171 2434 constat,
1196 2371 1229 2422 te
1248 2383 1312 2426 esse

206 2453 461 2514 acerrimum.
832 2471 835 2476 ·
959 2479 961 2488 ι

248 2549 320 2608 39.
315 2529 499 2625 Quanquam
513 2557 612 2606 autem
626 2549 737 2608 multa
743 2557 813 2607 sunt
834 2557 868 2607 et
885 2547 998 2608 auceia
1020 2548 1132 2622 scelera
1155 2499 1314 2622 AEschiuis,

208 2652 239 2702 et
251 2660 359 2718 magua
380 2640 566 2719 improbitate
585 2640 674 2700 refer
662 2651 702 2710 ι
718 2651 751 2699 ιιι
763 2640 846 2699 vobis
871 2641 968 2710 etiam,
995 2641 1051 2708 nisi
1070 2641 1165 2712 fallor,
1188 2641 1310 2712 videtur,

205 2734 320 2792 nullum
334 2743 445 2803 tamen,
470 2751 536 2791 meo
560 2731 678 2810 quidem
695 2731 817 2812 judicio,
845 2743 891 2792 est
909 2733 1046 2806 atrocius,
1075 2743 1127 2792 aut
1150 2733 1310 2794 evidentius

206 2826 477 2918 corruptelarumj
452 2846 467 2884 e
482 2844 518 2884 us
533 2833 746 2930 argumentum,
761 2835 813 2884 aut
825 2824 904 2902 quod
919 2827 1015 2905 magis
1038 2827 1188 2928 ostendat,
1198 2828 1309 2931 palam-

204 2942 262 3012 que
281 2915 472 3012 demonstret,
492 2939 565 2978 eum
584 2918 746 2998 accepisse
757 2932 893 2988 munera,
911 2927 942 2978 et
960 2919 1130 2978 vendidisse
1147 2918 1257 3008 omnia,
1277 2940 1311 2980 eo

205 3016 287 3096 quod
306 3024 335 3075 et
353 3033 443 3074 nunc
452 3013 576 3072 dicam.
591 3013 687 3071 Cum
676 3031 737 3091 Jam
752 3011 871 3072 tertium
888 3011 1003 3090 legatos
1018 3011 1131 3071 missuri
1148 3013 1253 3072 essetis
1274 3012 1310 3072 ad

206 3099 385 3188 Philippum,
399 3115 516 3186 propter
538 3106 694 3184 praeclaras
709 3115 739 3164 et
757 3121 880 3181 magnas
901 3104 967 3164 illas
992 3123 1060 3184 spes
1084 3123 1187 3163 earum
1208 3121 1312 3177 rerum,

208 3219 281 3281 quas
295 3202 349 3260 iste
363 3199 568 3278 pollicebatur,
583 3191 734 3276 delegistis
748 3205 779 3255 et
791 3197 890 3269 istum,
903 3207 934 3256 et
946 3215 1005 3267 me,
1020 3207 1102 3257 etex
1116 3197 1238 3276 reliquis
1249 3198 1310 3278 pla-

166 3345 169 3351 .
207 3313 315 3371 rosque
332 3291 463 3352 eosdem.
500 3289 761 3369 Ego'progressus
782 3287 881 3348 statim
902 3289 1023 3369 ejurari.
1053 3289 1310 3350 Tumultuautibus

207 3393 305 3448 autem
319 3381 506 3463 quibusdam,
520 3391 551 3440 et
561 3379 614 3440 ¹me
630 3381 670 3441 ire
681 3375 865 3464 jubentibus,
885 3382 991 3460 negavi
1006 3401 1055 3442 me
1074 3383 1231 3442 abiturum.
1251 3381 1311 3442 Iste

203 3489 305 3539 autem
319 3467 452 3536 delectus
467 3484 540 3534 erat.
568 3473 683 3534 Deinde
698 3471 765 3534 cum
780 3473 883 3534 concio
897 3476 1082 3548 surrexisset,
1096 3477 1250 3555 congressi
1264 3474 1311 3534 isti

138 3593 140 3599 ’
203 3563 423 3640 consultabant,
438 3560 594 3673 quemnam
610 3565 657 3626 hic
672 3564 802 3626 relicturi
816 3575 922 3626 esseut.
967 3565 1048 3624 Dum
1061 3565 1139 3628 enim
1154 3567 1313 3627 etiamnum

205 3666 237 3725 in
259 3673 342 3726 motu
362 3671 477 3721 essent
486 3659 595 3730 omnia,
617 3669 647 3720 et
664 3661 792 3720 incerta
799 3661 964 3720 futurorum
985 3661 1177 3765 exspectatip,
1198 3671 1261 3720 tum
1281 3671 1316 3718 et

206 3775 393 3860 congressus,
406 3762 437 3813 et
446 3753 535 3812 verba
547 3752 627 3811 varia
640 3753 669 3811 in
683 3752 747 3812 foro
762 3753 880 3812 fiebant.
916 3752 1093 3812 Metuebant
1110 3753 1200 3824 enim,
1214 3773 1253 3812 ne
1265 3771 1316 3812 su·

205 3851 268 3910 bito
281 3849 398 3909 concio
405 3844 602 3906 indiceretur.
619 3855 731 3914 etvos,
752 3845 854 3904 audita
872 3861 909 3904 (ιιι
922 3863 969 3902 me
983 3843 1114 3914 veritate,
1134 3845 1319 3924 aliquldop·

204 3953 326 4022 portum
315 3936 372 4000 de
380 3937 585 3999 Phocensrbus
595 3935 801 4010 decerneretis,
811 3945 841 3995 et
851 3936 1004 4016 Philippus
1015 3936 1210 4015 gerendarum
1218 3956 1323 4008 rerum

161 4079 163 4083 .
206 4033 391 4094 occasionem
406 4031 562 4092 amitteret.
584 4029 699 4088 Nam
675 4050 702 4089 ιι
715 4029 869 4090 decretum
888 4029 1032 4088 duntaxat
1040 4029 1197 4101 fecissetis,
1216 4040 1250 4089 et
1262 4031 1323 4090 ali-

188 4143 295 4206 ·qnam
322 4124 500 4184 mediocrem
522 4123 669 4203 spemfeis
690 4115 1090 4200 pretulissetis‚·'conse''rvari
1111 4131 1221 4182 essent.
1248 4121 1327 4183 Non

205 4213 438 4280 eninr'licuiss'et
459 4214 607 4296 Philippo,
623 4213 688 4273 nisi
708 4227 763 4274 vos¹
782 4214 901 4293 decepti
914 4214 1041 4286 essetis,
1053 4233 1173 4274 manere
1194 4213 1326 4277 denus.

207 4311 316 4388 Neque
326 4305 404 4366 enirn
413 4307 595 4378 frumentum¹
604 4317 666 4366 erat
678 4307 708 4366 in
723 4307 946 4387 agris,·propter
956 4307 1070 4366 bellium
1077 4307 1207 4381 incultis,
1217 4328 1330 4389 neque

206 4397 405 4467 etiamiuvehi
422 4399 576 4480 potuisset,
590 4401 695 4463 vestris
715 4400 880 4463 triremibus
902 4401 940 4461 ibi
959 4402 1164 4482 praesentibus,
1186 4411 1216 4460 et
1237 4423 1330 4466 mare
