2920 4950
215 267 306 392 sss
420 377 424 393 ‚
619 317 857 390 rnrutrrrcn
880 321 936 382 nr.

221 457 332 547 Pheras
345 493 449 556 nuper,
465 476 626 538 ut-amicus
639 485 669 536 et
683 475 780 537 socius
800 475 830 534 in
853 472 1037 536 Thessaliam
1061 471 1223 550 ingressus,
1237 488 1323 530 occu-

219 571 303 651 pavit
315 581 345 630 et
357 580 448 632 tenet.
492 572 539 632 Ac
554 581 704 650 postremo
717 569 830 630 miseris
845 568 901 628 illis
915 567 1006 626 Oritis
1021 566 1105 636 dixit,
1121 585 1154 624 se
1165 563 1277 624 misisse
1285 563 1322 622 ad

220 683 276 726 eos
286 684 322 724 ex
333 665 537 725 benevolentia
551 664 665 735 milites,
680 662 731 741 qui
746 681 796 722 eos
811 661 954 730 viserent;
975 659 1077 720 audire
1093 659 1227 727 enimse,
1242 657 1322 734 labo·

220 776 286 818 rare
303 756 368 816 illos
382 766 414 816 et
426 757 616 816 seditionibus
632 757 745 835 agitari,
760 775 825 815 esse
840 765 938 814 autern
953 754 1100 813 sociorum
1122 762 1153 812 et
1167 751 1322 810 amicorum

220 869 355 908 verorum
373 849 542 928 hujusmodi
565 849 671 910 adesse
693 848 896 928 temporibus.
927 845 1042 907 Putatis
1065 845 1153 924 igitur
1176 863 1244 904 eum
1257 860 1322 905 essa

222 939 402 1019 Philippum,
418 942 467 1020 qui
481 961 548 1001 cum
563 961 614 1000 eos
629 940 773 1012 homines,
788 939 839 1018 qui
853 938 923 997 nibil
939 938 965 997 ei
979 957 1085 998 nocere
1099 936 1275 1016 potuissent,
1286 954 1337 1011 ne·¹

221 1053 292 1092 vero
308 1033 363 1092 sibi
381 1043 535 1094 noceretur
559 1035 685 1093 fortasse
706 1052 810 1094 cavere
832 1032 1007 1112 potuissent,
1022 1031 1168 1116 decipere,
1180 1050 1270 1108 quarn
1280 1030 1321 1088 in·

222 1125 303 1184 dicto
327 1126 406 1186 bello
420 1145 536 1205 cogere,
551 1125 697 1197 maluerit,
711 1124 861 1194 vobiscum
876 1126 915 1184 sit
937 1145 974 1184 en
988 1123 1120 1203 professo
1134 1121 1323 1202 belligeratu-
1343 1148 1345 1154 ·

221 1237 282 1289 rus,
296 1218 396 1297 idque,
411 1219 481 1278 dum
496 1217 574 1278 ultro
593 1217 748 1278 fallimini?
790 1218 859 1276 Non
881 1217 923 1277 ita
947 1226 1011 1276 est:
1032 1217 1140 1278 etenim
1159 1217 1322 1276 mortalium

221 1310 351 1370 omnium
365 1309 590 1371 uecordissimus
605 1321 693 1383 esset,
705 1311 730 1370 si
744 1310 814 1370 dum
823 1329 885 1381 vos,
901 1311 952 1389 qui
962 1310 1073 1389 injuriis
1087 1309 1245 1382 afficimini,
1255 1309 1323 1382 nihil

223 1423 291 1462 eum
299 1405 515 1476 accusatis,sed
523 1405 630 1472 civium
642 1415 802 1464 vestrorum
814 1405 957 1483 quosdam
968 1403 1092 1482 culpatis
1103 1403 1170 1462 etin
1179 1404 1323 1484 judicium
1339 1451 1343 1460 .

220 1495 326 1564 vocare
340 1497 438 1570 vultis,
452 1499 523 1577 ipse,
537 1497 692 1577 consopita
712 1507 809 1556 vestra
833 1497 913 1556 inter.
925 1515 978 1556 vos
999 1497 1051 1560 lita
1074 1505 1106 1556 et
1127 1497 1323 1568 contentione,

221 1588 409 1650 denuntiaret
431 1591 462 1648 in
483 1611 514 1650 se
537 1609 618 1650 arma
631 1609 696 1650 esse
710 1589 918 1671 convertenda,
932 1600 974 1658 -et,
990 1589 1181 1650 ‚mercenariis
1203 1591 1267 1650 suis
1289 1610 1325 1653 aa

221 1685 311 1742 verba
329 1685 463 1764 eriperet,
476 1685 582 1763 quibus
607 1684 689 1744 vobis
713 1703 811 1746 moras
834 1693 967 1755 nectunt,
985 1694 1128 1762 negantes
1139 1703 1210 1748 ‚eum
1224 1703 1325 1763 gerere

218 1774 328 1834 bellum
351 1795 419 1836 cum
439 1775 598 1854 republica.
649 1775 760 1834 Verum
784 1783 879 1848 estne,
899 1775 972 1855 proh
996 1775 1095 1834 divum
1117 1775 1216 1848 fidem,
1243 1775 1346 1855 quis.

220 1887 308 1947 quam
320 1887 400 1928 sanae
415 1868 531 1939 mentis,
544 1869 594 1946 qui
608 1867 655 1928 vol
667 1885 770 1948 pacem
784 1879 949 1928 servantem
963 1867 1010 1928 vel
1023 1867 1134 1928 bellum
1155 1889 1259 1934 secum
1274 1889 1323 1948 ge·
1338 1917 1341 1922 .

153 2011 164 2030 ,
219 1970 361 2027 rantcme
374 1961 469 2020 verbis
482 1959 575 2040 magis
589 1980 677 2039 quam
691 1981 708 2020 e
722 1961 807 2020 factis
822 1959 993 2022 oestimariti
1014 1979 1101 2020 nemo
1118 1981 1199 2024 sane.

262 2057 296 2114 4.
315 2054 405 2132 Atqui
415 2053 570 2135 ,Philippus
586 2055 623 2114 ab
636 2053 729 2126 initio,
743 2073 818 2133 paee
831 2075 933 2116 recens
945 2055 1033 2126 facta,
1043 2053 1182 2134 Diopithe
1191 2055 1323 2122 nondum
1337 2104 1340 2111 .

221 2147 349 2207 ducente
364 2147 535 2217 exercitum,
554 2165 650 2225 neque
666 2147 761 2206 missis
786 2147 820 2208 iis
834 2147 883 2227 qui
903 2167 982 2207 nunc
995 2147 1025 2206 in
1041 2147 1229 2206 Chersoneso
1245 2158 1341 2222 sunt,=
1438 2161 1439 2234 ]

149 2233 151 2238 ¹
221 2242 349 2300 Serrium
363 2251 394 2300 et
408 2239 565 2300 Doriscum
581 2239 757 2320 occupabat,
768 2251 798 2300 et
811 2261 847 2300 ex
862 2241 958 2302 Serrio
968 2251 1065 2302 castro
1076 2251 1107 2302 et
1117 2241 1225 2301 Monte
1240 2257 1323 2304 sacro

219 2334 327 2396 milites
341 2353 392 2393 eos
407 2333 549 2414 ejiciebat,
564 2353 639 2412 quus
654 2343 751 2394 noster
765 2334 920 2414 imperator
943 2334 983 2394 ibi
999 2335 1168 2396 collocarat.
1210 2337 1256 2396 At
1270 2337 1325 2396 ista

219 2427 336 2506 agendo
350 2425 421 2506 quid
435 2426 582 2488 faciebat?
603 2426 631 2484 in
647 2447 749 2505 pacem
762 2427 869 2508 quippe
879 2427 1003 2507 jurarat.
1045 2427 1151 2508 Neque
1165 2428 1322 2508 quisquam

218 2520 309 2593 dicat,
330 2522 402 2599 quid
424 2537 492 2580 vero
515 2519 673 2591 istasunt,
701 2530 752 2580 aut
778 2511 848 2600 quid
870 2521 996 2580 attinent
1023 2521 1062 2582 ad
1089 2521 1323 2600 rempublicam!

215 2611 328 2684 jUtrum
339 2631 375 2672 ea
388 2611 569 2692 enimparva
580 2611 639 2672 sint
652 2621 703 2671 aut
716 2613 787 2673 nulli
799 2633 877 2672 curae
891 2614 974 2673 vobis
988 2613 1108 2687 ineunt,
1122 2613 1180 2672 alia
1193 2617 1252 2674 erit
1265 2616 1323 2676 dis-

218 2705 331 2786 putatio
346 2707 354 2764 s
377 2704 430 2764 sed
438 2703 633 2784 jurisjurandi
647 2704 749 2784 religio
763 2715 794 2764 et
802 2705 928 2784 justitia,
943 2707 1004 2766 sive
1021 2707 1051 2766 in
1069 2707 1165 2786 parvis
1181 2707 1246 2769 sive
1261 2729 1321 2770 ma·

220 2798 286 2876 gnis
301 2798 331 2856 in
345 2799 432 2856 rebus
445 2796 579 2868 violetur,
595 2796 720 2866 eandem
732 2797 788 2857 vim
803 2797 902 2874 habet.
943 2799 1008 2878 Age
1017 2799 1091 2878 jam,
1104 2819 1171 2872 cum
1185 2799 1216 2858 in
1231 2802 1321 2870 Chen.

219 2913 370 2964 sonarum,
382 2911 470 2970 qnam
484 2912 536 2951 rex
547 2892 696 2952 Persarum
709 2909 870 2969 omnesque
884 2891 982 2950 Graeci
993 2903 1117 2952 vestram
1131 2893 1321 2969 essejudica·

206 2996 297 3062 runt,
312 2985 418 3046 milites
431 2984 560 3049 immittit
578 2994 608 3044 et
629 2985 726 3064 palam
747 2986 946 3046 auxiliaturet
958 2985 1011 3046 has
1026 2986 1123 3046 literas
1137 2988 1236 3060 mittit,
1251 2989 1322 3068 quid

217 3079 300 3159 agit?
341 3079 380 3140 Se
390 3079 542 3138 vobiscum
554 3078 725 3158 belligerare
746 3091 845 3157 negat,
864 3099 921 3158 ego
935 3099 1005 3140 vero
1023 3089 1137 3142 tantum
1151 3082 1268 3157 absum,
1289 3092 1321 3142 ut

216 3173 292 3232 eum
306 3172 378 3232 talia
398 3170 553 3232 facientem
577 3192 681 3252 paoem
694 3171 842 3232 vobiscum
858 3190 946 3250 agere
959 3171 1062 3245 fatear,
1083 3184 1126 3245 ut,
1141 3183 1173 3234 et
1189 3173 1338 3255 Megaris.
1438 3157 1439 3216 Ῐ

217 3265 392 3327 invadendis
413 3265 488 3324 etin
503 3263 615 3324 Euboea
637 3264 794 3344 tyrannide
807 3264 954 3336 ¹molienda
977 3277 1007 3325 et
1020 3286 1099 3326 nunc
1118 3267 1149 3326 in
1163 3267 1320 3329 Thraciam

216 3357 390 3439 prodeundo
401 3357 557 3438 etinsidiis
568 3348 597 3416 in
612 3357 816 3437 Peloponneso
826 3359 1029 3436 comparandis
1048 3369 1078 3420 et
1091 3379 1158 3438 quan
1170 3360 1243 3421 facit
1257 3381 1318 3420 om-

216 3451 267 3514 nia
281 3469 348 3519 cum
362 3450 489 3510 exercitu
502 3451 648 3524 iaciendo,
660 3450 774 3512 solvere
785 3451 926 3510 affirmem
937 3471 1042 3530 pacem
1056 3463 1086 3510 et
1095 3453 1206 3513 bellum
1220 3455 1335 3520 vobis,

216 3561 283 3605 cum
309 3560 420 3621 gerere,
447 3541 502 3600 nisi
522 3561 573 3600 eos
594 3541 720 3604 fortasse
745 3543 795 3621 qui
818 3544 969 3604 machinas
993 3545 1198 3618 adordiantur,
1212 3568 1319 3626 pacem

216 3653 304 3715 agere
319 3633 432 3702 dicatis,
447 3633 539 3694 donec
554 3653 604 3697 eas
620 3634 684 3714 jam
698 3635 736 3694 ad
750 3636 815 3714 ipsa
833 3637 940 3697 muenia
953 3637 1138 3700 adduxerint.
1182 3641 1245 3700 Sed
1258 3661 1322 3706 non.

121 3729 125 3732 ’
215 3727 320 3788 dicetis
332 3729 345 3786 ε’
362 3725 412 3806 qui
426 3725 513 3798 enim,
526 3727 633 3803 quibus
643 3747 698 3805 ego
713 3727 820 3806 capiar,
836 3748 873 3788 ea
895 3730 957 3808 agit
977 3740 1007 3790 et
1027 3731 1155 3804 instruit,
1168 3731 1193 3790 is
1207 3734 1319 3792 bellum
1423 3720 1426 3728 ¹

214 3841 331 3894 mecum
356 3820 440 3900 gerit,
458 3819 514 3878 etsi
538 3839 584 3878 me
600 3820 731 3890 nondum
746 3821 792 3880 vel
802 3821 909 3900 jaculis
924 3822 970 3884 vel
986 3823 1100 3902 sagittis
1113 3834 1205 3904 petat.
1251 3826 1320 3902 Quo

214 3915 302 3994 igitur
316 3933 369 3973 vos
382 3913 413 3972 in
427 3911 558 3994 periculo
577 3913 668 3986 eritis,
683 3913 707 3972 si
731 3914 801 3992 quid
826 3913 989 3974 acciderit?
1010 3917 1040 3974 in
1055 3935 1091 3976 eo
1104 3917 1185 3995 qnod
1197 3917 1319 3978 Helles·

215 4016 325 4088 pontus
347 4027 366 4066 a
384 4005 466 4066 vobis
490 4005 675 4078 alienabitur,
699 4006 728 4066 in
752 4027 787 4068 eo
812 4007 939 4088 quodie
962 4008 1011 4087 qui
1033 4010 1183 4074 vobiscum
1205 4012 1319 4092 bellum

216 4099 291 4179 gerit
305 4099 435 4176 Megaris
455 4108 485 4160 et
499 4099 612 4162 nubea
625 4099 762 4180 potietur,
778 4100 807 4159 in
830 4119 865 4160 eo
879 4101 960 4178 quod
975 4101 1183 4182 Peloponnesii
1196 4087 1268 4164 cum¹
1283 4125 1318 4164 eo

215 4191 433 4268 conspirabunt.
475 4191 551 4250 Eum
560 4191 657 4272 igitur,
672 4192 721 4270 qui
732 4192 809 4258 hanc
825 4191 987 4252 machinam
1001 4199 1104 4263 contr'a
1118 4197 1219 4254 urbem
1234 4197 1320 4276 erigit

216 4296 306 4364 atqua
316 4292 447 4362 apparat,
457 4302 659 4364 pacemagere
670 4286 765 4345 dicam
777 4305 846 4364 erga
855 4284 930 4346 vos?
944 4286 1066 4348 multum
1079 4297 1156 4348 certe
1166 4289 1319 4360 abest,die

212 4388 313 4442 autem
327 4395 386 4454 quo
401 4373 570 4436 Phocenses
585 4379 713 4450 sustulit,
727 4379 764 4437 ab
778 4398 814 4437 eo
828 4398 884 4458 ego
902 4379 1053 4440 vobiscum
1064 4401 1131 4440 eum
1144 4380 1322 4461 belligerare¹

206 4464 327 4554 ”statua
362 4468 424 4528 Vos
440 4476 547 4542 autem,
569 4468 593 4526 si
611 4489 688 4530 nunc
712 4489 778 4530 eum
797 4471 983 4556 propulsatis,
1007 4473 1322 4556 prudenterfacturos
