2932 4952
175 284 181 294 ’
215 297 271 360 ιιι
478 315 481 324 ·
529 261 748 360 novsusos
771 299 1040 361 inermum.»-

164 459 166 462 ’
213 459 301 520 ιιιιιιο
315 469 344 519 te
357 469 489 538 paratum
499 475 563 519 esse
576 459 686 530 dicere,
696 479 768 519 curn
788 468 849 522 tres
873 470 903 520 te
918 461 998 540 prius
1020 461 1198 533 accusarint,
1212 475 1306 523 eorum

212 552 357 612 nemiuem
373 553 516 611 actionem
528 571 595 611 esse
617 541 814 630 persecutum
857 553 940 621 Quos
950 553 980 620 ,si
1001 555 1039 613 ob
1059 553 1090 612 id
1108 554 1221 632 culpas,
1236 554 1308 632 quod

210 646 267 704 tibi
276 659 376 706 creare
390 644 551 724 periculum
562 645 727 718 uoluerunt,
737 647 867 728 omnium
876 645 1070 706 hominum'es
1083 645 1306 706 audacissimus:

213 739 257 798 sin
272 739 315 796 ita
328 737 443 816 probari
454 756 556 798 censes
571 757 671 798 causas
685 748 745 797 tuae
759 739 928 812 bonitatam,
941 740 1038 818 inepte
1052 739 1136 800 lacis.
1176 740 1308 799 Ananim

212 841 365 910 propterea
377 829 422 890 lex
435 842 485 890 tua
499 831 671 901 meliorest,
687 832 711 890 si
732 833 797 910 quis
822 843 1038 908 accusatorum,
1049 832 1219 913 priusquam
1233 833 1307 892 veni-

213 933 291 982 retur
305 923 334 981 in
354 911 507 998 judicium,
523 923 569 982 vel
585 923 666 996 obiit,
681 923 726 983 vel
741 943 759 983 a
772 933 801 983 te
819 935 972 1004 corruptus
995 927 1032 984 ab
1054 913 1170 984 actione
1194 918 1308 995 destitit,
1387 948 1392 958 ¹

211 1016 260 1075 rel
272 1015 397 1093 denique
411 1035 430 1074 a
442 1024 473 1075 te
483 1018 658 1084 subornatus
669 1015 747 1074 ιιιιιι
769 1016 821 1076 sed
835 1017 892 1075 ista
907 1037 943 1077 ne
959 1016 1016 1076 dici
1029 1017 1147 1094 quidem
1157 1015 1308 1077 merenturss

254 1097 302 1167 ιιι.
325 1107 440 1167 D'electi
461 1113 529 1166 sunt
547 1099 655 1178 autem,
675 1109 724 1186 qui
749 1109 808 1186 legi
831 1109 1061 1187 patrocinentur,
1085 1108 1309 1187 eloquentissimi

167 1233 170 1240 ‚
211 1197 453 1269 viri‚·Leodamas
468 1199 677 1269 Acharnensis,
694 1210 724 1259 et
747 1201 904 1279 Aristopho
931 1201 1114 1274 threniensis,
1128 1209 1158 1260 et
1172 1201 1309 1280 Cephiso·

213 1292 302 1352 dotus
318 1293 514 1364 Garamantis,
531 1301 561 1350 et
575 1293 681 1352 Dinias
693 1292 870 1368 Erchiensis.
913 1294 959 1353 Do
969 1293 1085 1371 quibus,
1097 1295 1167 1372 quid
1179 1313 1232 1353 vos
1247 1315 1309 1353 scu-

213 1387 267 1446 tire
281 1385 394 1456 deceat,
410 1387 510 1446 audite
519 1406 632 1464 quaeso,
644 1397 674 1446 et
687 1386 881 1458 considerate,
898 1406 935 1445 an
954 1387 1036 1448 vobis
1045 1388 1160 1466 justum
1170 1387 1310 1447 videatur.

214 1479 258 1538 Ac
281 1479 405 1557 primum
431 1479 593 1538 Leodamas
616 1479 751 1538 Chabrias
772 1479 957 1557 donatiouem
980 1479 1140 1553 accusavit,
1154 1501 1222 1559 quoe
1242 1482 1310 1539 inter

143 1626 154 1634 .
213 1571 270 1632 alia
283 1572 474 1632 immunitatis
489 1572 599 1632 donum
622 1567 762 1644 continet,
777 1583 807 1632 ct
830 1573 908 1651 apud
935 1593 986 1632 vos
1001 1572 1123 1653 -judicio
1143 1567 1238 1633 rictus
1258 1585 1310 1634 est

214 1664 307 1744 Leges
322 1675 420 1724 autem
434 1674 535 1724 vetant
545 1685 586 1746 ne¹
595 1665 641 1722 bis
656 1683 723 1722 cum
732 1665 842 1733 ¹codem
856 1665 959 1723 iisdem
974 1665 1112 1724 derebus
1127 1665 1189 1725 ullo
1198 1666 1309 1745 judicio

212 1768 264 1818 aut
277 1759 388 1817 ratione
400 1756 448 1835 agi
468 1757 563 1816 liceat.
607 1755 705 1814 Fuerit
719 1765 816 1816 autem
830 1754 958 1816 omniurn
980 1755 1232 1829 absurdissimum,
1246 1779 1311 1818 cum

215 1848 351 1908 Chabriae
365 1848 495 1907 facinora
517 1849 595 1926 apud
619 1867 672 1906 vos
696 1847 769 1905 tum
783 1847 850 1927 plus
874 1845 1124 1926 valuerinr'quam
1148 1846 1315 1926 eloquentia

173 1993 179 2006 ,
214 1928 438 1999 Leodamantis:
461 1951 539 1998 nuuc
555 1933 683 2026 demum,
698 1957 765 1996 cum
781 1949 811 1997 ct
825 1938 875 1998 illa
893 1951 1023 2012 manent,
1047 1949 1078 2000 et
1101 1941 1223 1999 aliorum
1237 1943 1313 2001 lacta

212 2053 262 2111 qur
254 2034 351 2092 benc
366 2032 404 2091 dc
414 2032 563 2111 republica
577 2019 670 2090 meriti
683 2041 751 2090 sunt
761 2040 958 2103 accesserunt,
972 2032 1056 2090 istius
1070 2033 1238 2111 eloquentia
1248 2037 1311 2093 uni·

212 2145 298 2186 versa
292 2125 450 2210 superari.
494 2126 528 2182 In
542 2112 780 2203 Aristophontem
796 2132 871 2201 puto
885 2143 933 2182 me
946 2121 1053 2184 habere
1068 2124 1160 2184 multa
1171 2145 1239 2202 quae
1249 2127 1313 2232 jure

212 2198 318 2280 dicam
362 2221 390 2278 ls
403 2219 591 2278 donationem
606 2218 717 2277 euobis
733 2227 911 2276 consecutus
934 2226 990 2288 est,
1004 2237 1072 2294 qua
1078 2217 1186 2276 etiem'
1178 2218 1314 2278 immuni-

151 2305 154 2312 ’
211 2324 258 2373 tas
280 2313 444 2390 continetur
460 2332 563 2371 z-ncc
590 2312 619 2369 id
643 2331 699 2388 ego
718 2309 917 2389 reprehendo:
950 2329 1040 2389 penes
1062 2331 1115 2370 vos
1145 2314 1223 2370 euim
1249 2333 1314 2372 esse

213 2404 310 2475 decet,
332 2415 365 2464 ut
383 2415 489 2476 vestra,
512 2405 735 2482 quibuscunque
759 2402 854 2461 visum
878 2401 959 2460 robis
980 2401 1076 2468 luerit,
1101 2403 1238 2464 dctis-2
1262 2407 1314 2464 sed

212 2499 286 2558 illud
300 2499 430 2578 iniquum
445 2519 511 2562 esse
525 2498 602 2570 dico,
613 2483 693 2575 quod
707 2515 757 2556 eas
772 2496 995 2554 commoditates
1010 2495 1056 2554 isti
1071 2492 1168 2568 tribui,
1178 2497 1315 2574 aequissi‹

213 2611 261 2650 mo
275 2593 373 2650 animo
395 2611 511 2670 passus,
525 2607 604 2649 nunc
626 2590 744 2648 demum
760 2598 916 2667 postquam
941 2589 1053 2648 eaedem
1079 2588 1143 2647 aliis
1164 2607 1316 2650 concessas

123 2702 128 2712 ’
213 2677 292 2752 sunt,
309 2684 486 2760 indignatur,
501 2694 532 2740 et
544 2683 625 2740 vobis
642 2681 746 2747 suadet
767 2692 802 2738 ut
816 2673 873 2739 'eos
897 2680 1039 2759 spolietis.
1081 2681 1122 2739 Et
1135 2681 1255 2759 quidem
1268 2684 1316 2743 hio

214 2786 317 2834 auctor
334 2775 390 2834 suit
413 2787 447 2834 ut
471 2773 619 2834 Gelarclro
633 2774 888 2852 quinquextalenta
901 2769 1132 2847 numerarentur,
1146 2771 1227 2852 quod
1243 2777 1268 2834 is
1282 2797 1318 2836 ea

215 2869 430 2928 commodasset
444 2868 485 2926 eis
503 2888 519 2926 e
534 2867 648 2945 Populo
658 2867 708 2945 qui
720 2867 749 2924 in
766 2865 910 2926 Piraeeum
925 2877 1123 2926 secesserant:
1133 2861 1204 2942 nec
1215 2866 1247 2928 id
1261 2887 1318 2947 ego

214 2962 415 3040 reprehendo;
439 2961 491 3020 sed
506 2960 603 3040 potius
617 2959 815 3017 rectelaotum
830 2979 895 3022 esse
911 2952 1028 3017 censeo.
1071 2958 1119 3017 Ne
1133 2960 1232 3038 igitur,
1247 2981 1317 3020 cum

213 3065 245 3114 tu
261 3075 306 3129 ea,
327 3075 392 3134 quae
415 3063 492 3112 teste
507 3052 587 3110 nullo
601 3053 769 3130 probantur,
784 3068 837 3141 per
850 3069 971 3138 causam
986 3050 1091 3129 Populi
1105 3051 1234 3124 dederis,
1249 3075 1318 3114 sua·

216 3148 288 3208 deas
303 3158 336 3207 ut
345 3149 410 3206 hoec
425 3146 592 3225 eripiantur,
606 3161 730 3222 quorum
753 3144 814 3222 ipse
839 3143 970 3222 Populus
994 3143 1173 3216 testimonia,
1187 3146 1259 3204 etin
1273 3148 1319 3205 in-

57 3269 67 3280 *
117 3233 120 3239 ¹
215 3241 418 3318 scriptionibus
441 3239 625 3317 templorum,
639 3236 740 3307 erexit,
750 3246 792 3294 et
815 3255 916 3294 omnes
940 3236 1050 3295 conscii
1077 3247 1165 3296 sunt.
1188 3257 1245 3297 nec
1268 3241 1321 3317 qui

216 3329 316 3393 debita
329 3332 480 3394 reddenda
494 3351 559 3391 esse
573 3330 738 3403 decrevisti,
753 3329 830 3388 idem
845 3331 909 3388 hort
898 3331 977 3406 teris,
991 3329 1027 3388 ἰιι
1040 3331 1175 3408 aliquis''
1158 3351 1193 3390 ns
1209 3334 1321 3412 spolic-

215 3426 274 3498 tu'r,
288 3447 354 3505 quoe
369 3426 483 3507 Populo
498 3435 621 3518 accepta
631 3423 738 3482 retulit.
770 3422 837 3481 Jam
853 3422 1054 3510 Cephisodoto
1067 3431 1183 3481 tanturn
1197 3443 1321 3504 respon-

216 3539 360 3579 sumesse
373 3519 450 3579 volo.
493 3519 532 3588 Is,
548 3509 757 3587 Athenienses,
771 3535 837 3574 cum
862 3505 1030 3606 eloquentia
1049 3533 1157 3573 nemim
1168 3529 1321 3576 oratorum

217 3611 314 3684 cedat,
328 3611 394 3691 plus
414 3610 511 3669 laudis
526 3618 693 3678 mereretur,
709 3607 733 3666 si
747 3627 783 3666 ea
796 3603 938 3665 facultate
950 3607 995 3664 ιιι
1002 3603 1198 3684 exigendum
1193 3625 1212 3666 a
1227 3606 1322 3668 soriti·

172 3689 188 3788 ι’
215 3706 272 3764 bus
287 3703 472 3784 supplicium,
486 3719 573 3780 quam
588 3701 625 3760 ad
646 3699 797 3758 laedeudos
818 3701 893 3763 bene
916 3693 1035 3757 meritos
1060 3707 1200 3784 uteretur.
1243 3701 1323 3760 Nam

200 3798 240 3856 ‘si
255 3817 379 3876 quorum
396 3796 464 3855 odia
486 3791 672 3872 suscipienda
685 3805 763 3863 sunt,
777 3809 876 3850 eorum
891 3791 1048 3848 inimicitiae
1063 3775 1225 3850 subeundae
1240 3803 1324 3863 suut,

218 3911 268 3968 qur
261 3891 394 3950 laedunt
408 3887 573 3968 Populum,
579 3903 637 3944 non
652 3905 701 3962 qur
693 3885 809 3943 eidam
824 3884 1103 3955 benefacientibus
1117 3883 1237 3962 quidem
1251 3907 1324 3946 sen·

218 3983 319 4041 tentia
361 3981 465 4040 Dinias
489 3999 576 4060 porro
599 3977 730 4036 fortassis
755 3969 1006 4046 commemorabit,
1018 3995 1050 4034 se
1064 3977 1198 4036 triremes
1213 3980 1328 4039 iustru-

219 4075 306 4145 xisse,
321 4085 352 4133 et
364 4074 483 4133 aedilitia
498 4089 619 4132 munera
632 4069 809 4128 exhibuisse.
852 4069 916 4146 Ego
930 4087 1008 4139 vero,
1023 4069 1046 4126 si
1062 4068 1177 4141 Dinias,
1194 4071 1226 4129 id
1240 4073 1327 4152 quod

140 4155 143 4158 Ι
176 4227 181 4233 ,
207 4162 250 4228 ¹ct
263 4167 324 4246 ipse
337 4167 480 4239 existimo,
493 4168 567 4225 bene
582 4165 619 4222 de
634 4160 784 4250 republica
797 4161 916 4220 meritus
926 4170 981 4232 cst,
992 4161 1087 4238 potius
1101 4171 1205 4222 auctor
1219 4165 1247 4224 ei
1259 4165 1329 4223 fue-

220 4259 273 4316 rim
287 4259 413 4316 muneria
427 4256 536 4336 aliquid
551 4277 568 4315 a
581 4255 663 4317 robis
678 4251 807 4332 petendi,
821 4271 907 4331 quarn
923 4262 956 4310 ut
971 4254 1088 4326 juberet
1101 4273 1163 4328 eos,
1177 4258 1229 4336 qui
1242 4258 1328 4337 prius

220 4345 552 4427 accepissent,'spoliari.
595 4348 673 4406 Nam
691 4346 761 4404 boni
775 4345 826 4404 viri
850 4341 907 4404 hoc
929 4347 1027 4424 potius
1049 4345 1177 4407 officium
1198 4361 1256 4422 est,
1273 4370 1331 4431 pro

223 4441 283 4499 suis
296 4439 443 4499 beneficiis
459 4439 580 4515 gratiam
595 4440 719 4516 exigere,
732 4457 820 4516 quam
834 4437 949 4500 habitos
959 4439 1084 4515 horrores
1098 4440 1165 4500 aliis
1180 4441 1331 4504 invidere.
