2920 4950
185 375 222 452 s·
421 349 440 470 f
630 375 854 450 suenrus

188 555 249 600 esse
265 545 339 599 ratas
350 545 379 598 et
390 542 565 610 immortales,
577 539 625 595 sed
637 541 710 596 uires
720 539 794 594 illins
803 553 884 610 posse
896 510 1034 603 debellari,
1046 533 1096 590 sed
1106 533 1179 590 illos
1188 533 1291 604 proter-

190 641 263 698 viam
276 655 355 712 posse
367 637 509 692 contundi.

225 740 266 789 6⁰.
285 733 415 804 Denique
425 749 459 787 eo
470 730 545 803 quod
557 732 602 786 ille
615 747 665 801 per
675 729 812 802 ignaviam
823 727 1033 786 Atheniensium
1046 725 1230 796 potiusquam
1243 735 1291 790 per

192 843 273 884 snum
281 828 367 898 ipsius
375 827 459 882 robur
466 843 501 881 eo
512 827 642 896 potentie
655 828 684 880 et
694 825 827 896 superbies
839 823 988 885 devenerit.
1024 821 1100 876 ilinc
1111 817 1293 874 vehementis·

192 901 263 977 sima
273 923 309 976 ad
321 923 502 977 Athenienses
515 922 667 977 adhortatio
684 924 716 974 nt
730 921 811 974 istum
827 920 940 974 tundens
952 919 1058 980 exuent
1068 913 1219 973 socordiam
1234 915 1292 968 um

163 1073 175 1092 V„
194 1019 265 1074 hosti
277 1019 373 1074 utilem
385 1035 470 1089 quam
482 1018 547 1088 ipsis
558 1017 790 1071 detrimentosum.

228 1118 268 1170 6⁰.
287 1114 467 1168 concluditur
477 1113 565 1182 prims
574 1128 637 1182 pers
645 1112 760 1166 hensltu
772 1115 801 1194 et
810 1097 1017 1192 praemunitione
1029 1109 1064 1162 ud
1074 1107 1224 1163 secundem
1231 1118 1293 1174 par·

192 1209 259 1262 leur.
295 1195 451 1262 Praemonet
462 1205 661 1262 Demosthenes
672 1217 729 1260 non
738 1205 777 1262 ets
786 1205 990 1263 assentiendum
999 1221 1060 1258 esse
1071 1203 1120 1274 qni
1131 1207 1294 1275 apparatum

193 1303 319 1358 celeriter
329 1305 486 1358 conlectum
498 1318 583 1374 quam
595 1301 720 1356 stabilem
732 1318 764 1359 ac
774 1279 937 1356 ⁸diuturnum
949 1300 1065 1362 malunt.

640 1469 843 1546 Securuduparr,

202 1647 205 1662 ,
231 1589 365 1646 Rationes
376 1592 405 1644 et
416 1589 577 1658 adjumenta
587 1589 652 1646 belli
664 1592 786 1660 gerendi.

234 1689 270 1742 1⁰.
289 1685 389 1746 certor
405 1685 594 1746 triremiumet
604 1685 776 1754 navigiorum
787 1699 917 1744 numerus
927 1682 1122 1744 lushuendusr
1146 1695 1232 1736 cansa
1246 1677 1296 1738 eds

192 1777 297 1847 jicitnr.
942 1825 945 1832 ,
1169 1825 1172 1832 ,
1200 1821 1203 1830 .

201 1927 206 1944 ,
231 1877 270 1928 2⁰.
289 1872 385 1942 Copiae
399 1890 509 1944 quoque
526 1875 602 1930 certo
615 1890 730 1930 numero
742 1893 848 1948 semper
858 1877 962 1934 debent
972 1891 1032 1930 esse
1043 1875 1194 1946 expeditne,
1205 1888 1296 1944 neque

198 1985 236 2022 ex
248 1967 398 2038 peregrinis
410 1970 548 2030 duntaxat
559 1969 698 2038 militibus,
706 1971 753 2026 sed
763 1987 798 2026 ex
809 1969 1114 2037 Atheniensibusretism
1123 1968 1297 2038 conscripta.

199 2059 294 2141 liujus
304 2079 413 2134 quoque
425 2063 466 2122 rei
479 2079 563 2126 causa
576 2065 695 2130 effertur,
731 2065 849 2136 Oportet
859 2068 892 2124 ut
902 2065 1025 2133 reregi.
1036 2063 1181 2130 taxiarchi,
1189 2061 1299 2132 phylar-

199 2159 253 2234 chi,
265 2158 415 2230 hipparchi,
427 2175 476 2231 per
492 2160 585 2231 seipsi
597 2160 724 2226 militent,
739 2177 829 2232 neque
845 2161 946 2216 honore
957 2161 1004 2216 illo
1015 2165 1128 2214 utamur
1138 2161 1246 2214 tuntum
1262 2157 1298 2214 ad

198 2269 329 2322 pompam
341 2257 374 2308 et
381 2252 544 2322 dignitatem
555 2255 584 2309 in
595 2257 663 2330 urbs
674 2257 866 2330 umbratilem
879 2255 955 2327 quod
966 2253 1085 2324 eleganti
1095 2252 1298 2325 comparatione

199 2348 431 2416 illustratorutor,
463 2417 466 2422 Ι
550 2339 552 2347 ⁴
640 2337 646 2344 “
1040 2421 1042 2426 Ι

234 2447 273 2498 3⁰.
292 2443 417 2514 Exponit
425 2445 499 2498 idem
509 2447 613 2514 quanta
621 2447 816 2517 pecnniaopus
826 2447 862 2501 sit
870 2445 980 2501 etunde
988 2445 1050 2505 hmo
1058 2441 1187 2516 petenda.
1213 2441 1299 2508 Hunc

201 2539 345 2593 articulum
358 2524 475 2593 absolvit
487 2541 609 2595 curando
620 2545 654 2594 ut
663 2523 796 2596 recitetur
807 2542 876 2595 ratio
887 2543 1017 2620 quaedam
1028 2525 1197 2610 pecuniaria'
1252 2605 1254 2610 ,

234 2640 274 2690 4⁰.
293 2635 443 2690 Concludit
453 2636 524 2690 hauc
535 2638 688 2698 secundem
705 2639 809 2706 partem
824 2635 994 2694 ostendendo
1009 2651 1073 2706 quae
1088 2634 1153 2689 inde
1169 2633 1301 2692 utilitates
1335 2673 1338 2681 ι

200 2729 254 2783 rint
266 2729 461 2799 percipiendam
478 2727 585 2790 seilicet
595 2729 699 2801 putatae
711 2729 828 2784 aderunt
837 2729 924 2800 copiae
933 2735 962 2783 et
970 2745 1053 2784 nares
1065 2745 1129 2800 quse
1141 2712 1301 2799 opportuni·

199 2831 271 2880 tates
282 2827 403 2885 locorum
416 2841 449 2878 sc
462 2830 614 2896 temporum
627 2829 776 2896 sectentur,
788 2841 852 2896 ques
863 2825 1024 2896 prohibeant
1035 2840 1070 2878 ne
1082 2825 1226 2895 Philippus
1239 2840 1302 2896 spo-

198 2921 248 2978 liet
259 2921 348 2976 socios
359 2919 578 2990 Atheniensium,
588 2921 717 2992 ipsosque
730 2919 912 2978 Athenienses
923 2919 1046 2992 captiuos
1057 2920 1187 3002 abducat.

666 3087 843 3163 Toutapos.

236 3197 474 3252 Varinmomentu
484 3195 586 3270 quibus
602 3197 772 3252 audientium
789 3195 874 3253 animi
891 3196 927 3252 ud
944 3196 1046 3276 bellum
1063 3195 1191 3274 puriter
1204 3173 1304 3273 gerem-

204 3293 273 3362 dum
284 3294 441 3348 incitentur.
537 3293 542 3360 j

238 3394 275 3443 1⁰.
293 3389 496 3444 Demosthenes
512 3387 632 3442 instituit
649 3389 882 3458 comparationem
895 3389 967 3442 inter
977 3387 1047 3441 leste
1061 3389 1090 3440 et
1106 3387 1187 3440 ludos
1200 3401 1233 3441 ac
1247 3387 1307 3458 bel·

203 3485 271 3548 inm,
282 3488 314 3539 ut
325 3487 419 3554 pateat
434 3499 490 3552 quo
505 3484 606 3550 studio,
622 3485 729 3564 ordine,
739 3487 768 3538 et
779 3487 856 3538 certo
873 3481 1003 3551 temporis
1014 3485 1117 3552 puncto
1131 3483 1178 3536 ills
1189 3485 1307 3538 mmini-

204 3583 331 3656 strentur,
344 3579 411 3635 dnm
421 3578 498 3636 nube
506 3579 628 3648 suppetit
638 3578 704 3632 belli
715 3577 829 3650 gerendi
840 3577 992 3646 diligentia,
1003 3578 1096 3640 nullus
1110 3578 1185 3644 ordo,
1197 3580 1306 3641 nullum

203 3679 314 3744 tempus
329 3677 474 3740 serratum,
487 3689 519 3728 uc
530 3671 645 3744 proinde
656 3689 752 3728 omnes
764 3672 927 3728 amittuntur
942 3669 1113 3730 occasiones.
1152 3671 1228 3728 Hinc
1240 3672 1307 3728 Ms-

206 3767 331 3825 cedoniae
343 3783 392 3822 rex
402 3767 543 3823 ciuitatem
555 3784 588 3822 co
599 3783 688 3837 usque
700 3767 861 3833 contemnit,
876 3771 908 3822 ut
918 3766 1049 3838 superbus
1060 3766 1173 3824 omniuo
1183 3747 1221 3824 ad
1229 3767 1305 3824 hhm

118 3870 121 3876 ’
206 3863 307 3918 scribat
315 3863 453 3932 epistolas,
464 3871 533 3936 quus
543 3863 698 3918 recitandas
711 3863 822 3933 publico
832 3865 911 3918 curat
921 3865 1018 3920 orator·
1268 3853 1271 3862 Δ

240 3963 280 4012 2”.
298 3956 362 4012 Suis
374 3957 480 4012 civibus
493 3958 592 4013 incutit
603 3960 738 4029 pudorem
756 3963 815 4012 tum
830 3975 879 4028 per
894 3957 976 4011 husee
986 3957 1125 4027 epistolas,
1138 3960 1198 4012 tum
1214 3960 1306 4015 conte·

205 4054 292 4130 pendo
304 4053 398 4106 horum
411 4052 565 4108 socordiam
577 4054 766 4126 cumrudinm
772 4054 935 4108 athletarum
946 4051 1092 4124 imperitia.
1110 4053 1308 4112 'Huncloeum

207 4147 297 4220 lepido
308 4148 389 4202 simul
402 4153 430 4200 ot
441 4148 558 4222 graviter
569 4151 679 4212 essue,
746 4201 749 4210 ,

243 4249 282 4297 3⁰.
301 4242 378 4295 Dicit
393 4244 506 4296 deorum
519 4259 585 4297 cura
601 4245 630 4296 et
644 4241 876 4308 consilioluotum
887 4244 920 4298 ut
935 4255 1007 4298 nors
1023 4257 1132 4312 semper
1147 4242 1178 4301 in
1195 4244 1254 4298 dies
1266 4245 1311 4299 in.

208 4342 305 4408 coepta
314 4337 440 4403 designet
451 4336 603 4409 Philippus,
613 4353 669 4408 quo
680 4336 810 4408 nimirum
818 4336 1029 4404 Atheniensese
1043 4338 1117 4409 turpi
1131 4341 1245 4394 landem
1260 4355 1311 4396 re-

210 4437 287 4488 temo
299 4435 448 4500 emergant.

149 4601 165 4614 fl
245 4532 284 4581 40.
303 4525 411 4582 Civium
429 4519 582 4598 segnitiem,
595 4527 730 4586 sociorum
747 4533 862 4600 metum,
882 4515 1001 4606 hostium
1017 4525 1243 4602 despicationem,
1259 4529 1312 4590 dur
