2920 4950
487 280 666 346 xortano
687 279 886 348 narnus>
1008 235 1041 336 f
1200 279 1259 354 ιο,

129 425 181 490 'ils
195 425 429 512 rebusqusrun
451 433 950 516 caraxaricicendunprogressus
962 431 1258 508 ranvenstetten

149 525 224 586 Cum
238 537 294 588 nos
308 529 399 608 legati
413 543 517 614 exacto
531 531 568 590 de
581 551 654 610 pace
660 531 851 612 jurejurando
861 527 1059 602 rediissemus,
1083 537 1113 587 et
1133 527 1255 606 quidum
1289 561 1291 566 ·

147 618 358 697 pollicerentur
368 623 430 682 fore
444 634 478 682 ut
491 623 625 703 Thespioe
639 633 670 682 et
684 623 804 683 Plataeae
813 623 1067 692 instaurarentur,
1082 618 1254 700 Philippum

148 725 247 772 autem
263 715 444 789 Phocenses,
465 715 536 776 siin
559 735 643 776 suam
660 725 838 795 potestatem
861 714 984 795 redigat,
1004 723 1254 784 conservaturum,

146 824 190 866 ao.
199 805 409 873 Thebanorum
423 809 569 868 civitatem
582 807 821 884 dissociaturum,
830 808 962 888 Oropum
972 817 1101 868 vestrum
1110 805 1253 878 futurum,

128 938 131 944 ·
148 911 178 962 et
188 899 343 962 Euboesm
366 907 419 980 pro
439 901 612 982 Amphipoli
631 923 685 964 vos
705 911 885 990 recepturos,
909 920 977 962 oum
999 898 1125 979 denique
1153 899 1253 981 plures

148 997 295 1073 ejusmodi
309 1017 377 1077 spes
392 1008 422 1058 et
435 997 568 1058 fallacias
572 1001 730 1076 Joctoreat
741 998 851 1076 quibus
865 1015 918 1060 sos
939 995 1054 1058 inducti
1066 1013 1162 1074 neque
1175 994 1254 1056 utili·

148 1092 216 1153 tatis
244 1110 340 1170 neque
364 1091 509 1170 equitatis
533 1110 638 1170 neque·
648 1091 797 1172 dignitatis
810 1099 916 1151 vestrm
933 1089 1034 1150 habita
1047 1089 1161 1150 ratione
1173 1087 1257 1156 Pho·¹

149 1203 255 1245 censes
275 1181 455 1255 deseruistis,
477 1184 565 1242 lroec
553 1205 661 1262 :aquom
675 1205 735 1244 eom
745 1188 862 1260 fierent,
877 1181 1029 1264 apparebit
1039 1201 1087 1242 me
1104 1180 1134 1240 in
1147 1180 1254 1252 horum

147 1278 230 1337 nullo
237 1277 283 1336 ael
291 1276 433 1338 struxisse
442 1276 579 1336 fraudem
587 1277 636 1338 vel
645 1279 750 1355 aliquod
761 1277 899 1350 tacuisse,
909 1275 968 1340 sed
976 1274 1147 1356 praedrxrsre
1153 1275 1255 1349 vobu,

148 1370 238 1448 idque
251 1369 332 1429 haud
354 1370 443 1453 dubie
451 1370 640 1448 meministis,
661 1389 708 1430 me
731 1369 802 1431 talia
820 1388 914 1448 neque
937 1370 1010 1430 scire
1029 1388 1124 1449 neque
1147 1361 1254 1450 exspes}

149 1463 240 1538 o'tare,
255 1462 310 1522 sed
324 1462 431 1542 nugari
442 1474 509 1522 eum
524 1465 649 1524 'censere
662 1463 837 1542 quicumque
862 1461 934 1522 talia
951 1463 1159 1542 profiteretur..
1176 1461 1253 1530 Hac

147 1555 239 1634 igitur
250 1554 358 1625 omnia,
373 1574 441 1634 quae
454 1575 501 1615 me
515 1555 623 1616 rectius
639 1575 726 1640 quam
740 1555 992 1636 aliosvproevidisse
1006 1565 1131 1627 constat,
1145 1569 1255 1635 neque,

149 1648 364 1721 Athenienses,
374 1648 520 1726 singulari
540 1667 614 1708 meoe
635 1649 762 1710 solertias
780 1648 944 1710 adscribam
966 1667 1064 1728 neque
1085 1659 1254 1728 art-oganrcr

147 1743 329 1821 proefficabm
346 1743 399 1801 aut
421 1743 460 1800 ob
483 1741 565 1804 aliud
587 1743 744 1823 quicquam
772 1763 820 1803 me
847 1742 1023 1822 intelligerev
1037 1751 1080 1804 et·
1093 1742 1254 1824 praesagire

149 1836 320 1916 profitebor,
335 1853 423 1913 quam
443 1844 563 1915 propter
576 1837 641 1896 haec
662 1857 729 1917 quse
751 1835 833 1897 vobis
862 1855 1006 1916 exponam
1027 1835 1096 1907 duo,
1117 1818 1255 1916 primum,-

150 1927 359 2001 Athenienses,
373 1929 411 1987 ob
424 1928 582 2000 fortunam,
602 1948 691 2007 quam
717 1947 774 2008 ego
792 1928 872 1988 omni
884 1927 1033 1988 homiuum
1046 1927 1208 2008 sagacitate
1217 1938 1255 1990 'et
1272 1980 1278 1982 .

150 2020 297 2099 sapientia
322 2019 466 2101 potiorem
485 2019 582 2094 video,·
602 2020 717 2094 deinde,
742 2021 822 2100 quod
851 2021 951 2100 gratis·
964 2020 1211 2112 negotia-judico·
1223 2032 1255 2084 et

153 2113 319 2185 considero,
347 2132 442 2192 neque
462 2113 556 2173 ullum
577 2114 803 2174 emolumentum
822 2113 857 2173 iis
880 2113 1257 2193 quae2ego³pub1iceaot

149 2227 221 2286 gero
237 2216 290 2266 aut
304 2206 370 2266 dico
394 2204 549 2266 ostendere
561 2205 716 2285 quisquam
729 2215 829 2285 potest
843 2223 1014 2286 appensum.
1048 2205 1143 2266 Recta
1155 2207 1256 2286 igitur,

150 2320 176 2360 οι
169 2297 291 2379 ''quod
284 2309 361 2358 mest
374 2301 461 2359 rebus
474 2301 586 2360 bonum
599 2299 775 2378 publicum,
767 2319 797 2357 ιιι
809 2298 911 2358 oculos
921 2317 1001 2358 meos
1010 2297 1139 2359 incurrit
1167 2299 1256 2370 Quod

135 2425 137 2430 ·
154 2395 263 2454 sivero
284 2393 314 2451 in
340 2393 475 2452 utramvis
488 2402 624 2475 partem
614 2391 724 2450 veluti
717 2411 747 2450 ιιι
760 2391 899 2450 trutinam
925 2399 1076 2469 argentum
1096 2393 1257 2473 superinje-

108 2503 111 2512 ’
152 2487 238 2558 ceris,
254 2486 316 2544 abit
330 2485 430 2544 statim
448 2486 589 2546 deorsum
602 2493 632 2545 et
651 2484 863 2562 deliberantem
886 2483 972 2544 simul
987 2483 1116 2544 animum
1131 2485 1169 2544 ad
1189 2506 1255 2552 sese

153 2577 238 2656 rapit,
259 2597 357 2656 neque
366 2579 429 2656 jam
451 2579 577 2658 amplius
597 2587 650 2638 aut
669 2585 749 2638 recte
770 2587 822 2638 aut
839 2577 952 2639 sincere
965 2577 1028 2638 ulla
1044 2577 1082 2638 de
1100 2598 1131 2640 re
1144 2577 1256 2642 delibe-

153 2689 216 2730 rare
230 2679 330 2750 potest
339 2669 388 2728 ille
402 2670 451 2748 qui
463 2670 538 2730 istuc
550 2672 660 2732 fecerit.
698 2723 700 2728 ,

151 2801 157 2810 ·
194 2767 225 2822 4.
248 2764 348 2824 Unum
362 2763 448 2840 igitur
461 2763 491 2820 in
505 2764 602 2843 primis
625 2765 783 2824 tenendum
806 2785 873 2826 esse
886 2765 964 2838 dico,
984 2776 1018 2826 ut
1035 2766 1096 2828 sive
1118 2767 1183 2847 quis
1207 2789 1256 2830 ao·

152 2857 215 2917 cios
239 2857 300 2928 sire
323 2855 431 2916 tributa
454 2857 515 2916 sive
539 2855 616 2915 aliud
638 2856 786 2936 quippiam
807 2859 976 2937 reipublice
990 2859 1062 2918 velit
1080 2860 1256 2936 adsciscere,

150 2951 185 3010 id
198 2950 281 3010 salva
294 2969 330 3008 ea
343 2969 434 3028 quam
444 2949 559 3028 agimus
573 2967 647 3028 pace
657 2948 816 3022 conficiat,
838 2970 897 3009 non
918 2951 999 3028 qued
1013 2949 1189 3014 admirabilis
1204 2955 1256 3019 illa

155 3045 255 3104 sitaut
268 3052 397 3102 svestra
410 3042 570 3121 dignitate3
593 3043 646 3104 sed
661 3041 755 3120 qualis
773 3041 867 3120 qualis
881 3052 938 3115 est,
952 3045 1141 3123 opportunius
1154 3036 1258 3126 utique
1290 3072 1292 3076 ’

155 3140 243 3198 rebus
255 3137 360 3196 vestris
377 3136 481 3195 fuisset
492 3155 552 3195 non
566 3135 729 3196 coniecisse
743 3154 831 3213 quam
845 3137 1011 3196 confectam
1029 3156 1109 3196 nunc
1133 3156 1152 3196 a
1173 3140 1257 3202 vobis

149 3233 298 3294 dissolvi:
319 3231 413 3290 multa
426 3231 503 3290 enim
517 3230 700 3310 projecimus,
715 3249 788 3308 qum
802 3250 869 3290 oum
882 3240 981 3291 essent
999 3231 1127 3312 integra,
1147 3233 1258 3299 bellum

153 3326 204 3386 illo
212 3325 444 3405 temporetutius
457 3344 476 3386 a
489 3325 574 3384 uobis
589 3335 683 3403 atque
692 3322 805 3384 facilius
817 3344 905 3403 quam
920 3344 999 3384 nunc
1014 3326 1133 3386 conflari
1144 3337 1256 3406 posset.¹

155 3419 272 3480 Deinde
284 3418 532 3497 prospiciendum,
544 3417 749 3489 Athenienses,
771 3435 809 3476 ne
828 3417 883 3488 his,
906 3417 957 3496 qui
978 3437 1058 3480 nunc
1079 3431 1257 3490 conventum

152 3521 249 3592 agunt
263 3530 299 3570 ao
311 3529 344 3570 se
364 3510 597 3590 Amphictyonas
622 3509 735 3582 dicunt,
749 3509 955 3570 necessitatem
970 3511 1057 3570 simul
1079 3530 1258 3592 causamque

154 3602 931 3684 injiciamusbsllieommunisoontranostracipieadi.
974 3601 1039 3682 Ego
1049 3603 1136 3676 enim,
1147 3605 1172 3662 si
1183 3605 1259 3669 inter

147 3717 208 3758 nos
229 3706 260 3756 et
281 3695 449 3776 Philippum
462 3696 696 3756 orireturdenuo
710 3697 825 3756 bellum
840 3697 878 3755 ob
892 3695 1090 3776 Amphipolim
1105 3707 1156 3757 aut
1171 3698 1260 3768 aliam

152 3790 284 3870 aliqum
303 3788 444 3868 privatam
460 3790 700 3861 controversiam,
712 3809 782 3868 quae
801 3797 897 3866 neque
913 3787 1070 3848 Thessalos
1090 3808 1188 3866 neque
1201 3791 1257 3852 Ar·

153 3884 238 3962 givos
253 3895 353 3960 neque
364 3881 522 3942 Thebanos
535 3881 702 3960 respiceret,
711 3903 771 3942 non
781 3892 854 3962 puto
868 3880 949 3942 vobis
958 3880 1066 3940 ‘horum
1085 3901 1260 3962 quemquam

152 3977 264 4036 bellum
280 3974 429 4034 illaturum
443 3994 478 4034 ac
498 3974 615 4034 minime
634 3976 852 4035 omnium-ne
867 3993 937 4034 vero
957 3972 1101 4052 quispiam
1118 3974 1257 4044 obturbet

155 4070 327 4148 priusquam
341 4066 466 4126 audierit
477 4065 735 4128 Thebanos—non
750 4067 831 4146 quod
844 4065 931 4126 nobis
953 4064 1090 4150 cupiant,
1104 4085 1163 4134 non
1179 4071 1259 4147 quod

154 4163 250 4223 nolint
263 4179 282 4220 a
296 4158 434 4240 Philippo
445 4160 567 4239 gratiam
586 4161 735 4240 aucupari,
757 4160 810 4221 sed
830 4158 951 4242 optime·
965 4168 1084 4234 nomm,
1107 4170 1259 4241 utcunque

151 4275 205 4314 eos
218 4251 376 4314 hebetioris
391 4271 458 4314 esse
469 4252 579 4332 ingenii
592 4252 734 4333 quispiam
750 4252 839 4324 dicat,
854 4251 879 4312 si
898 4249 978 4312 bello
994 4253 1145 4315 nobiscum
1160 4245 1257 4332 impii,

152 4357 268 4418 centur,
282 4344 362 4404 mala
382 4343 501 4423 quidem
525 4345 622 4404 omnia
640 4345 677 4404 ad
701 4363 767 4405 sese
790 4353 974 4423 perventura,
994 4344 1143 4416 utilitates:
1159 4355 1259 4424 autem

151 4440 248 4518 alium
266 4441 363 4502 otiose:
374 4437 558 4502 desidentem
577 4437 809 4516 interceptarum
818 4457 830 4502 xt
838 4437 1122 4519 rnunqaamigtm.
1133 4454 1180 4508 eo,
1193 4455 1260 4508 sess
1324 4476 1326 4479 -

289 4570 293 4576 .
699 4547 723 4589 fl
862 4563 867 4577 ι

648 4637 666 4683 Ι,
