2886 4946
373 289 525 348 ORATIO
547 287 630 348 PRO
653 285 1002 364 MEGALOPOLITIS.
1181 291 1235 350 137

138 442 178 502 cti
198 443 317 517 fuerint,
336 445 418 524 justo
440 444 564 524 majores
588 461 647 503 non
670 452 758 502 erunt
771 443 998 514 Lacedaemonii,
1013 441 1092 522 quod
1106 443 1235 504 Arcades

139 535 325 598 adversarios,
333 537 363 595 in
376 537 481 596 vicinio
493 536 662 604 habebunt3
685 535 730 594 sin
743 534 874 596 Thebani
887 535 961 596 forte
975 536 1146 596 emerserint
1154 537 1235 597 inco·
1328 533 1333 547 ¹

136 627 287 708 lumesque
308 629 468 692 manserint
489 639 519 690 et
541 649 601 688 non
624 627 813 700 conciderint,
827 629 930 696 saltem
955 628 1127 690 infirmiores
1140 638 1237 702 erunt,
1302 643 1307 648 ·

134 732 289 802 postquam
303 721 335 780 hi
348 721 421 782 socii
433 723 516 782 nobis
531 722 611 796 facti,
626 731 657 782 et
675 741 729 800 per
750 739 805 781 nos
819 721 981 781 conservati
1000 722 1124 783 fuerint:
1147 742 1238 802 qnare

134 814 230 874 modis
254 814 391 874 omnibus
409 809 536 894 expedit,
554 824 588 874 ut
607 814 739 874 Arcades
755 833 850 893 neque
866 813 1033 873 deseramus
1046 835 1143 893 neque
1157 835 1237 875 corn·

134 906 295 978 mittamus,
310 906 335 966 si
348 907 422 966 forte
435 908 594 968 manserint
605 907 780 980 incolumes,
796 915 830 965 ut
841 915 892 970 aut
906 907 967 966 suis
981 907 1108 982 evasisse
1127 907 1236 968 viribus

136 1009 189 1058 aut
202 999 324 1060 aliorum
338 1018 428 1078 opera
441 1020 476 1061 ao
485 1020 544 1060 non
557 1009 655 1063 vestre
666 1019 722 1080 ope
736 998 898 1061 conservati
912 1017 977 1064 esse
989 997 1150 1060 videantur.

180 1093 227 1150 ll.
249 1092 314 1170 Ego
328 1091 457 1169 quidem,
470 1092 676 1165 Athenienses,
689 1092 770 1152 Deos
784 1100 886 1163 testor,
896 1106 943 1149 me
956 1100 1075 1150 neutros
1083 1089 1130 1149 vel
1140 1110 1237 1151 amaro

133 1184 181 1243 vel
196 1183 296 1243 odisse
311 1184 463 1264 privatim
486 1184 539 1244 sed
553 1205 589 1276 ea
602 1185 709 1244 dixisse
709 1196 790 1274 quse
801 1185 886 1242 vobis
899 1184 1050 1262 profutura
1067 1193 1185 1264 putem·
1206 1192 1236 1244 ot

135 1295 188 1336 vos
210 1276 311 1337 hortor
334 1287 420 1356 atque
438 1297 554 1352 moneo,
579 1297 617 1340 ne
642 1261 870 1368 Meg'alopolitas
885 1266 1035 1351 deseratis,
1048 1286 1100 1338 out
1117 1275 1236 1338 omnino

135 1370 228 1432 ullum
241 1371 459 1435 imbecilliorem
471 1371 613 1453 objiciatis
626 1370 773 1432 violentiae
786 1369 987 1452 potentiorum.
