2946 4954
219 317 300 376 ιιι
325 297 329 304 ’
461 315 517 374 nn
538 315 659 406 unna
681 315 824 377 ossus
846 313 1094 402 nuosrronn

219 467 305 543 tator,
326 470 396 532 diris
417 470 575 550 obligatus,
603 469 742 543 mendax,
769 470 929 550 geminorum
945 470 1088 549 proditor,
1110 469 1208 530 omnia
1227 469 1328 540 insunt

223 561 417 634 sttoeissima,
432 563 504 622 nihil
517 564 622 624 horum
643 561 791 634 defendet,
814 581 909 640 neque
926 562 1080 641 quicquam
1093 563 1174 641 ‘oequi
1192 553 1245 622 aut
1257 562 1328 623 boni

217 645 395 736 respondere
408 655 533 735 poterit:
555 675 623 733 quae
636 663 735 715 autem
753 674 810 734 ego
830 674 1124 734 eumlresponsurom
1135 674 1211 714 esse
1227 655 1328 726 audio,

222 759 291 808 sunt
308 749 359 807 illa
371 748 490 827 quidem
510 747 632 806 insaniae
650 747 790 826 proxima.
823 747 884 807 Sed
904 767 971 807 eum
992 748 1117 807 fortasse
1140 747 1196 824 qui¹
1214 747 1328 806 nullam

213 837 327 920 justam
340 841 432 900 habet
444 837 674 909 exeusationem,
694 839 809 917 quidvis
831 857 954 900 neeesse
973 841 1023 898 est
1038 838 1228 898 comminisci.
1273 837 1328 898 Di-

217 929 333 993 esurum
346 932 443 1004 audio,
457 951 557 992 eorum
581 950 629 990 me
651 950 719 1009 quae
736 950 884 1003 accusem,
900 930 1010 990 socium
1031 929 1086 990 sibi
1108 930 1208 1002 fuisse,
1222 941 1253 990 et
1275 949 1326 1009 ap·

121 1095 127 1111 ,
218 1028 411 1124 probatorem,
436 1038 467 1085 et
492 1025 658 1104 adjutorem
682 1025 822 1096 omnium,
845 1043 881 1084 ae
904 1023 1011 1083 deinde
1032 1032 1153 1101 repente
1182 1034 1328 1088 mutatum

219 1137 368 1180 accusare.
391 1111 570 1196 Quanquam
585 1131 682 1176 autem
696 1127 827 1177 actorum
847 1116 897 1176 ille
917 1136 1013 1194 neque
1029 1115 1112 1194 justa
1125 1126 1172 1176 est
1183 1114 1325 1184 defensio,

217 1231 315 1290 neque
342 1211 529 1280 conveniens,
549 1209 611 1269 sed
637 1209 694 1268 mei
720 1209 857 1287 quaedam
885 1209 1035 1268 accusatio
1061 1212 1132 1286 (ego
1160 1209 1238 1267 enim
1271 1208 1348 1272 ista.

217 1305 243 1362 si
263 1303 332 1376 feci,
350 1299 477 1380 nequam
496 1301 584 1360 homo
605 1321 682 1373 sum,
703 1321 750 1362 res
772 1310 871 1376 autem
887 1310 1040 1380 propterea
1059 1299 1159 1362 nihilo.
1176 1310 1247 1362 sunt
1267 1319 1327 1360 me·
1373 1365 1377 1368 ,
1466 1289 1467 1312 ἶ

217 1394 316 1469 liores,
335 1395 431 1474 neque
453 1394 551 1454 multis
568 1395 664 1454 verbis
685 1403 732 1454 est
749 1398 836 1473 opus)
856 1404 954 1454 tamen
976 1393 1061 1454 officii
1077 1394 1133 1454 mei
1158 1413 1224 1484 esse
1245 1404 1325 1472 puto,

218 1498 373 1567 utrumque
393 1488 476 1548 vobis
500 1499 534 1546 ut
553 1487 719 1559 ostendam,
740 1497 772 1546 et
791 1486 981 1547 mentiturum
1003 1507 1082 1556 eum,
1084 1487 1123 1552 si
1145 1461 1216 1546 tatia
1240 1486 1326 1561 dicet,

218 1590 249 1641 et
267 1581 430 1658 legitimam
448 1580 648 1639 defensionem
667 1579 893 1672 declinaturum.
928 1579 1005 1647 Quae
1026 1578 1069 1636 ita
1089 1578 1176 1637 fuerit
1196 1579 1284 1657 juste
1298 1587 1327 1637 et

219 1672 352 1751 simplex,
368 1671 393 1730 si
405 1681 457 1730 aut
469 1689 530 1730 non
543 1671 649 1728 fecisse
663 1689 696 1727 se
710 1657 776 1746 qum
791 1679 978 1740 accusentur
998 1669 1175 1738 ostenderet,
1191 1679 1243 1730 aut
1261 1679 1328 1742 acts

217 1786 286 1843 qum
300 1764 367 1834 sint,
381 1761 526 1866 profuisse
540 1759 724 1838 reipublieem
748 1778 887 1838 quorum
881 1760 936 1819 iste
950 1771 1090 1822 neutrum
1100 1761 1197 1822 facere
1211 1762 1327 1840 poterit

219 1851 324 1933 Neque
347 1855 424 1912 enim
445 1843 577 1931 profecto
600 1850 698 1911 dicere
722 1851 839 1931 poterit,
861 1852 1009 1930 espedire,
1032 1863 1065 1912 ut
1082 1853 1255 1924 Phocenses
1276 1874 1326 1932 pes

215 1947 326 2016 rieriut,
341 1956 375 2004 ut
388 1944 476 2024 Pylas
491 1942 644 2022 Philippus
666 1951 776 2016 teneat,
790 1952 825 2002 ut
837 1943 1043 2018 Thebanisint
1056 1953 1202 2022 petentes,
1226 1957 1259 2005 ut
1273 1949 1326 2008 mi-

217 2039 287 2098 lites
298 2040 327 2098 in
342 2039 455 2098 Euboee
468 2046 631 2114 versentur,
646 2045 680 2094 ut
694 2035 825 2114 Megaris
846 2036 960 2095 insidioe
973 2037 1056 2108 fiant,
1070 2047 1104 2095 ut
1116 2057 1177 2115 pax
1192 2039 1274 2100 nullo
1288 2042 1328 2100 sit

131 2121 134 2126 ¹
213 2119 403 2212 jurejurando
422 2130 604 2200 confirmata,
623 2129 730 2206 quibus
750 2136 815 2199 tum
837 2129 982 2188 contrarie
1001 2130 1084 2210 vobis
1111 2129 1273 2204 nunciavit,
1294 2144 1327 2215 ιιιΙ

140 2277 142 2283 2
217 2243 286 2302 quse
307 2234 338 2283 et
355 2221 439 2281 utilia
456 2231 568 2308 essent,
582 2230 614 2280 et
632 2221 733 2280 futura
746 2231 862 2281 essent:
884 2242 980 2300 oeque
999 2223 1050 2282 ille
1069 2243 1128 2283 non
1151 2245 1217 2284 esse
1236 2227 1326 2297 facta,

216 2312 393 2402 persuadere
406 2315 490 2389 vobis
502 2313 618 2394 poterit,
627 2314 677 2392 qui
686 2313 800 2373 vidistis
814 2314 880 2392 ipsi,
889 2323 920 2373 et
932 2326 1082 2394 comperta
1094 2315 1218 2391 habetis.
1242 2317 1323 2379 Reli·

121 2443 123 2451 ι
217 2409 307 2489 quum
326 2418 381 2480 est,
402 2406 474 2466 nihil
486 2405 608 2466 istorum
624 2405 754 2466 omnium
770 2405 809 2464 ad
822 2425 870 2466 me
883 2406 1007 2467 attinere
1022 2417 1055 2468 ut
1068 2409 1237 2474 ostendam.
1321 2453 1324 2466 .

257 2503 308 2562 61.
329 2499 426 2560 Vultis
450 2499 539 2578 igitur
559 2500 741 2572 me‚·ceteris
760 2500 895 2581 omnibus
914 2501 1039 2573 omissis,
1053 2509 1095 2561 'ut
1113 2501 1233 2570 scilicet,
1247 2505 1325 2584 apud

215 2614 270 2676 vos
290 2587 320 2652 in·
340 2611 391 2651 eos
411 2591 465 2649 sim
484 2590 625 2672 invectus,
639 2600 675 2650 ut
692 2592 722 2650 in
742 2591 846 2670 itinere
858 2611 911 2652 eos
931 2592 1113 2662 offenderim,
1134 2605 1169 2654 nt
1185 2595 1228 2656 eis
1248 2597 1326 2676 omni

218 2694 351 2764 ternpore,
364 2683 417 2742 sim
434 2683 615 2760 adversatus,
627 2685 699 2743 istos
713 2684 794 2763 ipsos
809 2685 970 2762 producere
979 2694 1070 2757 testes
1078 2688 1177 2750 omnia
1190 2687 1326 2748 interme

137 2805 145 2814 ·
216 2790 248 2838 et
260 2778 326 2860 illos
341 2775 486 2846 contraria
499 2794 565 2834 esse
585 2774 685 2835 facta?
706 2776 777 2836 istos
792 2777 946 2855 pecuniam
968 2790 1072 2839 contra
1088 2797 1141 2838 vos
1164 2781 1325 2859 accepisse,

218 2889 265 2930 me
279 2865 454 2930 recusasset
475 2868 580 2928 Videte
603 2869 700 2948 igitur,
723 2889 879 2948 quemnam
900 2870 929 2928 in
954 2869 1071 2936 civitate
1091 2872 1243 2932 fateamini
1262 2895 1327 2946 esse

216 2963 477 3038 vecordissimam,
505 2971 535 3022 et
554 2963 729 3022 'temeritatis
758 2973 845 3042 atque
871 2964 1060 3042 impudentiis
1084 2965 1329 3031 refertissimnmi

217 3058 373 3118 Neminem
386 3054 513 3130 vestrum
533 3054 579 3114 vel
593 3074 645 3134 per
658 3074 784 3132 errorem
798 3055 888 3116 aliurn
909 3055 971 3115 scio
984 3055 1142 3135 dicturum,
1157 3078 1247 3134 quam
1258 3060 1326 3119 P-hi·

214 3151 366 3210 locratem.
401 3150 496 3215 Quem
511 3155 611 3205 autem
632 3147 759 3206 omniurn
779 3147 1035 3221 elammimimnm,
1054 3159 1086 3208 et
1107 3149 1247 3228 quaelibet
1267 3153 1328 3218 clu-¹

215 3243 331 3302 rissima
349 3240 421 3301 voe'e
441 3239 704 3320 pronunciantem?
725 3240 898 3300 AEschinem
925 3240 1070 3316 nimirum.
1106 3242 1203 3310 Quem
1227 3255 1327 3304 autem

216 3331 268 3392 isti
278 3353 377 3392 carere
390 3333 524 3405 audacie,
540 3345 570 3392 et
580 3332 714 3392 timidum
727 3353 793 3392 esse
804 3333 843 3392 ad
855 3333 956 3392 turbas
965 3332 1089 3405 dicunt,
1094 3353 1151 3413 ego
1165 3344 1267 3394 autem
1277 3357 1326 3397 ve·

216 3423 399 3487 recunduml
421 3427 482 3486 Me
505 3426 610 3504 Neque
622 3427 702 3485 enim
716 3445 845 3504 unquam
858 3425 941 3489 vobis
956 3425 1095 3486 molestus
1108 3426 1162 3496 fui,
1177 3436 1232 3487 aut
1244 3429 1328 3508 coegi

216 3519 333 3580 invitos.
345 3519 455 3598 Atqui
448 3520 617 3578 rnomnibus
628 3517 949 3596 ooneionibus,qu0ties
961 3517 998 3578 de
1005 3517 1051 3576 hrs
1056 3519 1167 3581 mentre
1179 3520 1263 3580 facta
1271 3531 1328 3592 est,

216 3625 247 3672 et
261 3607 449 3673 accusantem
462 3631 509 3670 me
523 3611 658 3682 audistis,
670 3622 702 3672 et
715 3631 830 3690 semper
843 3611 916 3670 istos
931 3610 1168 3716 redarguentem,
1182 3623 1214 3672 et
1226 3603 1329 3694 palam

102 3735 114 3754 κ
217 3693 380 3779 dicentem,
401 3724 453 3764 eos
475 3705 627 3784 accepisse
650 3704 814 3784 pecuniam,
837 3712 867 3762 et
893 3703 990 3762 omnia
1012 3703 1202 3766 vendidisse
1205 3707 1329 3784 negotia

216 3800 353 3860 civitatis.
379 3799 455 3867 Quae
476 3797 524 3855 isti
538 3815 604 3856 cum
618 3797 763 3869 audirent,
776 3815 863 3876 nemo
877 3815 1005 3875 unquam
1016 3815 1123 3866 eorum
1135 3797 1190 3858 ivit
1202 3796 1325 3873 inficias,

216 3911 276 3951 aon
290 3891 324 3952 os
338 3891 461 3972 aperuit,
474 3909 534 3949 non
548 3907 581 3949 se
599 3889 734 3948 ostendit.
766 3890 864 3954 Quse'
856 3889 945 3967 igitur
963 3897 1124 3960 causaest,
1145 3898 1179 3954 ut
1193 3893 1327 3956 omnium

216 3983 423 4044 vaecordissimi
440 3982 471 4042 in
486 3981 613 4052 civitate,
629 3989 660 4040 et
678 3999 751 4040 voce
765 3978 945 4058 amplissima
957 3979 1082 4058 praediti,
1097 4000 1116 4042 a
1133 4000 1182 4040 me
1196 3983 1324 4044 omnium

216 4072 410 4146 timidissimo,
431 4084 462 4136 et
480 4074 595 4136 nemine
616 4072 720 4133 clarius
740 4072 887 4151 loquente,
902 4073 1226 4152 tantumsuperenturl
1249 4074 1323 4143 Quia

217 4165 322 4226 veritas
336 4177 380 4226 est
392 4176 507 4246 potens,
522 4166 698 4242 contrarium
710 4164 867 4225 infirmum.
899 4163 1091 4226 Conscientia
1109 4165 1319 4244 proditionum,

217 4256 301 4337 eripit
320 4258 362 4317 eis
382 4258 546 4337 audaciam,
560 4279 597 4319 ea
613 4259 746 4338 linguam
767 4251 905 4337 reprimit,
921 4258 1038 4317 obturat
1056 4277 1101 4330 os,
1121 4259 1217 4337 angit,
1236 4257 1321 4330 silen-

216 4350 288 4409 tium
301 4349 434 4427 imponit.
466 4343 661 4412 Postremum
670 4360 768 4414 autem
790 4349 864 4410 illud
877 4349 1010 4428 profecto
1028 4348 1133 4418 nostis,
1156 4369 1236 4422 eum,
1255 4370 1330 4424 eum„

217 4429 316 4526 nuper*
324 4441 456 4520 legatum
472 4436 512 4502 ire
525 4463 585 4502 uon
600 4443 742 4517 sineretis,
760 4442 938 4515 clamitasse,
953 4441 1078 4515 diemse
1092 4440 1162 4502 mihi
1176 4441 1325 4510 dicturum
