2920 4950
443 352 445 357 Ι
476 256 748 326 otuNTfflAcs
770 244 798 316 1'1
820 253 902 336 (nrt
1204 261 1243 318 ss
1366 301 1369 307 .

138 408 192 472 hoe
205 428 262 490 ego
276 408 350 470 seio.
392 409 469 470 Nam
479 431 574 490 neque
583 413 614 474 in
623 411 788 492 praeliorum
798 413 964 490 discrimine
974 432 1077 476 eorum¹
1086 413 1135 491 qni
1156 412 1241 491 ruge-

137 511 203 562 runt
212 503 338 582 quisque
346 503 532 584 semetipsum
545 505 672 578 incusat,
687 505 741 566 sed
755 505 872 578 ducem,
885 503 1109 578 commilitones,
1122 503 1242 586 quosvis

135 593 261 674 denique
280 595 389 676 potius,
410 595 479 656 victi
496 606 566 656 sunt
579 607 677 658 tamen
691 607 809 678 propter
820 598 1001 678 singulorum
1019 597 1106 660 simul
1117 593 1243 656 militurn
1263 679 1265 684 Ι

12 697 13 700 ’
135 687 236 766 fugam
247 687 380 748 seilicet:
401 708 520 750 manere
532 689 640 768 quippe
654 691 806 768 poteratis
818 691 868 768 qui
883 690 955 754 elios
970 700 1102 764 accuset,
1121 685 1243 768 quodsi

12 823 13 868 ss
132 779 190 844 hoc
204 778 340 857 facerent
353 779 472 860 singuli,
485 779 633 842 vicissent.
661 781 711 844 Itu
717 801 797 843 nuno
806 801 866 844 non
877 781 986 845 suadet
992 782 1098 862 aliquis
1109 778 1242 862 optima?

12 945 13 950 γ
134 881 238 952 surgat
251 870 328 932 alins
341 882 373 933 et
385 872 560 934 sententiam
569 873 660 948 dieat,
675 873 824 939 nonillum
844 874 1040 956 criminetur„
1062 873 1146 934 Alius
1162 872 1244 951 qnis-
1358 953 1360 961 J

133 963 213 1046 piam
227 964 352 1026 meliora
368 964 456 1026 diciti
476 984 512 1028 ea
531 966 628 1040 facite
642 965 699 1051 diis
718 967 959 1047 approbantibus.
999 967 1041 1030 At
1056 985 1093 1026 ea
1106 962 1245 1045 jucunda

12 1101 13 1108 ι
133 1075 194 1118 nnn
206 1055 298 1118 sunt?
318 1057 402 1118 nulla
420 1057 486 1120 haec
500 1055 624 1120 dicentis
635 1058 737 1138 eulpa
756 1068 811 1132 est,
832 1059 975 1124 nisieum
986 1069 1057 1122 vota
1079 1067 1178 1120 essent
1198 1057 1243 1120 far

134 1149 241 1210 menda
254 1169 316 1210 non
330 1149 441 1230 feeerit.
472 1149 552 1235 Vota
564 1149 683 1229 quidem
689 1151 798 1226 faeere,
811 1151 946 1236 inunum
959 1152 1066 1226 omnia,
1076 1170 1144 1229 qum
1157 1159 1244 1230 optu-

132 1240 171 1302 rit
192 1242 310 1324 aliquis,
328 1243 410 1304 brevi
433 1243 632 1324 colligentem,
651 1244 738 1306 facile
758 1254 814 1318 est,
827 1246 1043 1310 Athenienses:
1065 1255 1097 1306 at
1114 1245 1242 1322 optimum

134 1337 298 1396 seutentiam
309 1335 430 1415 eligere,
443 1355 511 1398 oum
524 1337 562 1398 de
576 1336 702 1416 negotiis
716 1337 896 1413 consultatio
908 1338 1077 1412 instituitur,
1088 1355 1147 1398 non
1156 1355 1240 1416 seque

135 1438 305 1510 promptum
317 1437 372 1504 est,
392 1428 447 1490 sed
462 1429 616 1504 utilissime
623 1428 857 1510 jucundissimis,
875 1432 1037 1510 sinusque
1057 1430 1174 1492 altisteri
1188 1449 1242 1493 ne·

136 1531 259 1604 queunt,
272 1530 344 1582 sunt
357 1521 548 1600 preferenda.

176 1615 206 1672 7.
228 1613 271 1674 At
282 1613 307 1674 si
317 1614 386 1694 quis
396 1613 570 1676 theatralem
581 1614 738 1694 pecuniam
749 1613 836 1678 nobis
845 1613 1010 1694 relinquere
1016 1615 1112 1696 pessit
1124 1623 1155 1678 et
1167 1614 1242 1676 alios

137 1714 274 1785 sumptus
288 1705 445 1773 ostendere
458 1705 606 1784 militares,
618 1725 716 1768 nonne
729 1707 755 1770 is
770 1707 887 1788 potiori
906 1707 1012 1772 dixerit
1030 1703 1148 1788 aliquis.¹
1183 1707 1243 1770 As·

137 1798 247 1860 sentior
259 1797 408 1878 equidem,
418 1798 444 1876 si
456 1799 524 1879 quis
537 1800 576 1860 sit
586 1799 633 1878 psi
642 1800 811 1883 tossecertt,
828 1800 1025 1878 Athenienses
1036 1821 1045 1877 ς
1070 1800 1125 1862 sed
1144 1799 1244 1874 miror,

136 1911 173 1955 an
185 1892 325 1972 cuiqnam
337 1891 521 1970 heehomini
537 1901 588 1954 aut
602 1893 729 1954 evenerit
737 1902 790 1968 sut
802 1883 974 1970 eventurum
984 1895 1033 1970 sit,
1043 1913 1112 1973 eum
1125 1911 1163 1964 ea
1174 1911 1243 1972 qun

135 1983 224 2046 habet
237 1984 269 2043 in
279 1985 327 2045 res
343 2003 575 2064 supervacaneas
588 1985 787 2065 insumpserit,
798 1995 833 2047 ut
844 1986 879 2050 iis
893 2007 960 2065 quas
976 2005 1036 2046 non
1046 1987 1136 2048 habet
1144 1983 1183 2046 ad
1196 2003 1244 2050 res

136 2077 319 2140 necessarias
327 2077 467 2138 abundet.
510 2077 569 2142 Sed
578 2097 728 2158 magnum
737 2078 850 2158 opinor,
860 2078 1023 2140 istiusmodi
1030 2075 1190 2142 rationibus
1199 2077 1243 2140 al-

136 2172 192 2234 fert
204 2181 387 2232 momentum
400 2172 517 2252 propria
529 2173 674 2250 cujusque
687 2172 834 2246 voluntas,
856 2173 936 2234 unde
957 2172 1087 2234 omnium
1101 2181 1147 2232 est
1160 2169 1244 2240 facil

138 2264 240 2326 limum
254 2263 385 2342 seipsum
398 2262 552 2343 decipere:
573 2263 654 2342 quod
667 2263 745 2326 enirn
756 2263 882 2344 quisque
894 2265 970 2336 vult,
983 2264 1016 2325 id
1028 2264 1117 2328 ειιιιιι
1127 2263 1244 2382 sibiliu-

138 2359 189 2438 git,
202 2377 300 2420 rerum
315 2366 415 2418 autern
427 2366 534 2420 natura
547 2377 747 2438 saepennnrsro
761 2359 820 2422 alia
834 2369 889 2422 est.

175 2454 205 2511 8.
227 2451 386 2530 Istargrtur
395 2451 642 2522 rteconsrderate
651 2451 861 2526 Athenienses,
870 2461 904 2511 nt
915 2459 947 2513 et
955 2470 1002 2512 res
1004 2449 1169 2530 patiuntur
1178 2457 1243 2509 tum
1336 2505 1338 2510 ,

137 2543 302 2616 etmilitsre
314 2541 487 2622 poteritiset
497 2541 682 2622 ,stipendium
690 2541 849 2616 habebitis.
885 2543 954 2606 Non
969 2563 1041 2618 sane
1055 2541 1243 2622 prurientium

138 2655 234 2718 neque
245 2653 454 2715 generosorum
462 2633 614 2695 hominum
622 2645 679 2706 est,
687 2627 803 2696 omissis
811 2635 850 2694 ob
857 2636 991 2715 pecuniae
997 2635 1129 2714 inopiam
1138 2634 1244 2696 milite·

137 2729 220 2806 ribus
227 2725 511 2806 officiishujusmodi
519 2725 669 2789 dedecore
678 2725 763 2786 facile
771 2727 954 2806 perpeti,aut
964 2737 1067 2788 eontra
1075 2727 1242 2805 Corinthios

138 2821 262 2902 quidem
276 2829 309 2882 et
323 2819 518 2898 Megarenses
539 2819 661 2900 arreptis
684 2819 771 2882 urnis
784 2819 941 2899 proficisci,
961 2820 1129 2902 Philippum
1144 2831 1243 2884 autem

139 2914 264 2978 Graenioe
278 2912 411 2974 nvitues
426 2910 485 2990 pau·
508 2911 539 2972 in
556 2911 724 2975 servitutem
742 2912 875 2993 redigere
890 2922 1007 2993 propter
1019 2912 1148 2992 inopiam
1160 2933 1241 2976 com·

138 3017 252 3072 messus
273 3025 334 3086 quo
356 3005 502 3068 exereitus
520 3014 711 3066 sustentetur.
752 3005 851 3084 Atque
868 3005 936 3066 hese
948 3025 1008 3068 non
1020 3016 1131 3069 temere
1143 3007 1243 3069 dicere

137 3100 259 3175 iustiori,
282 3109 316 3160 nt
335 3097 522 3178 quorundam
535 3117 553 3160 e
567 3099 653 3162 nobis
668 3097 771 3162 odium
790 3099 965 3178 suscipiens
987 3098 1181 3177 nequeenim
1200 3099 1243 3160 ita

139 3194 261 3258 demens
275 3199 330 3252 aut
341 3191 446 3269 ingenii
457 3189 558 3252 infelix
569 3210 627 3270 ego
638 3210 714 3264 sum,
722 3199 756 3254 ut
765 3209 833 3253 num
842 3191 925 3252 nulle
943 3209 995 3270 spe
1009 3190 1112 3268 publici
1131 3190 1243 3254 tructus

137 3285 206 3348 mihi
220 3285 321 3346 odium
337 3302 487 3362 qumans:
511 3282 566 3346 red
584 3273 744 3353 bonisivis
764 3303 832 3346 esse
844 3285 923 3346 duno
936 3281 1103 3363 reipublicae
1117 3285 1244 3346 sslutem

141 3377 284 3440 orationis
297 3376 399 3458 gratie
406 3384 595 3456 anteponere.
637 3375 717 3438 Nem
726 3374 779 3455 qui
792 3375 936 3456 usnjornm
949 3383 1116 3438 nostrerum
1131 3385 1244 3456 tempn-
1318 3435 1320 3440 ,

137 3473 215 3534 ribus
225 3470 334 3548 publice
345 3467 562 3542 dicetensem
577 3468 676 3542 aridio,
690 3467 939 3548 quemndmodntn
952 3468 1075 3534 fortasse
1090 3468 1244 3530 roseriam

137 3563 290 3644 oeceputis,
305 3581 439 3641 quosque
453 3561 541 3622 suam
553 3560 718 3640 omnesqui
731 3580 802 3620 susc
814 3561 1097 3630 oonaioneshabent
1109 3561 1244 3635 laudare,

138 3677 242 3738 parum
255 3675 326 3732 rere
341 3655 446 3718 imtari
467 3654 572 3727 solen-t,
586 3656 643 3718 heo
662 3654 777 3718 ratione
790 3665 822 3718 et
837 3653 893 3716 hoc
907 3654 1039 3727 insumus
1051 3655 1082 3726 ln.
1096 3654 1248 3732 republica,

138 3751 270 3834 gerenda
281 3749 326 3810 uti
340 3749 454 3822 solitos,
473 3747 632 3810 Aristidem
643 3748 738 3824 illum,
753 3749 877 3823 Niciam,
892 3767 959 3812 eunt
972 3749 1023 3826 qru'
1034 3747 1113 3814 idem
1128 3766 1245 3820 meeum

138 3863 249 3908 nomen
260 3841 374 3914 habuit,
388 3850 416 3900 et
429 3840 582 3904 Periclem.
624 3841 669 3904 Ex
682 3861 740 3921 quo
753 3851 850 3905 autern
861 3839 956 3904 exorti
971 3851 1041 3900 sunt
1050 3839 1113 3900 soei
1121 3838 1170 3912 isti
1176 3859 1243 3904 ors

137 3945 216 3998 tores
232 3933 346 4015 quivos
346 3933 441 4013 ,quid
451 3933 575 4015 cupiunt
586 3933 812 4012 quidsoribnrni
823 3953 887 4013 que
900 3933 1006 3998 vobis
997 3952 1029 3992 ιιι
1042 3945 1074 3994 re
1088 3933 1250 4011 grahfiosri

125 4025 272 4108 ,possiunt
299 4025 492 4120 interrogant,
517 4026 669 4106 preasentu
695 4025 798 4106 gratie
824 4045 908 4086 cessa
932 4021 1098 4102 reipublice
1122 4027 1241 4106 negetis

141 4121 220 4199 qussi
231 4115 387 4199 propinata
396 4127 516 4196 pereant
527 4129 558 4182 et
571 4117 642 4180 talia
656 4119 804 4193 eveniunt,
824 4117 924 4197 itaque
937 4116 1060 4178 istorum
1076 4135 1122 4191 res
1138 4138 1242 4182 omnes

138 4211 281 4294 preclare
294 4231 326 4274 se
337 4212 457 4282 habent,
470 4221 574 4274 vestre
588 4211 721 4292 turpiter.

179 4303 323 4384 &Atqui
334 4303 527 4377 considerate,
541 4303 747 4377 Athenienses,
751 4321 829 4408 'ques
844 4302 941 4382 sepita
953 4312 1050 4364 rerum
1068 4279 1100 4362 et
1117 4304 1241 4384 amajo·

137 4399 214 4458 ribus
229 4397 334 4462 vestm
348 4407 379 4458 et
389 4415 410 4458 a
424 4397 506 4458 vebis
518 4405 668 4477 gestarum
681 4396 775 4474 quiris
790 4413 1019 4462 commemorare
1037 4393 1141 4475 possit
1171 4394 1242 4456 Bre-

683 4509 700 4547 p
