2920 4950
225 265 263 326 ιι
318 241 347 298 '1
445 303 449 316 .
488 264 741 336 ⁴omninno
767 228 1057 332 onansounso.

223 421 295 484 inde
306 421 525 500 quemcduodam
535 442 588 484 vos
601 441 681 498 eum,
695 421 818 486 subinde
830 425 881 504 qui
894 433 1068 514 suggestum
1083 423 1265 499 conscendit,
1278 445 1337 487 ro:

223 517 316 596 gitare
331 517 440 597 soletis,
454 516 524 596 quid
538 517 625 597 igitur
646 519 814 583 faciendum
835 519 902 580 esti
922 521 962 578 rie
979 540 1036 600 ego
1054 525 1111 581 vos
1128 519 1326 600 interrogabo,
1355 527 1357 536 ’

223 610 294 690 quid
307 609 395 689 igitur
418 620 464 670 cst
485 609 663 670 dicendum?
684 631 751 672 nam
774 612 799 672 ei
812 631 865 672 vos
886 631 982 691 neque
1002 611 1142 692 tributum
1163 613 1328 685 conferetis,

223 723 321 783 neque
333 703 389 783 ipsi
399 703 569 775 militabitis,
580 723 675 784 neque
686 705 811 785 publicae
820 705 954 786 pecuniae
962 706 1099 786 parcetis,
1109 725 1205 784 neque
1218 708 1328 766 consti-

224 808 319 860 tutam
335 797 467 879 Diopithi
477 798 631 878 pecuniam
645 799 845 870 numerabitis,
858 819 914 860 nec
926 819 993 878 quse
1007 801 1069 879 ipse
1080 799 1136 860 sibi
1153 800 1330 880 compararit

136 916 140 926 ι
225 890 404 972 relinquetis,
417 911 512 971 neque
533 901 662 954 vestrum
674 893 824 973 negotium
839 912 927 974 agere
940 893 1054 966 voletis,
1071 912 1132 953 non
1146 892 1243 954 habeo
1257 895 1328 973 qnid

227 985 334 1048 dicam.
377 984 455 1044 Nam
465 983 490 1043 si
498 983 562 1064 jam
572 994 683 1044 tantam
694 983 845 1048 licentiam
853 984 1000 1046 criminari
1010 985 1218 1046 etcalumniari
1227 985 1331 1045 volen-

177 1094 180 1104 ³
227 1079 306 1138 tibus
321 1078 405 1152 datis,
426 1089 461 1137 ut
479 1076 535 1138 illis
549 1097 666 1159 quoquc
680 1077 718 1138 de
738 1079 824 1138 rebus
838 1097 911 1156 quas
926 1086 1058 1138 acturum
1080 1096 1147 1137 cum
1161 1097 1225 1138 esse
1238 1077 1333 1150 aiunt,
1404 1153 1411 1172 ἱ

230 1181 387 1249 antequam
401 1169 482 1242 fiant,
497 1180 669 1229 accusantes
684 1168 820 1238 audiatis,
833 1168 904 1248 quid
919 1168 1024 1248 aliquis
1038 1167 1138 1228 dicati
1215 1202 1218 1210 ·

269 1269 298 1325 7.
320 1260 401 1332 Quid
414 1284 484 1324 vero
497 1263 543 1324 his
556 1263 644 1324 iebus
653 1263 830 1343 proficiatur,
840 1271 970 1322 veebum
981 1263 1156 1340 quibusdam
1166 1273 1332 1344 estcogno·

231 1361 384 1422 scendum.
426 1359 532 1420 Dicam
553 1362 652 1418 autem
671 1357 777 1426 libere3
793 1358 941 1418 necenim
961 1375 1083 1436 possum
1104 1358 1195 1418 aliter.
1237 1361 1332 1428 Quot·

232 1463 304 1532 quot
317 1452 407 1513 vestri
421 1452 512 1513 duces
531 1460 660 1512 evestro
679 1459 763 1530 portu
782 1469 912 1528 unquam
930 1449 1090 1523 solverunt,
1104 1449 1135 1508 hi
1157 1469 1269 1523 omnes,
1283 1463 1335 1513 aut

230 1567 287 1626 ego
300 1565 347 1606 me
358 1543 615 1627 quoviseupplicio
628 1543 749 1623 dignum
763 1544 887 1616 fatebor,
900 1554 931 1604 et
944 1563 963 1602 a
975 1542 1057 1603 Chiis
1077 1551 1107 1603 ct
1120 1539 1157 1604 ab
1172 1543 1332 1624 Erythraeis

232 1734 390 1812 accipiunt.
431 1732 588 1810 Accipiunt
601 1729 1272 1811 cutemquinauesbabentsingnlasautbinas
1282 1733 1335 1790 mi-

232 1846 343 1899 norem,
357 1825 514 1906 majoribus
527 1824 661 1886 instructi
675 1824 766 1903 copiis
776 1823 925 1900 majorem.
956 1823 1157 1898 Dantautem,
1168 1825 1336 1905 quicunqne

233 1918 316 1992 daut,
330 1921 430 1998 neque
439 1936 541 1998 parum
555 1937 650 1997 neque
664 1916 787 1981 multum
801 1916 986 1996 gestirem
1000 1916 1076 1974 enirn
1092 1916 1134 1975 ita
1146 1916 1335 1978 insaniunt-

234 2011 288 2071 sed
302 2009 376 2076 illud
390 2011 441 2070 lac
451 2012 565 2088 pecunia
577 2010 734 2082 redimunt,
745 2020 779 2070 ut
791 2029 829 2070 ne
837 2019 1011 2072 mercatores
1026 2010 1072 2068 sui
1085 2009 1195 2088 injuriis
1206 2011 1336 2078 affician-

232 2113 291 2176 tur,
305 2123 343 2164 ue
358 2102 529 2184 spolientur,
542 2096 702 2164 incclumes
717 2121 779 2161 suoe
795 2121 885 2162 nares
898 2101 1092 2174 deducantur,
1105 2110 1135 2160 et
1148 2101 1274 2162 similia:
1295 2103 1335 2162 ai·
1436 2171 1437 2176 η

232 2206 288 2257 unt
300 2206 397 2257 autem
414 2216 446 2258 se
458 2197 671 2258 benevolentiae
683 2197 777 2256 causa'
787 2196 868 2268 da're,
881 2195 968 2273 idque
978 2214 1085 2255 nornen
1098 2195 1267 2274 hujusmodi
1280 2197 1335 2257 lare

230 2289 400 2395 gitionibus
406 2289 656 2352 accommodatur.
697 2289 765 2348 ,lam
778 2288 866 2367 igitur
879 2289 966 2348 etiarn
977 2287 1106 2366 Diopithi
1115 2290 1275 2350 exercitmn
1285 2291 1336 2350 hai

233 2381 318 2442 beuti
331 2382 450 2450 minime
472 2382 595 2443 dubium
612 2392 668 2453 est,
683 2381 769 2461 quin
776 2380 825 2440 isti
845 2397 947 2440 omnes
968 2379 1121 2458 pecuniam
1142 2380 1239 2440 daturi
1262 2383 1336 2442 sinte·

236 2494 305 2534 nam
319 2475 399 2534 unde
413 2473 485 2534 alias
500 2493 566 2533 eum
569 2475 639 2552 ,qui
652 2493 708 2534 neo
727 2473 839 2533 avobis
853 2472 1009 2552 quicquam
1023 2471 1130 2552 accipit
1143 2491 1199 2532 nec
1210 2474 1275 2553 ipsc
1286 2475 1337 2534 hae

190 2557 195 2574 ¹
237 2565 543 2646 batundestipendia
557 2566 661 2636 solvat,
676 2564 783 2626 milites
807 2565 884 2626 alere
904 2564 1034 2646 putatisi
1055 2564 1092 2623 de
1104 2564 1201 2624 ccolol
1221 2567 1337 2627 minime
1436 2637 1437 2644 q

238 2659 270 2720 id
283 2657 420 2737 quidem.
442 2658 496 2718 sed
510 2658 556 2717 his
577 2657 776 2737 proventibus,
789 2676 864 2763 quos
887 2665 1048 2736 congregat
1069 2665 1100 2716 et
1124 2656 1340 2718 emendicaret
1436 2707 1437 2710 ,

239 2760 402 2824 mutuatur,
412 2769 464 2811 eos
479 2759 636 2812 sustentat:
678 2751 776 2816 Quare
792 2749 919 2828 quicum
933 2748 1011 2828 apud
1024 2767 1076 2808 vos
1089 2747 1258 2822 traducunt,
1272 2751 1338 2810 nihil

240 2842 320 2903 aliud
334 2851 436 2923 agunt,
450 2843 507 2903 nisi
528 2842 607 2923 quod
619 2843 757 2912 omnibns
768 2842 952 2914 denuntiant,
967 2862 1004 2901 ne
1019 2841 1089 2920 quid
1102 2842 1129 2901 ei
1144 2842 1225 2916 dent,
1246 2845 1338 2922 utqui

239 2954 339 3017 poenas
353 2936 475 2996 daturus
489 2935 537 3009 sit,
547 2955 606 2994 non
620 2953 720 2998 eorum
729 2935 818 3012 modo
830 2935 989 2995 facinorum
994 2953 1136 3014 ,qnorum
1155 2935 1218 3015 ipsa
1232 2938 1280 2997 vel
1291 2957 1340 2998 aue

213 3017 216 3020 ¹
239 3037 304 3088 otor
313 3028 360 3088 vel
369 3027 485 3108 adjutor
494 3028 646 3110 exstiterit,
655 3027 816 3090 tedhorurn
831 3027 918 3086 etiam
928 3047 994 3153 qupe
1008 3023 1146 3087 facturus
1152 3028 1250 3088 fuerit.
1272 3019 1340 3090 Hac

240 3121 390 3202 pertinent
402 3121 449 3182 isti
463 3140 620 3190 sermones,
634 3126 658 3164 4(
665 3119 850 3180 obsidionem
862 3119 992 3198 parat,’‘'
996 3117 1136 3180 Graecos
1144 3120 1280 3182 hostibus
1290 3123 1339 3182 ob

238 3213 341 3292 jicit:'’
362 3215 496 3274 maxima
511 3214 622 3276 scilicet
634 3213 680 3274 his
691 3211 858 3300 bominibus
880 3229 959 3272 curte
975 3220 1045 3272 sunt
1063 3212 1167 3271 Asiam
1181 3213 1339 3275 incolentes
1436 3205 1437 3212 ἵ

244 3308 353 3381 Greci,
368 3309 476 3386 quod
451 3329 475 3368 ιι
491 3310 534 3368 ita
546 3310 593 3382 rit,
609 3306 703 3388 major
715 3314 793 3367 certe
808 3294 899 3366 virtus
920 3323 1021 3366 corum
1039 3314 1121 3364 esset
1134 3303 1172 3366 ad
1186 3309 1338 3368 consulen-

237 3394 314 3464 'dum
329 3400 395 3462 aliis
408 3407 498 3481 quarn
512 3403 551 3462 ad
564 3401 688 3482 patriam
702 3399 931 3471 defendendam,
945 3407 1035 3478 atque
1048 3397 1107 3457 huc
1120 3399 1209 3456 eticm'
1219 3401 1339 3478 pertinet

242 3494 326 3566 iilud,
341 3503 466 3571 oportere
485 3495 573 3554 alium
593 3495 795 3574 imperatorem
809 3492 891 3553 mitti.
905 3493 935 3552 in
949 3491 1184 3571 Hellespontum.
1226 3492 1302 3552 Nam
1316 3491 1338 3550 si

242 3587 320 3648 male
334 3607 367 3648 se
380 3588 455 3666 gerit
467 3585 624 3666 Diopitbes
638 3596 668 3647 et
677 3591 770 3647 naves
779 3585 936 3664 intercipit,
945 3602 1046 3664 parua,
1058 3583 1265 3657 Athenienses,
1277 3603 1339 3664 par·

245 3701 283 3742 va
295 3679 416 3751 tabella,
424 3678 491 3740 haec
503 3679 602 3738 omnia
610 3679 762 3758 prohibere
772 3679 879 3751 valeat,
890 3677 1029 3756 legesque
1035 3676 1140 3756 jubent
1147 3677 1222 3748 haec,
1231 3694 1339 3754 nempe,

245 3793 295 3834 eos
313 3775 367 3854 qui·
383 3765 559 3851 delinquunt
575 3771 692 3851 publico
715 3771 857 3842 accusari,
870 3769 961 3830 tantis
979 3789 1046 3829 vero
1068 3769 1230 3848 sumptibus
1244 3778 1343 3848 totque

245 3869 408 3928 triremibus
422 3865 596 3928 custodiris
618 3865 703 3926 nobis
722 3883 917 3948 nequaquam,
936 3881 1004 3920 nam
1017 3861 1184 3939 ecquidem
1204 3869 1340 3920 essetex·

245 3968 339 4020 trema
352 3961 482 4022 icamia.
504 3967 607 4019 contra
617 3958 718 4018 hostes
727 3954 914 4034 qmdem,qur
923 3953 1038 4031 legibus
1050 3971 1177 4012 coerceri
1187 3961 1339 4033 nequeunt,
1436 3959 1437 3964 ’

213 4043 214 4046 “
246 4052 353 4112 milites
366 4053 454 4124 alere,
467 4053 599 4112 triremes
612 4052 736 4121 mittere,
749 4047 904 4128 pecuniam
916 4047 1048 4106 conferre
1062 4054 1204 4124 oportet
1188 4055 1340 4104 etnecerse
1436 4117 1437 4130 χ

245 4155 303 4215 est,
322 4156 353 4204 at
375 4156 477 4204 contra
498 4145 576 4204 ciros
598 4154 713 4203 nostros
727 4142 889 4213 decretum,
901 4139 1021 4218 publica
1037 4138 1202 4207 accusatio,
1217 4135 1341 4205 Parcius,
1436 4146 1437 4226 ι

212 4253 218 4275 “
246 4241 312 4300 haec
335 4237 489 4298 sufficiunt
531 4239 607 4298 Haec
629 4235 816 4316 prudentium
836 4235 962 4296 virorum
987 4238 1176 4309 essentque
1191 4224 1342 4290 autemisti

131 4373 140 4380 -
246 4343 349 4414 agunt,
363 4331 517 4390 hominum
528 4331 689 4390 molestiam
703 4329 789 4388 rebus
800 4340 831 4388 et
843 4325 999 4406 perniciem
1013 4321 1208 4393 metentium

286 4428 315 4488 8
336 4419 401 4486 dc
395 4433 516 4484 istorum
527 4423 645 4502 quidem
659 4419 813 4524 nonnullos
825 4438 892 4482 esse
906 4419 993 4500 tales,
1006 4436 1175 4498 quanquam
1192 4411 1339 4480 serenum
