2886 4946
230 313 305 370 128Δ
515 261 681 370 ¹ORATIO
709 310 763 370 DE
785 310 1016 372 CLASSIBUS.

227 465 307 523 sibus
319 463 514 535 attribuenda,
529 485 569 534 eo,
578 475 666 544 pacto
683 439 790 526 classes
805 465 926 546 singulae
941 465 1062 546 singulis
1076 464 1213 544 quinariis
1233 484 1322 525 sexa*
1337 503 1345 515 .

228 575 305 635 gena
317 555 427 616 talenta
446 557 585 618 reddant:
607 569 643 619 ut·
659 559 908 638 cum-respublica
923 569 1040 618 centurn
1059 557 1221 634 triremibus
1244 575 1318 637 opus
1342 601 1345 606 ·

227 649 343 720 habeat,
363 651 517 728 pecuniam
537 671 553 710 e
571 670 663 710 censu
682 671 735 730 per
755 653 885 730 sexagies
898 651 1043 711 talenthm‘
1054 650 1146 709 diviso
1159 649 1319 709 Trierarchi

226 741 380 800 duodecim
400 743 535 802 tribuant
571 741 602 802 Si
622 743 755 805 ducentis
769 743 898 822 indigeat
913 763 966 821 per
980 743 1081 803 tricies
1099 742 1242 801 talentum
1264 761 1322 802 sex·

223 833 400 896 ,Trierarchi
443 835 474 894 Si
488 825 611 914 deniqne
624 838 843 915 trecentis,·per
862 835 950 894 vicies
967 837 1118 906 duntaxat,
1142 832 1319 893 Trierar'chis

226 934 351 1005 quatuor
366 945 440 985 onus
458 925 536 986 idem
550 927 732 986 subeundum
757 927 803 986 sit.
845 927 955 986 Eodem
977 946 1094 1005 quoque
1112 925 1209 996 modo,
1226 925 1319 985 Athe-

226 1018 550 1089 niensesrarmamentis
565 1019 650 1078 etiam
660 1039 730 1098 quae
744 1037 823 1078 nunc
837 1019 875 1077 ad
890 1018 1018 1076 triremes
1034 1017 1176 1076 debentur
1190 1017 1318 1076 aestima—

226 1110 273 1180 tis,
284 1129 321 1168 ex
334 1111 441 1170 tabulis
457 1111 554 1170 omnia
561 1110 693 1170 distribui
702 1112 792 1186 jubeo
806 1111 835 1169 iu
852 1108 949 1186 viginti
964 1118 1069 1186 partes.
1092 1107 1208 1166 Deinde
1218 1109 1324 1187 singu·

226 1201 262 1261 lis
283 1202 397 1281 magnis
417 1203 557 1262 classibus
572 1221 659 1262 unam
675 1203 761 1262 tribui
774 1197 895 1278 parram,
915 1199 1072 1278 unicuique
1090 1209 1205 1278 aptam·;
1231 1221 1322 1278 qnam·

227 1293 332 1353 deinde
347 1294 471 1372 singulae
484 1296 591 1354 classes
606 1294 729 1372 singulis
744 1291 805 1349 suis
821 1291 950 1368 partibus
964 1310 1002 1348 ex
1016 1291 1250 1368 aequodividant
1260 1313 1268 1351 :
1277 1349 1280 1353 ,
1290 1303 1321 1352 et

228 1386 356 1446 duodeni
369 1387 412 1445 illi
425 1387 455 1446 in
471 1387 591 1466 singulis
603 1385 730 1464 partibus
745 1403 781 1441 ea
795 1383 925 1460 exigant,
939 1374 970 1440 et
983 1375 1175 1462 quas-singuli
1189 1385 1319 1445 triremes

225 1476 447 1549 soniriruerint,
459 1497 510 1536 eas
524 1478 680 1534 instructas
694 1470 860 1533 exhibeant.
890 1472 1046 1552 Sumptum
1058 1474 1155 1551 igitur,
1168 1485 1200 1534 et
1218 1497 1323 1550 naves*

226 1580 256 1631 et
267 1568 448 1640 trierarchos,
463 1577 493 1626 et
506 1567 750 1626 armamentorum
764 1567 955 1639 exactionem,
975 1566 1017 1625 sic
1029 1561 1137 1646 optime
1154 1588 1241 1646 posse
1255 1591 1321 1631 cen·
1371 1567 1379 1586 ⁸

225 1681 276 1726 seo
289 1670 320 1732 et
328 1659 488 1738 comparari
498 1667 528 1718 et
540 1660 682 1739 apparari.
704 1659 793 1718 Unde
807 1667 903 1718 autern
911 1657 958 1716 hae
972 1667 1003 1717 et
1012 1668 1093 1719 certo
1103 1659 1228 1720 etfacile
1240 1667 1322 1722 com·

225 1753 299 1834 pleri
307 1752 429 1832 possint,
442 1750 580 1830 deinceps
594 1751 699 1810 dicam.
717 1795 720 1801 Δ

266 1851 295 1905 7.
318 1846 433 1905 Censeo
448 1864 466 1905 a
479 1844 603 1904 ducibus
616 1845 760 1905 navalium
775 1846 876 1906 decem
888 1847 955 1906 loca
967 1865 1032 1908 esse
1050 1847 1216 1927 deligenda,
1231 1859 1323 1928 atque

224 1939 365 1998 rationem
375 1936 530 2019 ineundam
545 1946 674 2016 utquam
687 1938 815 2018 proxime
826 1939 901 1997 inter
915 1959 946 1998 se
958 1940 1054 1998 absint
1067 1941 1182 2000 navalia
1191 1960 1324 2019 quorum·

226 2033 342 2110 singula
355 2031 472 2110 triginta
493 2031 651 2090 triremium
664 2031 735 2090 sint
753 2032 896 2110 capacia
913 2033 1002 2099 Quod
1016 2033 1066 2091 ubi
1086 2033 1219 2106 fecerint,
1236 2035 1319 2094 binas

205 2125 336 2186 classes
361 2133 391 2182 et
416 2124 542 2184 tricenas
569 2123 697 2184 triremes
726 2124 829 2183 horum
856 2125 986 2184 locorum
1002 2117 1130 2202 ‘singulis
1151 2126 1321 2186 attribuants
1348 2173 1351 2180 ,
1432 2157 1433 2164 1

227 2216 343 2277 Deinde
352 2215 452 2276 sortito
465 2217 557 2275 tribus
571 2216 765 2289 introducant,
780 2225 810 2274 et
822 2217 994 2276 trierarchos
1015 2219 1145 2296 singulos
1159 2217 1190 2275 in
1204 2217 1322 2297 singula

226 2311 349 2380 rravalia
365 2320 398 2368 ut
414 2307 472 2368 sint
484 2309 560 2368 binae
574 2308 692 2381 classes,
706 2295 837 2367 triremes
856 2309 1037 2377 tricenae,1et
1057 2329 1117 2368 una
1140 2310 1250 2397 tribes:
1274 2312 1323 2390 qui
1348 2349 1350 2352 -

224 2422 292 2463 vero
304 2402 385 2478 locus
395 2401 482 2460 tribui
495 2401 653 2486 obvenerit,
668 2401 691 2460 is
705 2401 844 2460 trifariam
859 2401 1019 2469 dividatur;
1035 2411 1065 2461 et
1078 2421 1168 2461 navas
1180 2395 1319 2463 similiter.¹

226 2496 343 2556 Deinde
364 2495 483 2553 trientes
496 2493 622 2553 tribuum
637 2491 802 2567 sortiantun
813 2505 847 2552 nt
868 2493 990 2572 singulae
1004 2495 1095 2554 tribus
1107 2514 1250 2574 unapars
1265 2496 1321 2554 sint

225 2597 350 2647 totorum
361 2585 522 2666 navaliums
544 2596 573 2646 et
588 2585 765 2664 singularum
778 2585 901 2663 partium
913 2588 1027 2646 tertiam
1041 2596 1153 2666 partem
1163 2588 1255 2646 triens
1269 2589 1319 2646 ob-

225 2680 333 2738 tineat:
355 2690 444 2757 utque
459 2677 568 2750 sciatis,
583 2678 606 2736 si
620 2678 689 2754 qnid
702 2679 757 2756 erit
769 2697 854 2756 opus,
868 2678 996 2757 primum·
1006 2679 1106 2753 tribus,
1118 2698 1175 2758 quo
1184 2679 1252 2738 loco
1264 2690 1320 2738 sta·

224 2773 335 2830 tionem
344 2771 467 2837 habeam
489 2769 594 2829 deinde
604 2770 707 2838 triens;
722 2780 824 2848 postea
833 2770 981 2829 trierarchi
992 2771 1052 2848 qui,
1062 2781 1171 2850 etquot
1180 2772 1320 2831 triremes.

225 2865 269 2923 Ac
280 2863 404 2922 tricenas
420 2857 548 2920 triremes
562 2881 621 2920 una
640 2860 742 2936 tribus,
756 2861 847 2922 denas
863 2861 1063 2942 unusquisque
1083 2863 1173 2922 triens
1188 2863 1319 2922 triremes

226 2955 392 3016 contineat:
405 2973 480 3012 'nam
495 2953 519 3011 si
532 2951 595 3011 haec
609 2953 709 3012 ordine
719 2954 981 3033 expeditaiuerint‚
996 2953 1110 3015 etiamsi
1120 2973 1198 3012 nunc
1214 2955 1318 3034 aliquid

224 3045 604 3129 praetermisimus—neque
619 3045 796 3104 enim·facile
810 3057 938 3104 saneest
950 3046 1101 3120 ¹exquisite
1118 3047 1243 3123 reperire
1263 3048 1317 3106 sin·

225 3139 346 3219 gula-,
356 3139 387 3198 id
400 3138 464 3217 ipse
477 3137 531 3196 sibi
544 3156 590 3194 res
600 3135 740 3202 inveniet;
763 3145 792 3195 et
805 3157 864 3202 uua
874 3133 1044 3192 constitutio
1054 3130 1318 3201 tumomnium'n'a

225 3232 312 3305 vium,
327 3240 389 3302 tum
404 3231 527 3309 partium
538 3227 635 3287 sutura
645 3237 698 3286 est.

266 3328 294 3383 8.
315 3325 335 3384 J
338 3343 385 3382 am
398 3323 476 3400 quod
490 3322 528 3380 ad
541 3321 696 3400 pecuniam
710 3322 813 3380 attinet
824 3329 854 3379 et
863 3319 1024 3380 evidentem
1036 3322 1162 3400 aliquam
1175 3325 1316 3402 parando·

225 3437 288 3476 rum
303 3423 469 3494 sumptuum
488 3415 638 3484 rationem,
653 3414 714 3472 scio
735 3413 868 3492 equidem
890 3414 1166 3475 incredibilevisum
1185 3417 1221 3474 iri
1243 3417 1321 3496 quod

221 3508 284 3586 jam
295 3506 412 3576 ,dicam3
435 3505 546 3564 dicetur
560 3514 676 3564 tamen:
698 3505 814 3564 confido
828 3505 915 3578 enim,
929 3506 953 3564 si
968 3507 1033 3585 quis
1053 3509 1315 3579 recte-consideret,

222 3601 285 3671 fore
298 3609 331 3658 ut
343 3617 389 3658 me
401 3596 495 3657 solum
509 3617 585 3668 vera,
595 3609 625 3656 et
635 3597 697 3676 ipso
710 3607 818 3656 eventu
827 3599 1046 3676 comprobanda
1056 3599 1163 3659 dixisse
1172 3611 1314 3680 appareat.

225 3693 292 3772 Ego
306 3693 418 3752 affirmo
432 3709 510 3751 nunc
524 3709 583 3748 non
596 3690 750 3748 dicendum
764 3709 829 3750 esse
844 3690 880 3760 de
894 3689 1036 3769 pecunia:
1061 3711 1127 3752 cum
1142 3705 1315 3753 commeatus

225 3787 300 3846 adsit
321 3803 447 3862 magnus
461 3773 658 3862 et'praeclnrus
672 3791 703 3841 et
712 3785 822 3860 justus,
837 3801 932 3861 quem,
952 3784 975 3842 si
996 3803 1075 3843 nunc
1094 3805 1271 3862 quaeremus,
1283 3803 1315 3843 ne

224 3888 286 3938 turn
306 3877 423 3956 quidem
436 3885 544 3954 praesto
565 3875 694 3946 futurum
717 3875 873 3937 sentiemus
897 3875 999 3943 nobis;
1023 3887 1138 3935 tanturn
1156 3879 1272 3950 abesse,
1285 3886 1313 3934 ut

221 3973 282 4042 jam
296 3989 360 4026 eum
374 3967 517 4043 inventuri
532 3965 639 4026 simus:
662 3967 706 4026 sin
720 3967 911 4040 omiserimus,
923 3977 1031 4046 praesto
1041 3963 1156 4031 futurus
1167 3979 1225 4030 est.
1247 3969 1314 4035 Quis

225 4059 312 4136 igitur
325 4059 371 4116 ille
382 4059 444 4119 esti
465 4061 514 4138 qui
528 4079 593 4118 cum
607 4079 685 4129 nunc
698 4059 857 4130 nonedam,
873 4069 935 4118 tum
944 4060 1120 4140 inpromptu
1130 4062 1246 4122 futurus
1256 4071 1315 4126 ests

225 4169 294 4224 narn
307 4149 370 4207 istae
384 4152 483 4210 nescio
493 4173 559 4230 quae
572 4171 637 4212 esse
650 4154 788 4230 'ambages
806 4152 958 4212 videntur:
979 4173 1035 4232 ego
1049 4153 1156 4219 dicam}
1181 4183 1185 4188 ·
1198 4153 1314 4223 Videtis,

225 4239 429 4310 Athenienses,
444 4251 535 4302 totam
549 4243 624 4302 hanc
637 4243 760 4303 urbemi
784 4243 819 4303 In
832 4246 888 4308 hac
898 4246 1021 4325 pecunia
1031 4247 1117 4317 inest,
1124 4265 1230 4326 parum
1239 4247 1317 4324 abest

226 4333 296 4412 quin
310 4332 417 4404 dicam,
431 4351 496 4408 quae
508 4351 573 4392 cnm
587 4337 666 4394 omni
680 4337 802 4407 aliarum
814 4338 1068 4418 urbiumpecunia
1081 4338 1208 4399 conferri
1219 4337 1316 4417 possit.¹

228 4427 322 4493 Quam
335 4424 383 4500 qui
397 4423 550 4503 possident
563 4444 597 4484 eo
611 4427 707 4490 animo
720 4440 799 4504 sunt,
810 4441 842 4492 ut
853 4431 878 4492 si
887 4451 989 4506 ornnes
1003 4443 1198 4496 oratoreseos
1209 4432 1250 4493 in
1260 4439 1316 4490 ter.-

1432 2331 1433 2358 l

1432 2551 1433 2636 l

1329 3181 1334 3202 Ι
