2946 4954
387 348 443 408 DE
466 349 578 413 MALE
601 350 732 412 GESTA
754 348 1018 417 LEGATIONE..
1162 289 1242 408 ,26³
1339 373 1345 378 ·

81 555 84 562 .
144 501 308 561 considera.
350 502 594 579 Timarchum,ne
604 505 717 565 finitimi
730 505 847 584 quidem
861 525 965 566 omnes
978 511 1102 565 norant:
1123 523 1175 564 vos
1191 519 1243 564 err-¹

78 677 79 682 ἵ
136 593 202 656 'tem
215 597 340 676 legatos,
355 599 500 658 nemovel
515 597 696 669 Graecorum,
710 598 758 658 vel
782 599 976 658 Barbarorum
998 607 1055 667 est,
1080 596 1130 676 qui
1153 615 1243 676 pecu·

144 689 222 754 niam
233 690 385 768 accepisse
400 711 437 751 ex
458 691 605 770 legatione
625 710 685 750 non
707 690 796 750 dicat.
815 736 819 741 ι
840 689 938 758 Quare
953 689 977 749 si
992 689 1070 749 fama
1082 708 1172 749 verax
1186 689 1252 758 est,
1275 711 1278 718 ‘

135 781 246 842 'contra
258 793 313 842 vos
324 783 411 842 etiarn
424 784 503 844 valet
515 783 644 862 vulgaris
663 781 711 850 ille
725 801 832 842 rumor.
875 782 931 840 Cui
945 781 1034 840 fidem
1048 801 1112 842 esse
1133 782 1243 840 haben·
1323 809 1327 816 ·

65 913 68 920 -
145 874 222 947 dam,
229 874 374 952 quaedam
389 875 445 936 dea
462 895 530 936 curn
545 873 583 934 sit
596 887 626 935 et
640 875 713 952 ipsa,
728 883 759 934 et
772 863 932 954 sapientem
946 873 1036 933 luisse
1046 883 1161 954 poetam
1180 893 1243 932 ver·

146 987 231 1025 suurn
246 977 405 1042 auctorem,
419 977 452 1029 tu
465 970 527 1047 ipse
541 967 694 1026 definisti·

188 1060 236 1117 70.
257 1057 405 1121 Praeterea
418 1055 539 1139 collegit
552 1057 675 1132 iambos,
690 1079 715 1118 ιι
706 1059 783 1172 diis
796 1060 903 1138 placet,
918 1071 948 1120 et
966 1059 1078 1139 prolixe
1092 1016 1241 1119 recitarit:

148 1151 247 1312 velati·
343 1241 345 1245 ’
414 1235 485 1286 Mala
495 1235 652 1299 improborum
663 1199 856 1299 consuetudo-cui
868 1235 953 1298 placet,
1002 1210 1011 1280 Ι,
1068 1295 1071 1302 Δ

307 1355 309 1360 ,
374 1381 378 1386 .
419 1313 445 1358 Is
457 1313 496 1374 qui
507 1312 552 1360 siet
561 1314 605 1369 rir,
616 1328 661 1360 uon
672 1328 742 1382 rogo:
761 1313 903 1387 seienssatis

421 1387 541 1436 Sodalium
552 1389 617 1436 illurn
626 1387 751 1436 convenire
761 1388 873 1458 moribus.

146 1510 221 1580 Eum
234 1511 323 1588 igitur
335 1511 385 1590 qui
399 1513 436 1572 ad
458 1513 553 1593 gallos
573 1515 752 1594 gallinaceos
772 1514 945 1592 ingreditur,
956 1524 986 1574 et
1000 1533 1077 1580 ‚cum
1097 1514 1242 1576 Pittaleco

145 1603 325 1673 obambulat,
340 1614 371 1663 et
384 1605 446 1685 ejus
460 1608 575 1686 generis
597 1607 654 1666 alia
667 1627 735 1667 cum
756 1607 889 1681 dixisset,
904 1606 1055 1686 ignoratis,
1068 1607 1173 1684 inquit,
1189 1625 1241 1666 cu-

140 1693 271 1771 jusmodi
285 1697 321 1774 sit
334 1697 565 1770 existimandus3
586 1699 709 1778 proinde
734 1709 766 1759 'et
788 1699 818 1758 in
840 1708 869 1760 te
891 1700 980 1758 iambi
1006 1699 1054 1759 isti
1074 1698 1144 1758 mihi
1163 1715 1243 1756 nunc
1276 1713 1278 1716 ·

145 1801 232 1846 erunt
243 1788 409 1866 opportuni,
424 1791 582 1852 AEschine:
604 1811 678 1870 quos
692 1793 717 1850 si
731 1791 895 1870 adjudices
914 1791 1020 1862 dicam,
1033 1798 1114 1850 recte
1134 1809 1242 1870 conve-

145 1877 452 1956 uisaterquedicam.1
480 1881 536 1942 cui
558 1883 743 1942 consuetudo
762 1883 861 1962 placet
876 1879 1063 1954 Philocratis,
1087 1889 1125 1940 et·
1139 1881 1242 1940 eadem
1295 1918 1299 1930 ·
1351 1878 1354 1886 ’

144 1970 288 2032 obeundae
301 1971 456 2050 legationis
468 1975 554 2047 ratio,
568 1975 605 2034 de
617 1995 652 2034 eo
667 1973 738 2032 nihil
751 1993 837 2053 rogo,
845 1975 1000 2054 pecuniam
1013 1992 1078 2032 eum
1092 1972 1243 2052 accepisse
1294 2010 1297 2013 Δ

68 2110 71 2114 .
144 2063 251 2134 sciens,
278 2074 313 2124 ut
338 2065 545 2140 Philocratem,
569 2068 618 2146 qui
644 2067 808 2127 confitetur.
850 2066 936 2125 Cum'
954 2077 1052 2124 autern
1079 2068 1254 2148 spatiorum·
1361 2111 1364 2118 .

144 2155 300 2234 scriptores
320 2166 351 2216 et
372 2158 526 2237 sophistas.
541 2159 625 2237 aliosi
638 2158 836 2238 cognominet,
851 2167 938 2235 atque
953 2158 1101 2235 exagitare
1115 2158 1243 2248 studeat,
1337 2179 1338 2183 ¹

143 2269 212 2309 eurn
225 2249 321 2326 ipsum
335 2249 427 2309 talem'
439 2271 505 2320 esse
518 2251 673 2310 constabit.
689 2278 693 2284 ·
715 2249 755 2309 Ηί
769 2251 846 2310 enim
864 2250 953 2309 iambi
975 2269 992 2308 a
1015 2248 1156 2310 Phoenice
1166 2259 1245 2314 ,sunt
1349 2274 1360 2291 ⁴

144 2339 306 2422 stupidis
346 2342 444 2408 Quam
456 2342 587 2422 fabulam
597 2347 755 2421 'nunquam
767 2338 815 2402 vel
828 2333 1015 2410 Theodorus,
1030 2341 1077 2402 vel
1091 2341 1244 2402 Aristode·
1269 2377 1271 2382 ,

143 2448 212 2492 mus
225 2432 298 2510 egit,
314 2413 392 2540 apud
405 2453 479 2512 quos
491 2435 548 2494 iste
563 2435 663 2494 tertias
676 2443 776 2512 partes
790 2434 931 2517 actitavit,
955 2431 1018 2493 sed
1032 2431 1114 2492 Molo
1137 2452 1244 2517 repree7

144 2525 281 2596 scotavit,
295 2533 325 2584 et
338 2524 482 2606 quispiam
491 2527 622 2586 fortassis
632 2526 708 2586 alius
717 2535 848 2586 veterum
857 2526 1046 2592 histrionum:
1058 2525 1244 2604 Antigonam

144 2608 257 2678 autem
267 2617 431 2694 Sophoclis
441 2638 520 2708 saepe
545 2619 728 2690 Tbeodorus‚
745 2638 823 2697 saepe
837 2617 1038 2678 Aristodemus
1059 2618 1129 2696 egit,
1142 2638 1245 2698 mque
1338 2623 1342 2630 “

145 2707 241 2767 sactes
255 2707 368 2767 iambos
381 2696 531 2788 praeclare
536 2719 567 2768 et
579 2711 662 2786 robis
676 2709 803 2782 utiliter,
807 2727 886 2788 quos
893 2722 990 2788 'saepe
988 2708 1045 2768 ista
1058 2709 1199 2780 recitavit,
1214 2719 1245 2770 et
1313 2770 1316 2777 ,

142 2798 174 2858 in
188 2809 327 2878 promptu
339 2799 440 2872 habet,
454 2801 649 2882 pretermisit
692 2799 795 2860 Nostis
809 2801 886 2858 enirn
899 2800 955 2860 hoe
970 2799 1114 2872 scilicets
1107 2820 1137 2858 ιιι
1150 2800 1242 2858 oroni-

143 2892 202 2950 bus
214 2891 321 2952 fabulis
323 2893 465 2974 tragicis,
479 2893 616 2954 eximium
630 2893 719 2953 veluti
723 2893 883 2985 praemium
896 2891 1011 2951 virtutis
1027 2890 1084 2950 hoc
1107 2911 1171 2950 esse
1185 2903 1243 2952 ter·

144 2981 234 3040 tienis
248 2984 402 3054 actoribus,
412 2995 445 3044 ut
454 2993 642 3064 tyrannorum
651 2968 754 3044 habitu
767 2991 799 3041 et
809 2981 926 3060 sceptra
938 2990 1072 3060 gerentes
1082 2981 1113 3039 in
1124 2997 1242 3052 scenam

142 3061 354 3152 ingredientur.
396 3075 483 3136 Eos
476 3078 563 3154 igitur
578 3075 717 3135 iambos
709 3094 738 3133 ιιι
758 3091 803 3134 ea
812 3073 912 3144 fabule
930 3072 1125 3144 considerate,
1140 3069 1250 3152 quales

142 3175 232 3246 poete
246 3167 388 3228 AEsehini
393 3168 512 3228 Creonti
525 3165 700 3232 recitandos
706 3165 856 3225 tribuerit:
877 3183 953 3243 qups
967 3165 1022 3224 iste
1040 3163 1094 3224 nec
1115 3163 1196 3224 sibi
1188 3183 1242 3243 rpsr

142 3259 239 3388 dixit'
231 3279 262 3318 ιιι
265 3260 432 3353 legatione,
445 3280 541 3339 neque
551 3260 706 3396 judicibus
715 3253 855 3318 recitarit.
896 3257 1031 3317 Recita·
1075 3313 1083 3319 ,
1097 3296 1099 3304 ‚

142 3451 145 3458 '
258 3434 261 3438 ’
354 3465 475 3586 rimer
497 3411 730 3526 soruoosrs
752 3463 809 3584 ax
830 3399 1064 3524 ιιιιιιιοιιι
1202 3419 1209 3432 ’

305 3637 308 3642 “
371 3635 486 3680 Persona
495 3593 593 3680 Ιιιιοιιιιιιι
603 3583 692 3679 nullius
696 3647 775 3696 queas
787 3630 842 3689 riri,

370 3710 495 3758 Tacitbsve
505 3725 586 3756 sensus
597 3709 700 3770 pectoris
711 3710 866 3771 deprendere,
881 3761 882 3766 ,
913 3693 933 3746 ¹·
961 3741 963 3746 ·
982 3763 992 3772 Η

371 3786 421 3834 Diu
429 3778 550 3846 antequam
559 3779 669 3832 'venatur
680 3783 709 3834 ἰιιΙ
715 3786 844 3849 republica.

370 3865 431 3911 Nam
442 3861 549 3925 quisquis
561 3862 623 3918 urbi,
632 3865 701 3926 quus¹
711 3851 835 3924 imperium
847 3865 916 3926 gerit,
960 3853 963 3860 ⁴

371 3941 438 3988 lietu
448 3941 557 3986 subeatur
567 3953 607 3984 ora
618 3938 727 3998 degeneri
738 3945 828 3996 teneor,
881 3927 882 3934 ἵ
927 3972 930 3980 ·

369 4013 505 4076 Metamque
516 4013 626 4076 linguan,
637 4014 699 4062 h'eud
709 4015 811 4064 consulit
822 4016 956 4072 salubriter,

369 4091 504 4153 culpandus
515 4097 552 4138 est
562 4097 586 4138 et
595 4091 640 4138 boo
651 4098 676 4138 et
684 4091 745 4138 omni
757 4099 872 4152 tempore.

371 4169 477 4228 itemque
487 4167 585 4214 amioum
596 4167 678 4227 patries
689 4166 729 4228 qui
737 4167 850 4228 prretaht,
877 4195 882 4200 -

296 4283 304 4293 .
347 4233 855 4310 'Habetorimprobusvinetoivismalus.
948 4239 952 4244 ’
1032 4247 1034 4250 ’

371 4321 419 4367 Sed
430 4321 482 4382 ipse
494 4320 602 4384 (magnus
609 4318 681 4379 idque
691 4319 784 4380 Jupiter
792 4318 859 4374 sciat,
914 4329 926 4340 ·

371 4397 420 4454 Qui
431 4401 515 4444 ceneta
526 4395 594 4457 vigili
606 4409 698 4456 semper
709 4395 795 4442 lumine
806 4393 919 4459 adspicit)

327 4489 328 4497 ¹
356 4493 358 4498 ·
372 4469 469 4525 metae
480 4469 572 4528 aesta
583 4471 603 4522 si
612 4469 772 4534 qau'ingrun
783 4471 836 4520 meli
869 4475 871 4480 '
