2920 4950
520 265 830 335 ARGUMENTUM.
1187 268 1224 368 ,²¹

126 425 180 469 tum
190 416 302 486 fidncia
313 435 406 474 causus
416 418 509 474 solerti
525 421 663 476 admodum
678 429 879 494 temperamento
898 421 1042 476 inte'rteoit.
1077 421 1227 492 Propterea

127 502 191 554 duos
210 501 448 574 mamystaeque
463 503 669 570 roldedioersos,
688 505 816 576 imagines
827 505 858 558 ob
876 503 962 558 oculos
972 505 1057 576 ponit.
1086 504 1148 556 Hoc
1168 521 1226 558 eum

124 583 297 649 ambitiosum,
316 595 495 656 arrogantem,
507 587 624 640 omnibus
634 587 807 641 occasionibus
824 588 962 650 intentum,
981 587 1047 640 bello
1058 587 1225 657 indefessum,

122 665 285 734 intrepidum
294 667 412 737 depinpit
419 687 432 730 ,·.
440 669 526 722 omnic
534 686 587 722 nou
594 669 680 722 minus
691 687 757 724 auro
766 669 939 736 subruentem,
948 688 1025 740 qsmm
1036 679 1226 739 expupnontem

117 746 350 819 formandisque
358 767 411 802 non
423 749 560 808 obstaculis
570 751 730 821 superiorem
737 772 748 815 ;
764 769 853 822 regem
865 753 972 822 deniqne
976 751 1169 821 felicissimum,
1183 751 1227 806 cui

118 830 236 898 fortuna
248 839 303 884 tam
311 831 420 902 profm
431 831 550 902 benefiaia
559 833 713 896 cucumam,
724 845 753 888 ut
761 833 938 888 inconstantia·
950 848 1003 886 esua
1010 851 1080 904 pene
1087 833 1164 890 oblito
1173 831 1227 894 isse

124 913 255 966 rideatur.
281 913 378 966 nuere
395 933 453 967 eam
470 915 665 984 imprudentem,
675 917 841 970 sommarium
856 916 987 978 describit,
999 917 1094 986 quippe
1109 917 1155 986 qui
1173 933 1227 970 non

125 993 225 1048 viribus
238 994 303 1059 suis,
320 1013 411 1048 oerum
425 995 564 1050 ambitione
574 997 629 1051 solo
640 997 747 1068 oonsilio
758 1017 804 1052 soa
816 998 945 1063 metiatur,
960 998 1054 1070 quique
1070 999 1134 1052 odeo
1150 1015 1226 1052 mom

124 1076 178 1146 ipse
189 1077 335 1146 potentiam
352 1077 491 1148 aliqnando
502 1081 682 1134 destructurus
694 1082 730 1133 sit
737 1098 747 1142 ,·
766 1081 943 1150 turpissimam
959 1089 1137 1144 veteratorem,
1152 1081 1243 1151 enjus*

126 1161 282 1230 magnitudo
285 1160 470 1230 fundamentis
481 1163 591 1216 monime
600 1163 717 1216 ruinosis
728 1163 833 1227 nititur,
845 1163 956 1234 perfidio
973 1163 1078 1227 scilieet,
1095 1162 1227 1230 omnisque

121 1242 225 1310 poneris
243 1242 427 1313 improbitate,·
445 1253 586 1314 tyranuum
598 1245 714 1298 omnibus
732 1253 785 1298 tom
796 1245 866 1298 domi
881 1244 1038 1314 quomfo'ris
1049 1253 1209 1298 exsecratum
1215 1263 1226 1306 ,·

121 1325 265 1396 perjurum
279 1326 387 1396 denique
398 1326 564 1397 impiumque,
576 1327 636 1392 diis,
647 1329 751 1398 puriter
761 1337 837 1398 atque
848 1327 999 1390 bominibus,
1010 1327 1127 1388 inunum,
1139 1341 1227 1396 quem·

126 1424 174 1476 que
180 1407 289 1460 omnino
298 1409 431 1478 perdituri
442 1410 504 1474 siret,
515 1410 590 1462 modo
601 1425 691 1463 eostam
700 1409 837 1464 uindictam
848 1409 982 1479 quisquam
993 1408 1096 1478 exsequi
1106 1407 1225 1462 coluerit.

128 1488 266 1542 Concludit
278 1489 380 1543 Orator
390 1500 498 1554 certam,
512 1508 618 1560 comque
629 1491 740 1554 unicam,
752 1491 878 1550 rationem
893 1491 968 1544 istius
986 1489 1086 1543 Colossi
1096 1491 1226 1545 evertendi

126 1573 155 1624 in
165 1590 196 1624 eo
205 1571 285 1626 situm
295 1588 359 1636 esse,
371 1581 399 1624 ut
410 1587 467 1638 que
479 1563 545 1626 mile
557 1572 649 1625 babent
659 1562 689 1625 in
693 1572 821 1642 presenti
832 1589 922 1626 rerum
933 1572 1157 1624 administratione
1169 1591 1227 1626 eor·

126 1654 224 1722 sipont,
235 1664 265 1706 nt
275 1653 385 1725 priuatis
396 1653 593 1708 dissensionibus
604 1648 759 1723 compositis,
772 1654 921 1726 reipublice
936 1653 1016 1708 soluti
1025 1653 1169 1717 consulant,
1177 1671 1225 1722 pc·

126 1737 249 1808 blicisque
255 1737 399 1808 sumptibus
406 1755 500 1804 omnes,
501 1738 584 1810 justo
591 1756 651 1792 suos
658 1739 765 1810 pisisque
765 1737 918 1810 facultates,
923 1739 959 1792 cd
967 1737 1226 1792 communemlnostens

126 1820 328 1875 subvertendum
340 1839 392 1874 nno
402 1821 489 1873 animo
500 1821 656 1894 corospirent.

124 1946 171 2005 jam
182 1945 255 1992 fuerit
265 1945 424 2002 constitutum,
440 1943 569 2008 quempiam
581 1945 613 1992 ita
629 1943 665 1992 di·
691 1941 761 1991 tertia
770 1943 906 2005 Olynthiacs
922 1948 967 1999 est,
987 1942 1081 2004 reliquis
1092 1945 1225 1994 antecessit.

129 2018 218 2056 centem
229 2011 328 2064 inducit,
338 2012 373 2072 (p.
387 2011 425 2060 56.
437 2011 453 2058 l.
467 2011 520 2071 14.)
542 2003 611 2063 Quem
625 2025 665 2056 ns·
691 2011 797 2068 Namque
815 2009 838 2054 in
850 2009 1010 2055 istavltortatnr
1021 2024 1075 2054 suos
1088 2011 1180 2064 Orator,
1193 2012 1224 2074 (§.

127 2073 666 2138 ttrssmfugitdisopemfmendomesssinecsorre
690 2072 726 2133 t.)
742 2073 866 2119 utensilia
880 2073 978 2128 mittant,
993 2089 1044 2132 qum
1061 2074 1151 2133 possint
1168 2085 1225 2122 ΤΑΣ

128 2141 205 2201 ntique
215 2154 352 2202 recusamus.
367 2140 399 2186 At
406 2156 448 2202 quo
455 2141 541 2186 consilio
549 2139 574 2187 id
582 2156 597 2186 o
607 2140 666 2186 nobis·
690 2145 794 2190 nontin
802 2139 848 2196 τοῖς
856 2133 1143 2192 'onmbinettt'zetttmrbos
1153 2137 1226 2200 Olyn-

127 2201 206 2250 ‘curari
213 2205 292 2263 possit,
302 2203 418 2262 srplonore
428 2219 480 2264 opus
490 2213 528 2259 est,
540 2203 584 2249 bac.
597 2203 665 2262 Quod
691 2201 727 2248 tbo
745 2202 851 2260 suipertus
865 2211 960 2258 menore,
973 2217 1029 2261 quas
1046 2216 1125 2250 omnes
1142 2202 1165 2248 in
1182 2219 1224 2262 po-

127 2267 191 2314 idem
204 2267 369 2314 animadvertit
382 2269 503 2328 Ulpianus,
514 2273 580 2315 ratos
592 2275 668 2324 autor,
690 2266 797 2314 testatem
819 2281 883 2316 suom
901 2272 956 2313 ante
978 2265 1071 2326 redegit
1090 2266 1223 2328 Philippus,

127 2333 286 2390 desecanda:
303 2333 584 2396 Argumentumeteapito
598 2331 667 2394 bajus
691 2347 759 2390 quum
775 2329 900 2392 Olynthum
916 2331 1016 2380 obsedit.
1039 2329 1113 2392 (Vide
1129 2332 1224 2380 Lelund.

127 2395 263 2458 (secundae)
270 2397 377 2443 orationis
381 2399 471 2460 gemino
479 2398 620 2456 sunstprs'me.
636 2395 666 2442 ln
693 2396 720 2440 V.
734 2395 795 2441 Phil.
807 2393 862 2443 Vol.
873 2393 909 2442 ΙΙ.
920 2410 943 2454 p.
957 2393 992 2455 9.)
1010 2393 1081 2450 Quid,
1093 2396 1154 2456 quod
1166 2396 1226 2443 dicit

127 2460 168 2508 ime
175 2463 246 2508 solum
254 2459 371 2524 differunt,
380 2462 436 2522 quod
443 2461 666 2522 inprimoqucritur,
690 2457 714 2504 iu
723 2461 802 2506 eedem
811 2459 914 2506 oratione
925 2461 1018 2514 Noster,
1027 2460 1047 2520 §.
1055 2462 1078 2506 3.
1089 2459 1225 2522 Philippum

126 2527 275 2572 marmium
283 2523 531 2586 Olynthiismittendum
537 2523 666 2582 stemnius,
690 2522 789 2570 libenter
800 2539 879 2586 pacem
890 2524 1070 2584 compositurum
1087 2539 1138 2586 cupn
1150 2526 1178 2572 Ol
1180 2540 1225 2584 pn·

121 2591 174 2650 jom
190 2589 423 2636 eonstotmittendum
433 2605 483 2637 esse.
507 2593 558 2645 Est,
577 2589 617 2650 qui
633 2589 666 2636 ai·
690 2587 764 2634 thile?
786 2603 837 2649 qum
848 2603 896 2641 res,
907 2596 1028 2650 postquam
1041 2589 1095 2634 orbs
1107 2589 1158 2648 ipsa
1178 2589 1224 2635 cir·

127 2655 248 2711 firmet,in
260 2655 361 2700 secunda
372 2655 466 2701 multum
476 2654 560 2700 disseri
572 2655 602 2700 de
613 2669 665 2700 mn·
691 2649 823 2700 onmrallsri
836 2653 914 2714 caepit,
928 2668 959 2698 ex
976 2651 1075 2698 omnium
1083 2655 1131 2713 jam
1147 2669 1188 2713 spe
1200 2659 1225 2702 et

129 2719 280 2766 ciendocnm
297 2718 380 2772 iisdem
393 2719 509 2780 Olynthiis
525 2719 625 2778 ioedere3
641 2718 666 2764 in
691 2717 774 2780 animis
793 2718 928 2774 exciderat;
955 2717 1069 2777 siqnidem
1090 2717 1224 2780 Philippus,

129 2783 228 2843 reliquis
248 2783 339 2829 duobus
361 2784 390 2830 de
413 2784 571 2840 custodiendo,
594 2783 667 2830 veluti
691 2782 906 2839 csoos40stodis'sob
921 2783 1085 2835 nrbedistoret,
1102 2783 1225 2830 manifesto

127 2843 175 2906 jam
186 2848 310 2894 conlecto:
327 2849 424 2906 pioinde
435 2849 497 2895 illam
510 2847 561 2894 istis
576 2862 667 2908 praepo·
692 2847 797 2893 edixerat
810 2847 935 2906 Olynthiis,
946 2843 988 2893 ont
1002 2847 1029 2892 iis
1047 2846 1167 2894 cedendum
1181 2861 1224 2894 esse

117 2912 229 2966 ,nondam
241 2927 302 2958 esse·
319 2914 360 2968 nt,
371 2913 411 2973 qui
421 2913 466 2960 boo
476 2913 543 2966 dicit,
554 2927 599 2958 non
611 2911 667 2958 satis
693 2909 799 2973 Olyntho,
810 2921 850 2958 out
858 2911 942 2958 sibimet
953 2909 1093 2957 Macedonio.
1105 2911 1223 2960 Phillll.

130 2976 304 3032 animadvertit,
322 2977 428 3035 inprime
439 2977 516 3038 potins
528 2975 606 3037 ugide
623 2976 667 3022 buo
692 2977 715 3022 3.
749 2976 783 3022 11.
796 2977 824 3022 ln
835 2976 878 3022 hae
887 2975 967 3024 eadem
979 2986 1032 3035 quae·
1049 2975 1163 3036 Dionysio
1178 2977 1229 3024 ter-¹

133 3037 245 3088 societate
256 3041 445 3104 constabilienda,
456 3041 494 3088 nbi
507 3041 583 3086 statim
595 3041 667 3086 Athe·
692 3039 725 3086 tia
742 3046 786 3094 est,
804 3041 924 3094 concione,
934 3039 1039 3100 pecunius
1050 3040 1168 3086 theatralis
1182 3042 1224 3087 ad-

131 3105 225 3152 nienses
239 3107 397 3160 admonentur,
408 3121 438 3152 ne
447 3101 506 3152 bano
518 3105 613 3151 feriendi
627 3107 668 3151 lon·
691 3103 881 3150 ministrationem
892 3103 975 3150 leviter
986 3108 1072 3149 tantam
1089 3104 1226 3165 perstringit

128 3169 194 3220 ,deris
205 3171 402 3232 opportunitatem
415 3163 540 3232 neglipant,
551 3171 613 3232 quod
625 3169 667 3216 ioe-
693 3169 1002 3230 Orutor,pedemquestutim
1010 3169 1112 3214 retrahit:
1123 3164 1191 3222 risis,
1200 3168 1226 3230 br

103 3241 108 3250 '
133 3235 176 3280 dus
187 3235 327 3295 jampridem
347 3235 491 3301 summopere
517 3235 667 3281 desiderave-
692 3229 1225 3294 stetissenobygdonerabr’slrosreperturum

108 3305 194 3355 ,tants
210 3301 229 3345 si
243 3301 406 3360 qnidemnono
420 3299 586 3363 mmrteaeoislit
601 3299 668 3363 (sunt
692 3295 1224 3360 pstinnimentum,quamsemndo
1320 3353 1323 3362 Ι

133 3364 244 3409 orationis
256 3366 336 3419 rerba,
347 3380 372 3424 p.
380 3367 420 3412 78.
431 3365 447 3410 l.
457 3361 509 3424 11.)
524 3364 582 3425 qnod
597 3365 667 3410 mori·
692 3363 744 3408 loon
754 3361 827 3422 ponit,
837 3363 912 3410 eidem
920 3361 959 3407 rei
968 3361 1040 3408 multo
1052 3367 1075 3406 et
1086 3362 1188 3422 apertius
1199 3368 1225 3410 et

132 3440 166 3472 me
176 3431 274 3474 omnium
283 3444 371 3476 memoro
384 3429 542 3483 aelolmbotur,
553 3427 668 3490 Olynthios
693 3426 781 3473 diutius
792 3428 880 3483 instat3
900 3427 961 3486 quod
978 3431 1042 3472 notat
1061 3427 1084 3472 in
1099 3427 1161 3472 illius
1171 3441 1225 3472 ora·

131 3491 160 3536 cd
176 3492 259 3539 bellum
269 3507 321 3538 oum
336 3491 576 3556 Pisilippo'gerendum
590 3492 668 3551 impel-
692 3491 764 3540 tionis
783 3499 918 3550 argumento
935 3489 1055 3537 Libanius.
1077 3493 1128 3540 bam
1146 3489 1225 3538 utrum

133 3554 204 3603 enom
214 3571 264 3604 esse.
289 3559 376 3604 Gontrs
387 3573 448 3604 vero,
458 3558 483 3604 in
495 3557 596 3604 secunda
608 3555 666 3602 dici·
693 3571 748 3605 rero
758 3556 856 3616 propius
871 3569 922 3602 esse
934 3556 1034 3609 ridetur,
1050 3556 1226 3614 ingravescente

132 3623 224 3683 tur,(p·
235 3623 275 3669 33.
287 3621 303 3667 l.
314 3619 350 3685 2.)
359 3629 390 3669 est
401 3623 488 3684 quidem
499 3629 635 3682 tumre-nos
643 3635 667 3666 eo
691 3620 796 3682 periculo
804 3619 889 3666 clarius
897 3615 1225 3678 elocutuml'uisseOmtorem5

132 3697 218 3731 memore
232 3685 331 3744 percelli,
349 3694 377 3733 ut
396 3681 518 3734 timeremus
533 3701 578 3732 non
596 3685 667 3732 solnm
692 3701 718 3732 an
730 3684 804 3749 (quod
813 3685 890 3732 dicunt
898 3684 994 3730 sortasse
1002 3683 1027 3738 ii,
1035 3683 1073 3744 qni
1081 3684 1104 3728 in
1114 3683 1226 3742 Dionysii

131 3749 195 3795 nrbes
206 3753 228 3796 et
240 3749 295 3805 loom
306 3751 384 3812 quibus
393 3759 459 3798 anteo
469 3750 614 3812 potiebantur,
630 3764 667 3796 oe-
678 3757 770 3810 partes
782 3747 880 3810 abeunt)
889 3748 1078 3801 Demosthenem,
1086 3761 1139 3792 com
1147 3748 1226 3794 audax

128 3825 182 3874 ,mom
196 3823 218 3860 et
235 3815 355 3862 occasiones
370 3815 516 3876 bellorumque
528 3816 600 3869 socios,
617 3829 667 3875 quos
691 3815 750 3860 illud
762 3814 824 3878 quod
839 3813 862 3858 in
873 3814 943 3872 priori
954 3812 1063 3858 concione
1082 3818 1225 3871 exposuerat

132 3877 297 3942 nobissortuna
308 3887 480 3942 omnparooerot.
503 3878 562 3938 Quis
574 3879 612 3926 bic
623 3879 667 3924 ini·
692 3877 864 3932 consilium,vel
870 3879 899 3923 ab
906 3882 1039 3925 accusatore
1045 3875 1120 3935 aliquo
1126 3875 1229 3935 petitum

132 3947 176 3986 tam
187 3955 283 4004 quoque
294 3959 347 3990 cum
353 3943 471 4004 Olynthiis
479 3944 611 3990 societatem
621 3943 678 3988 nou⁴
693 3942 791 3997 rideret,
804 3943 841 3988 vel
853 3943 938 4004 populo
949 3939 1101 4002 displicuisse
1111 3939 1227 3987 evidenti·

131 4005 208 4063 vi‘itnt
218 4005 243 4054 ?’'
261 4008 308 4064 His
319 4008 355 4054 Cl.
366 4007 514 4066 Lucchesinii
525 4007 667 4067 argumentis
692 4008 736 4068 bus
746 4006 839 4053 indiciis
857 4006 986 4066 colligeret,
1007 4005 1030 4050 in
1049 4005 1121 4066 alteru
1132 4005 1226 4052 demum

133 4070 178 4114 dno
187 4071 257 4122 tieem
267 4073 412 4119 subnectere.
421 4073 442 4118 I.
453 4073 586 4118 Automnes
595 4072 667 4132 Olyn-
692 4071 825 4126 submisisse
833 4086 859 4116 se
870 4085 897 4116 ao
908 4069 1083 4129 tergiversatum
1094 4068 1159 4116 esse?
1174 4069 1227 4116 Ha·

131 4133 218 4181 thiaras
242 4135 468 4183 maciones'lsabuit
491 4135 668 4191 Demosthenes,
688 4139 727 4196 jus
749 4135 834 4182 etenim
857 4135 893 4181 rei
908 4133 965 4180 tides
980 4132 1031 4181 soln
1046 4133 1125 4180 nititur
1147 4135 1225 4194 oonJ'e·

125 4205 253 4259 ,numquam
264 4201 383 4260 Olynthus
393 4201 445 4260 ipsa
455 4200 578 4248 obsidione
591 4201 668 4247 cineta
691 4207 773 4260 oturts;
789 4214 896 4258 sanaque
906 4196 1000 4245 critices
1007 4197 1096 4258 legibus
1104 4204 1226 4261 repugnat,

99 4305 101 4318 ,
131 4261 183 4317 init,
200 4265 276 4327 (quod
294 4266 344 4318 reri
363 4265 533 4312 absimillimum
550 4270 596 4320 est,
615 4280 667 4312 oum
691 4272 718 4311 at
732 4262 993 4324 conjecturislocnssit,
1005 4262 1226 4323 quaearlsitrlafiunt

130 4342 172 4388 per
188 4329 285 4390 aliquod
296 4337 389 4390 tempus
404 4328 547 4376 obsidionem
559 4344 609 4374 eam
623 4330 667 4375 du·
692 4327 984 4391 adtuendamopiniouesu.
1009 4331 1100 4380 Stocu·
1177 4335 1179 4342 '

132 4405 196 4440 rasse
204 4399 295 4444 certum
309 4394 369 4460 sim)
386 4399 426 4442 aut
436 4409 472 4452 ea,
488 4409 540 4459 qum
552 4394 666 4457 Dionysio
