2946 4954
577 276 633 340 ne
654 277 837 339 oononn.
1183 278 1253 374 xror

151 437 257 518 patrie
269 455 335 498 mea
354 435 462 509 dicere,
474 436 566 516 ipsum
585 456 638 516 pro
652 433 803 516 Philippo:
826 407 885 495 nori
903 435 978 494 enim
991 451 1045 494 ros
1058 435 1097 504 de
1110 439 1256 497 sententia

161 531 315 590 demovere
327 538 490 600 conaretur,
508 529 565 590 nisi
586 529 653 589 talis
676 543 780 607 reapse
800 535 880 586 esset
898 536 996 586 restra
1014 527 1052 586 de
1065 537 1186 607 unoque
1200 549 1255 590 no-

160 631 251 681 strum
263 621 448 681 existimatio.
489 620 580 699 Atqui
594 620 675 679 illurn
688 620 799 700 injusta
813 619 919 691 dicere,
928 639 996 679 curn
1013 637 1065 680 vos
1079 617 1254 681 sentientiam

160 733 225 774 eam
241 723 354 773 mutare
368 713 503 785 suadeat,
515 731 570 792 ego
584 713 668 772 facile
679 713 801 785 docebo,
812 731 871 772 non
887 711 1008 771 calculis
1017 712 1255 774 adhibitis—non

159 807 239 865 enirn
260 807 302 865 ita
316 820 411 864 rerum
432 807 580 884 gestarum
605 805 807 865 subducuntur
828 805 1052 868 rationes-»ted
1076 806 1257 884 singularem

160 898 309 957 actionum
321 897 463 957 memoria
473 898 598 958 breviter
611 897 741 976 repetita,
758 897 898 974 vobisque
916 895 965 973 qni
983 895 1089 954 auditis
1112 899 1256 958 rationum

159 989 310 1067 jndicibus
324 990 409 1050 simul
423 999 453 1050 et
466 991 588 1050 testibus
602 989 770 1068 assumptis.
812 989 884 1048 Mea
896 987 974 1048 enim
987 987 1059 1066 reip.
1075 987 1261 1050 administra-1

164 1081 216 1152 tio,
230 1099 314 1159 quarn
326 1083 380 1141 iate
398 1082 574 1156 criminetur,
587 1082 694 1154 effecit,
707 1092 741 1141 ut
758 1101 812 1162 pro
832 1099 867 1140 eo
881 1081 960 1161 quod
974 1079 1103 1140 Thebani
1117 1097 1177 1140 rma
1189 1097 1258 1142 eunt

162 1173 299 1254 Philippo
308 1175 339 1233 in
353 1185 482 1237 nostram
490 1176 638 1255 regionem
648 1175 828 1248 invaderent,
841 1174 920 1253 quod
933 1189 1034 1234 omnes
1049 1175 1257 1234 existimabant

160 1265 302 1337 futurum,
316 1266 358 1324 illi
377 1267 542 1346 conjuretis
564 1268 713 1342 nobiscnm
728 1267 820 1346 copiis
840 1285 906 1326 eurn
926 1261 1133 1346 prohiberent:
1154 1284 1207 1346 pro
1220 1285 1258 1327 eo

161 1359 240 1436 quod
258 1359 369 1417 bellurn
387 1359 416 1416 in
440 1359 538 1420 Attica
560 1369 733 1434 versaretur,
749 1359 788 1420 ad
806 1360 993 1439 septingenta
1013 1362 1050 1420 ab
1071 1361 1143 1419 urbe
1162 1359 1259 1419 stadia

161 1449 191 1510 in
207 1451 376 1510 Boeomrum
398 1451 505 1508 finibus
519 1460 685 1526 gereretur:
707 1471 761 1526 pro
774 1468 809 1504 eo
821 1453 900 1524 quorl
921 1451 1074 1528 predones
1094 1465 1130 1511 ert
1145 1451 1258 1512 Eubrea

158 1543 279 1620 prffeeti
297 1561 354 1600 noa
377 1540 535 1618 diriperent
547 1549 751 1616 verioremque,
773 1547 806 1595 ut
824 1555 898 1615 pace
921 1543 1020 1597 Attiea
1041 1542 1183 1600 maritime
1206 1559 1259 1621 per

162 1654 249 1695 omne
262 1633 333 1693 belli
354 1643 466 1711 tempus
479 1629 641 1690 frueretur:
663 1650 716 1710 pro
739 1647 775 1689 eo
799 1628 878 1707 quod
898 1627 1123 1706 Hellespontum
1146 1639 1260 1692 teneret
1322 1679 1323 1684 1

163 1725 328 1806 Philippus,
344 1724 487 1805 Byzantio
502 1734 654 1802 occupato,
669 1733 703 1782 nt
715 1721 863 1802 conjuncti
882 1721 1033 1780 nobiscum
1048 1723 1182 1802 Byzantii
1196 1725 1258 1786 bel-

162 1819 222 1878 lurn
233 1819 260 1878 ei
276 1815 630 1877 eommunlter-inserrent.
672 1811 813 1894 Nunqoid
826 1809 947 1873 calculis
960 1813 1012 1873 tibi
1031 1814 1131 1874 similis
1144 1816 1260 1878 videtur

162 1929 276 1990 eaquae
290 1909 430 1968 derebus
445 1909 535 1987 gestis
548 1907 637 1966 initur
649 1907 744 1968 ratini
765 1917 816 1966 ant
827 1905 893 1965 heac
909 1907 1054 1966 nonnarr'o
1063 1907 1175 1987 judicio
1195 1909 1260 1970 tolli

162 2015 299 2082 oportere
309 2009 403 2078 putor,
413 2012 444 2061 et
463 2019 521 2060 non
535 2001 683 2080 quomodo
698 2001 883 2080 sempiterne
896 2011 1104 2060 consecrentur
1113 2004 1259 2063 memoriae

163 2094 282 2154 ridere?
319 2093 408 2153 Mitto
422 2094 500 2172 quod
514 2093 710 2153 crudilitatem
722 2113 797 2167 eam,
811 2109 898 2171 quam
908 2092 1074 2170 ubieunque
1087 2094 1198 2172 aliquos
1208 2113 1260 2174 pe-

163 2187 244 2246 nitus
254 2187 285 2246 in
297 2205 379 2246 suam
394 2196 569 2266 potestatem
582 2187 736 2265 redegerat
745 2185 898 2265 Philippus
912 2184 994 2244 licuit
1007 2187 1188 2264 conspicere,
1196 2187 1260 2248 aliis

164 2279 290 2358 experiri
304 2278 437 2356 contigit,
449 2278 636 2338 humanitatis
651 2289 758 2349 autem,
770 2297 858 2356 quam
871 2277 921 2335 ille
936 2295 1003 2336 enm
1018 2277 1056 2336 ad
1065 2287 1172 2339 oaetera
1184 2282 1261 2342 viem

166 2370 318 2432 affectaret
330 2371 413 2430 vobis
426 2371 494 2430 fiete
508 2371 683 2443 ostentabat,
691 2371 804 2431 fructus
816 2385 870 2428 vos
883 2370 986 2428 merito
1000 2370 1179 2450 percepistla

209 2465 258 2522 68.
279 2463 390 2523 Varum
405 2463 470 2523 beo
490 2465 579 2524 missa
592 2463 678 2522 farlo.
708 2449 859 2522 'Attamen
872 2461 929 2521 boo
945 2461 1041 2522 dicere
1055 2479 1115 2522 non
1129 2465 1259 2540 verebor,

165 2575 244 2629 eum,-
257 2556 306 2634 qui
328 2556 359 2615 in
373 2565 515 2615 oratorem
527 2557 608 2636 juste
621 2554 692 2616 velit
704 2554 849 2634 inquirere
869 2570 966 2634 neque
982 2554 1142 2615 calumnias
1166 2556 1260 2616 inten-

165 2649 246 2720 dere,
259 2667 321 2707 non
334 2667 370 2707 ea
382 2667 449 2726 que
462 2659 494 2707 tu
512 2649 601 2713 modo
622 2649 880 2721 commemorabas,
893 2647 1003 2706 crimini
1027 2661 1093 2707 ease
1114 2646 1259 2723 daturum,

165 2740 301 2818 exempta
317 2740 476 2817 tingentem
496 2742 642 2820 verbaque
664 2751 695 2801 et
714 2750 816 2820 gestus
840 2739 1266 2812 imitantem,——omninoenim

166 2832 198 2891 in
210 2851 258 2903 eo,
273 2851 371 2890 nonna
392 2831 496 2892 videri
515 2832 619 2914 posita
643 2843 714 2892 sunt
740 2833 865 2892 fortunae
890 2832 1024 2903 Graecia,
1042 2831 1137 2892 illone«
1151 2851 1189 2892 an
1209 2835 1262 2894 illo

167 2926 259 2984 verbo
280 2943 353 2984 nans
369 2925 433 2996 sim,
450 2925 508 2984 buc
528 2945 565 2985 an
586 2926 657 2985 illue
678 2939 796 2985 manum
817 2926 1041 3004 porrexerim-‚
1054 2923 1106 2983 sed
1120 2926 1199 3002 ipsas
1213 2945 1261 2985 res

167 3015 359 3096 indagantem
377 3027 585 3096 spectatarum,
600 3036 673 3096 quas
687 3018 842 3076 lannltates
856 3011 988 3094 quasque
1002 3016 1100 3092 oopies
1121 3026 1183 3074 tum
1206 3017 1260 3075 ba-

165 3110 250 3169 beret
261 3109 371 3178 ciritas,
383 3127 450 3167 enm
475 3109 519 3168 ad
533 3109 652 3188 negotia
674 3111 731 3168 ista
754 3107 878 3178 accessi,
892 3121 1024 3184 quasque
1045 3123 1101 3182 ego
1118 3107 1145 3164 ei
1158 3115 1264 3184 postea

166 3220 265 3260 rernm
278 3219 351 3259 oure
364 3209 502 3277 suscepta
516 3201 716 3278 compararim,
730 3210 832 3278 atquo
855 3197 921 3256 loco
942 3195 1048 3254 fuerint
1063 3213 1111 3254 res
1124 3197 1266 3258 adversa-⁴

166 3291 297 3352 riarum>
316 3291 422 3350 deinde
441 3290 464 3350 ei
478 3291 595 3369 quidem
609 3291 817 3351 imminuisrern
839 3289 910 3368 reip.
925 3288 1035 3367 copies,
1048 3289 1077 3346 in
1092 3306 1139 3349 me
1153 3291 1261 3352 crimen

167 3384 277 3443 haerere
291 3384 475 3456 ostendisset,
497 3384 542 3442 sin
556 3386 680 3444 multum
704 3384 858 3455 auriasem,
882 3401 940 3441 non
960 3391 1037 3441 esset
1058 3383 1261 3446 calumniatus.

166 3477 315 3541 Quoniam
325 3474 424 3534 ante-m
437 3486 471 3534 tu
484 3476 541 3535 boo
555 3477 703 3557 delegisti,
718 3495 773 3554 ego
783 3475 905 3535 faoiamr
929 3490 988 3546 vos,
1000 3484 1097 3536 utrum
1107 3487 1185 3538 reete
1198 3497 1266 3538 ome

167 3568 276 3629 tionem
289 3568 449 3640 instituam,
460 3577 601 3648 spectate.
1306 3569 1310 3576 “

208 3661 260 3719 69.
282 3659 391 3739 Copias
405 3659 493 3738 igitur
505 3661 632 3720 babebat
645 3659 745 3720 civitas
764 3661 920 3733 insulares,
943 3677 1002 3721 non
1027 3662 1186 3733 universos,
1210 3661 1263 3720 sed

166 3751 357 3820 infirmiorem
379 3753 569 3831 nequeenim
593 3753 683 3812 Cbios
702 3769 798 3834 neque
820 3753 945 3814 Rhodus
958 3770 1053 3832 neque
1068 3754 1196 3832 Corcyra
1209 3769 1263 3812 no-
1365 3805 1368 3811 .

168 3844 285 3904 birrum
304 3849 397 3904 erant.
439 3844 632 3904 Paconianum
649 3845 767 3904 nolletio
790 3846 937 3926 descripta
958 3855 1021 3906 erat
1037 3843 1075 3903 ad
1090 3844 1216 3922 quinque
1235 3855 1265 3906 et

169 3936 365 4015 quadraginta
381 3937 510 4005 talenta:
531 3947 621 4017 etque
639 3938 704 3996 bae
724 3939 786 4014 jaim
807 3949 874 3998 ante
894 3946 978 3997 erent
1004 3945 1117 3995 exenta.
1158 3935 1264 3998 Gravis

169 4037 325 4090 armaturae
335 4029 457 4088 militam
471 4039 522 4089 aut
532 4032 659 4109 equitem
670 4041 864 4110 praeterquam
877 4031 1020 4088 urbanum
1031 4029 1188 4088 ludebamur
1197 4031 1265 4089 nal-

168 4121 242 4180 lam.
283 4123 372 4188 Quod
385 4133 484 4182 sutem
497 4132 561 4184 erat
574 4124 702 4182 omniurn
716 4124 841 4182 maxime
853 4131 885 4182 et
897 4117 1113 4180 formidandum
1133 4123 1219 4182 nobis
1234 4133 1264 4182 et

167 4215 304 4274 hostibus
321 4215 512 4290 utilissimum,
532 4217 714 4295 perfecerant
731 4217 780 4276 isti
802 4225 836 4274 nt
854 4213 966 4276 finitimi
989 4231 1090 4276 omnes
1110 4215 1265 4275 inimicitiis

169 4321 271 4369 eseam
288 4327 360 4387 erge
379 4327 436 4369 nos
458 4325 545 4388 qaam
568 4310 701 4371 amicitie
722 4308 881 4388 propiores,
905 4307 1106 4388 Megarenses,
1125 4305 1265 4379 Thebani,

171 4402 293 4464 Ethai·
333 4401 631 4481 anignorntviutts
651 4401 709 4467 hoo
728 4410 812 4460 erant
829 4401 907 4472 loco,
920 4407 1130 4482 nequeproer'er
1144 4400 1207 4458 haec
1220 4395 1272 4456 (li-1
