<?xml version="1.0" encoding="UTF-8"?>
<!DOCTYPE html PUBLIC "-//W3C//DTD XHTML 1.0 Transitional//EN"
    "http://www.w3.org/TR/xhtml1/DTD/xhtml1-transitional.dtd">
<html xmlns="http://www.w3.org/1999/xhtml" xml:lang="en" lang="en">
 <head>
  <title>
</title>
<meta http-equiv="Content-Type" content="text/html;charset=utf-8" />
  <meta name='ocr-system' content='tesseract 3.04.00' />
  <meta name='ocr-capabilities' content='ocr_page ocr_carea ocr_par ocr_line ocrx_word'/>
</head>
<body>
  <div class='ocr_page' id='page_1' title='image "./demosthenisetsc08ulpigoog/demosthenisetsc08ulpigoog_0236.png"; bbox 0 0 2946 4954; ppageno 0'>
   <div class='ocr_carea' id='block_1_1' title="bbox 418 287 1288 406">
    <p class='ocr_par' dir='ltr' id='par_1_1' title="bbox 418 287 1288 406">
     <span class='ocr_line' id='line_1_1' title="bbox 418 287 1288 406; baseline 0 -38"><span class='ocrx_word' id='word_1_1' title='bbox 418 287 770 369; x_wconf 72' lang='lat' dir='ltr'>annumerem</span> <span class='ocrx_word' id='word_1_2' title='bbox 793 303 1043 370; x_wconf 76' lang='grc' dir='ltr'>ιιιιιιιιοιιι.</span> <span class='ocrx_word' id='word_1_3' title='bbox 1190 315 1192 332; x_wconf 90' lang='grc'><strong><em>·</em></strong></span> <span class='ocrx_word' id='word_1_4' title='bbox 1216 309 1288 406; x_wconf 58' lang='grc' dir='ltr'>ιιι,</span> 
     </span>
    </p>
   </div>
   <div class='ocr_carea' id='block_1_2' title="bbox 168 458 1381 568">
    <p class='ocr_par' dir='ltr' id='par_1_2' title="bbox 168 458 1381 568">
     <span class='ocr_line' id='line_1_2' title="bbox 168 458 1381 568; baseline -0.001 -45"><span class='ocrx_word' id='word_1_5' title='bbox 168 458 245 523; x_wconf 80' lang='lat' dir='ltr'>veri</span> <span class='ocrx_word' id='word_1_6' title='bbox 252 462 454 536; x_wconf 76' lang='lat' dir='ltr'>renunciasse,</span> <span class='ocrx_word' id='word_1_7' title='bbox 476 473 507 522; x_wconf 85' lang='lat' dir='ltr'>et</span> <span class='ocrx_word' id='word_1_8' title='bbox 523 463 671 524; x_wconf 89' lang='lat' dir='ltr'>obstitisse</span> <span class='ocrx_word' id='word_1_9' title='bbox 688 465 811 568; x_wconf 85' lang='lat' dir='ltr'>populo,</span> <span class='ocrx_word' id='word_1_10' title='bbox 825 483 861 524; x_wconf 86' lang='lat' dir='ltr'>ne</span> <span class='ocrx_word' id='word_1_11' title='bbox 875 483 976 526; x_wconf 90' lang='lat' dir='ltr'>verum</span> <span class='ocrx_word' id='word_1_12' title='bbox 991 481 1031 524; x_wconf 86' lang='lat' dir='ltr'>cx</span> <span class='ocrx_word' id='word_1_13' title='bbox 1042 481 1091 522; x_wconf 85' lang='lat' dir='ltr'>me</span> <span class='ocrx_word' id='word_1_14' title='bbox 1104 459 1229 536; x_wconf 87' lang='lat' dir='ltr'>audiret,</span> <span class='ocrx_word' id='word_1_15' title='bbox 1242 470 1274 522; x_wconf 83' lang='lat' dir='ltr'>et</span> <span class='ocrx_word' id='word_1_16' title='bbox 1378 499 1381 512; x_wconf 90' lang='lat'>·</span> 
     </span>
    </p>
   </div>
   <div class='ocr_carea' id='block_1_3' title="bbox 115 553 1331 1924">
    <p class='ocr_par' dir='ltr' id='par_1_3' title="bbox 115 553 1331 1924">
     <span class='ocr_line' id='line_1_3' title="bbox 170 553 1273 633; baseline -0.001 -20"><span class='ocrx_word' id='word_1_17' title='bbox 170 553 290 613; x_wconf 83' lang='lat' dir='ltr'>utilibus</span> <span class='ocrx_word' id='word_1_18' title='bbox 310 556 445 613; x_wconf 87' lang='lat' dir='ltr'>maxime</span> <span class='ocrx_word' id='word_1_19' title='bbox 458 556 602 616; x_wconf 90' lang='lat' dir='ltr'>contraria</span> <span class='ocrx_word' id='word_1_20' title='bbox 617 556 745 616; x_wconf 82' lang='lat' dir='ltr'>suasisse</span> <span class='ocrx_word' id='word_1_21' title='bbox 758 556 853 629; x_wconf 87' lang='lat' dir='ltr'>vobis,</span> <span class='ocrx_word' id='word_1_22' title='bbox 866 565 897 616; x_wconf 73' lang='grc' dir='ltr'>ιιι</span> <span class='ocrx_word' id='word_1_23' title='bbox 910 555 980 616; x_wconf 89' lang='lat' dir='ltr'>nihil</span> <span class='ocrx_word' id='word_1_24' title='bbox 995 574 1096 616; x_wconf 89' lang='lat' dir='ltr'>eorum</span> <span class='ocrx_word' id='word_1_25' title='bbox 1110 573 1176 633; x_wconf 87' lang='lat' dir='ltr'>quae</span> <span class='ocrx_word' id='word_1_26' title='bbox 1189 573 1273 613; x_wconf 90' lang='lat' dir='ltr'>man·</span> 
     </span>
     <span class='ocr_line' id='line_1_4' title="bbox 168 645 1272 727; baseline 0.002 -23"><span class='ocrx_word' id='word_1_27' title='bbox 168 645 358 724; x_wconf 88' lang='lat' dir='ltr'>daveratis,</span> <span class='ocrx_word' id='word_1_28' title='bbox 348 663 380 704; x_wconf 92' lang='grc' dir='ltr'>ιιι</span> <span class='ocrx_word' id='word_1_29' title='bbox 405 645 552 724; x_wconf 84' lang='lat' dir='ltr'>legatione</span> <span class='ocrx_word' id='word_1_30' title='bbox 574 649 688 720; x_wconf 86' lang='lat' dir='ltr'>fecisse,</span> <span class='ocrx_word' id='word_1_31' title='bbox 709 658 739 707; x_wconf 90' lang='lat' dir='ltr'>et</span> <span class='ocrx_word' id='word_1_32' title='bbox 759 649 977 726; x_wconf 82' lang='lat' dir='ltr'>consumpsisse</span> <span class='ocrx_word' id='word_1_33' title='bbox 1000 658 1145 727; x_wconf 85' lang='lat' dir='ltr'>tempora,</span> <span class='ocrx_word' id='word_1_34' title='bbox 1165 647 1272 726; x_wconf 86' lang='lat' dir='ltr'>quibus</span> 
     </span>
     <span class='ocr_line' id='line_1_5' title="bbox 168 729 1274 843; baseline 0.002 -46"><span class='ocrx_word' id='word_1_35' title='bbox 168 729 329 799; x_wconf 87' lang='lat' dir='ltr'>multarum</span> <span class='ocrx_word' id='word_1_36' title='bbox 342 748 373 798; x_wconf 89' lang='lat' dir='ltr'>et</span> <span class='ocrx_word' id='word_1_37' title='bbox 385 755 558 842; x_wconf 84' lang='lat' dir='ltr'>magnarum</span> <span class='ocrx_word' id='word_1_38' title='bbox 581 759 676 798; x_wconf 88' lang='lat' dir='ltr'>rerum</span> <span class='ocrx_word' id='word_1_39' title='bbox 698 740 868 801; x_wconf 80' lang='lat' dir='ltr'>occasiones</span> <span class='ocrx_word' id='word_1_40' title='bbox 889 739 1055 843; x_wconf 79' lang='lat' dir='ltr'>reipublicae</span> <span class='ocrx_word' id='word_1_41' title='bbox 1068 740 1227 818; x_wconf 88' lang='lat' dir='ltr'>perierunt,</span> <span class='ocrx_word' id='word_1_42' title='bbox 1243 750 1274 799; x_wconf 90' lang='lat' dir='ltr'>et</span> 
     </span>
     <span class='ocr_line' id='line_1_6' title="bbox 167 830 1271 912; baseline 0.001 -24"><span class='ocrx_word' id='word_1_43' title='bbox 167 839 289 908; x_wconf 91' lang='lat' dir='ltr'>propter</span> <span class='ocrx_word' id='word_1_44' title='bbox 298 830 364 890; x_wconf 76' lang='lat' dir='ltr'>haec</span> <span class='ocrx_word' id='word_1_45' title='bbox 375 831 474 889; x_wconf 91' lang='lat' dir='ltr'>omnia</span> <span class='ocrx_word' id='word_1_46' title='bbox 487 848 609 890; x_wconf 89' lang='lat' dir='ltr'>munera</span> <span class='ocrx_word' id='word_1_47' title='bbox 622 832 653 890; x_wconf 83' lang='lat' dir='ltr'>&#39;et</span> <span class='ocrx_word' id='word_1_48' title='bbox 665 833 814 892; x_wconf 88' lang='lat' dir='ltr'>mercedes</span> <span class='ocrx_word' id='word_1_49' title='bbox 829 831 980 912; x_wconf 87' lang='lat' dir='ltr'>accepisse</span> <span class='ocrx_word' id='word_1_50' title='bbox 1002 851 1070 891; x_wconf 92' lang='lat' dir='ltr'>cum</span> <span class='ocrx_word' id='word_1_51' title='bbox 1094 830 1271 904; x_wconf 89' lang='lat' dir='ltr'>Philocrate,</span> 
     </span>
     <span class='ocr_line' id='line_1_7' title="bbox 171 921 1331 1004; baseline 0 -22"><span class='ocrx_word' id='word_1_52' title='bbox 171 922 369 982; x_wconf 81' lang='lat' dir='ltr'>condemnate</span> <span class='ocrx_word' id='word_1_53' title='bbox 384 941 461 991; x_wconf 90' lang='lat' dir='ltr'>eum,</span> <span class='ocrx_word' id='word_1_54' title='bbox 478 932 519 995; x_wconf 90' lang='lat' dir='ltr'>et,</span> <span class='ocrx_word' id='word_1_55' title='bbox 532 933 566 982; x_wconf 91' lang='lat' dir='ltr'>ut</span> <span class='ocrx_word' id='word_1_56' title='bbox 580 923 666 984; x_wconf 83' lang='lat' dir='ltr'>iactis</span> <span class='ocrx_word' id='word_1_57' title='bbox 680 925 742 1004; x_wconf 84' lang='lat' dir='ltr'>ejus</span> <span class='ocrx_word' id='word_1_58' title='bbox 756 924 878 1002; x_wconf 84' lang='lat' dir='ltr'>dignum</span> <span class='ocrx_word' id='word_1_59' title='bbox 895 932 950 995; x_wconf 87' lang='lat' dir='ltr'>est,</span> <span class='ocrx_word' id='word_1_60' title='bbox 965 921 1125 982; x_wconf 86' lang='lat' dir='ltr'>mulctate:</span> <span class='ocrx_word' id='word_1_61' title='bbox 1148 923 1193 982; x_wconf 90' lang='lat' dir='ltr'>sin</span> <span class='ocrx_word' id='word_1_62' title='bbox 1207 923 1272 982; x_wconf 85' lang='lat' dir='ltr'>haec</span> <span class='ocrx_word' id='word_1_63' title='bbox 1323 933 1331 946; x_wconf 81' lang='grc'><strong>“</strong></span> 
     </span>
     <span class='ocr_line' id='line_1_8' title="bbox 168 1013 1272 1093; baseline 0.002 -23"><span class='ocrx_word' id='word_1_64' title='bbox 168 1032 230 1072; x_wconf 90' lang='lat' dir='ltr'>non</span> <span class='ocrx_word' id='word_1_65' title='bbox 244 1013 412 1086; x_wconf 74' lang='lat' dir='ltr'>ostendero,</span> <span class='ocrx_word' id='word_1_66' title='bbox 424 1022 475 1072; x_wconf 90' lang='lat' dir='ltr'>aut</span> <span class='ocrx_word' id='word_1_67' title='bbox 488 1033 547 1073; x_wconf 92' lang='lat' dir='ltr'>non</span> <span class='ocrx_word' id='word_1_68' title='bbox 561 1015 716 1074; x_wconf 85' lang='lat' dir='ltr'>ostendero</span> <span class='ocrx_word' id='word_1_69' title='bbox 729 1017 836 1088; x_wconf 90' lang='lat' dir='ltr'>omnia,</span> <span class='ocrx_word' id='word_1_70' title='bbox 850 1025 882 1076; x_wconf 88' lang='lat' dir='ltr'>et</span> <span class='ocrx_word' id='word_1_71' title='bbox 903 1033 951 1073; x_wconf 85' lang='lat' dir='ltr'>me</span> <span class='ocrx_word' id='word_1_72' title='bbox 975 1014 1139 1093; x_wconf 88' lang='lat' dir='ltr'>improbum</span> <span class='ocrx_word' id='word_1_73' title='bbox 1163 1014 1272 1086; x_wconf 87' lang='lat' dir='ltr'>ducite,</span> 
     </span>
     <span class='ocr_line' id='line_1_9' title="bbox 169 1104 1278 1188; baseline 0.002 -26"><span class='ocrx_word' id='word_1_74' title='bbox 169 1114 202 1164; x_wconf 84' lang='lat' dir='ltr'>et</span> <span class='ocrx_word' id='word_1_75' title='bbox 214 1105 300 1164; x_wconf 88' lang='lat' dir='ltr'>istum</span> <span class='ocrx_word' id='word_1_76' title='bbox 315 1105 469 1165; x_wconf 84' lang='lat' dir='ltr'>absolvite.</span> <span class='ocrx_word' id='word_1_77' title='bbox 500 1107 678 1184; x_wconf 77' lang='lat' dir='ltr'>Quanquam</span> <span class='ocrx_word' id='word_1_78' title='bbox 692 1116 790 1166; x_wconf 82' lang='lat' dir='ltr'>autem</span> <span class='ocrx_word' id='word_1_79' title='bbox 803 1107 895 1166; x_wconf 87' lang='lat' dir='ltr'>multa</span> <span class='ocrx_word' id='word_1_80' title='bbox 908 1114 939 1165; x_wconf 90' lang='lat' dir='ltr'>et</span> <span class='ocrx_word' id='word_1_81' title='bbox 951 1106 1061 1184; x_wconf 83' lang='lat' dir='ltr'>gravia,</span> <span class='ocrx_word' id='word_1_82' title='bbox 1075 1115 1182 1184; x_wconf 83' lang='lat' dir='ltr'>praeter</span> <span class='ocrx_word' id='word_1_83' title='bbox 1195 1104 1278 1188; x_wconf 21' lang='lat' dir='ltr'>haec,-</span> 
     </span>
     <span class='ocr_line' id='line_1_10' title="bbox 167 1194 1276 1277; baseline 0 -22"><span class='ocrx_word' id='word_1_84' title='bbox 167 1194 256 1256; x_wconf 88' lang='lat' dir='ltr'>etiam</span> <span class='ocrx_word' id='word_1_85' title='bbox 271 1198 329 1256; x_wconf 89' lang='lat' dir='ltr'>alia</span> <span class='ocrx_word' id='word_1_86' title='bbox 345 1197 381 1256; x_wconf 88' lang='lat' dir='ltr'>in·</span> <span class='ocrx_word' id='word_1_87' title='bbox 401 1217 436 1256; x_wconf 93' lang='lat' dir='ltr'>eo</span> <span class='ocrx_word' id='word_1_88' title='bbox 459 1217 596 1263; x_wconf 87' lang='lat' dir='ltr'>accusare</span> <span class='ocrx_word' id='word_1_89' title='bbox 609 1217 736 1276; x_wconf 89' lang='lat' dir='ltr'>possem,</span> <span class='ocrx_word' id='word_1_90' title='bbox 753 1197 960 1270; x_wconf 88' lang='lat' dir='ltr'>Athenienses,</span> <span class='ocrx_word' id='word_1_91' title='bbox 975 1199 1012 1257; x_wconf 92' lang='lat' dir='ltr'>ob</span> <span class='ocrx_word' id='word_1_92' title='bbox 1027 1217 1093 1277; x_wconf 80' lang='lat' dir='ltr'>quae</span> <span class='ocrx_word' id='word_1_93' title='bbox 1108 1216 1195 1257; x_wconf 90' lang='lat' dir='ltr'>nemo</span> <span class='ocrx_word' id='word_1_94' title='bbox 1212 1209 1276 1256; x_wconf 86' lang='lat' dir='ltr'>uon¹</span> 
     </span>
     <span class='ocr_line' id='line_1_11' title="bbox 115 1289 1269 1368; baseline 0.002 -22"><span class='ocrx_word' id='word_1_95' title='bbox 115 1315 120 1324; x_wconf 38' lang='grc' dir='ltr'>ι</span> <span class='ocrx_word' id='word_1_96' title='bbox 167 1289 313 1368; x_wconf 86' lang='lat' dir='ltr'>eumjure</span> <span class='ocrx_word' id='word_1_97' title='bbox 327 1289 432 1362; x_wconf 87' lang='lat' dir='ltr'>oderit,</span> <span class='ocrx_word' id='word_1_98' title='bbox 444 1309 497 1348; x_wconf 89' lang='lat' dir='ltr'>vos</span> <span class='ocrx_word' id='word_1_99' title='bbox 512 1299 609 1350; x_wconf 85' lang='lat' dir='ltr'>tamen</span> <span class='ocrx_word' id='word_1_100' title='bbox 628 1299 696 1348; x_wconf 90' lang='lat' dir='ltr'>aute</span> <span class='ocrx_word' id='word_1_101' title='bbox 710 1291 808 1348; x_wconf 88' lang='lat' dir='ltr'>omnia</span> <span class='ocrx_word' id='word_1_102' title='bbox 821 1309 887 1368; x_wconf 82' lang='lat' dir='ltr'>quae</span> <span class='ocrx_word' id='word_1_103' title='bbox 908 1289 1039 1348; x_wconf 89' lang='lat' dir='ltr'>dicturus</span> <span class='ocrx_word' id='word_1_104' title='bbox 1053 1307 1119 1348; x_wconf 87' lang='lat' dir='ltr'>sum</span> <span class='ocrx_word' id='word_1_105' title='bbox 1130 1289 1215 1367; x_wconf 89' lang='lat' dir='ltr'>(licet</span> <span class='ocrx_word' id='word_1_106' title='bbox 1226 1289 1269 1362; x_wconf 91' lang='lat' dir='ltr'>id,</span> 
     </span>
     <span class='ocr_line' id='line_1_12' title="bbox 166 1371 1272 1460; baseline 0.001 -21"><span class='ocrx_word' id='word_1_107' title='bbox 166 1391 201 1439; x_wconf 91' lang='lat' dir='ltr'>ut</span> <span class='ocrx_word' id='word_1_108' title='bbox 223 1381 300 1440; x_wconf 82' lang='lat' dir='ltr'>satie</span> <span class='ocrx_word' id='word_1_109' title='bbox 320 1381 391 1451; x_wconf 85' lang='lat' dir='ltr'>scio,</span> <span class='ocrx_word' id='word_1_110' title='bbox 415 1381 547 1460; x_wconf 90' lang='lat' dir='ltr'>pleriq-ue</span> <span class='ocrx_word' id='word_1_111' title='bbox 573 1371 702 1440; x_wconf 82' lang='lat' dir='ltr'>vestrum</span> <span class='ocrx_word' id='word_1_112' title='bbox 722 1381 929 1455; x_wconf 80' lang='lat' dir='ltr'>meminerunt)</span> <span class='ocrx_word' id='word_1_113' title='bbox 947 1381 1215 1452; x_wconf 78' lang='lat' dir='ltr'>commonefaciam,</span> <span class='ocrx_word' id='word_1_114' title='bbox 1238 1381 1272 1440; x_wconf 92' lang='lat' dir='ltr'>in</span> 
     </span>
     <span class='ocr_line' id='line_1_13' title="bbox 165 1471 1270 1551; baseline -0.001 -20"><span class='ocrx_word' id='word_1_115' title='bbox 165 1490 254 1550; x_wconf 90' lang='lat' dir='ltr'>quern</span> <span class='ocrx_word' id='word_1_116' title='bbox 267 1471 437 1551; x_wconf 73' lang='lat' dir='ltr'>reipublicae</span> <span class='ocrx_word' id='word_1_117' title='bbox 458 1473 582 1551; x_wconf 80' lang='lat' dir='ltr'>gradum</span> <span class='ocrx_word' id='word_1_118' title='bbox 596 1473 749 1532; x_wconf 85' lang='lat' dir='ltr'>AEschines</span> <span class='ocrx_word' id='word_1_119' title='bbox 764 1492 795 1531; x_wconf 86' lang='lat' dir='ltr'>se</span> <span class='ocrx_word' id='word_1_120' title='bbox 808 1472 932 1550; x_wconf 89' lang='lat' dir='ltr'>primum</span> <span class='ocrx_word' id='word_1_121' title='bbox 947 1472 1107 1545; x_wconf 89' lang='lat' dir='ltr'>collocarit,</span> <span class='ocrx_word' id='word_1_122' title='bbox 1121 1480 1151 1530; x_wconf 89' lang='lat' dir='ltr'>et</span> <span class='ocrx_word' id='word_1_123' title='bbox 1165 1472 1270 1550; x_wconf 89' lang='lat' dir='ltr'>quales</span> 
     </span>
     <span class='ocr_line' id='line_1_14' title="bbox 165 1554 1275 1644; baseline -0.002 -20"><span class='ocrx_word' id='word_1_124' title='bbox 165 1554 325 1625; x_wconf 83' lang='lat' dir='ltr'>conciones</span> <span class='ocrx_word' id='word_1_125' title='bbox 341 1575 445 1625; x_wconf 88' lang='lat' dir='ltr'>contra</span> <span class='ocrx_word' id='word_1_126' title='bbox 452 1564 618 1644; x_wconf 88' lang='lat' dir='ltr'>Philippum</span> <span class='ocrx_word' id='word_1_127' title='bbox 629 1564 684 1623; x_wconf 85' lang='lat' dir='ltr'>sibi</span> <span class='ocrx_word' id='word_1_128' title='bbox 693 1563 845 1624; x_wconf 90' lang='lat' dir='ltr'>habendas</span> <span class='ocrx_word' id='word_1_129' title='bbox 855 1583 921 1623; x_wconf 85' lang='lat' dir='ltr'>esse</span> <span class='ocrx_word' id='word_1_130' title='bbox 930 1563 1077 1624; x_wconf 89' lang='lat' dir='ltr'>censuerit</span> <span class='ocrx_word' id='word_1_131' title='bbox 1086 1582 1094 1632; x_wconf 84' lang='lat'>;</span> <span class='ocrx_word' id='word_1_132' title='bbox 1111 1572 1144 1620; x_wconf 92' lang='lat' dir='ltr'>ut</span> <span class='ocrx_word' id='word_1_133' title='bbox 1158 1565 1275 1634; x_wconf 66' lang='lat' dir='ltr'>sciatis,</span> 
     </span>
     <span class='ocr_line' id='line_1_15' title="bbox 165 1656 1272 1761; baseline -0.002 -45"><span class='ocrx_word' id='word_1_134' title='bbox 165 1676 234 1716; x_wconf 90' lang='lat' dir='ltr'>eum</span> <span class='ocrx_word' id='word_1_135' title='bbox 261 1658 324 1716; x_wconf 89' lang='lat' dir='ltr'>suis</span> <span class='ocrx_word' id='word_1_136' title='bbox 345 1659 429 1729; x_wconf 88' lang='lat' dir='ltr'>actis,</span> <span class='ocrx_word' id='word_1_137' title='bbox 450 1665 481 1717; x_wconf 92' lang='lat' dir='ltr'>et</span> <span class='ocrx_word' id='word_1_138' title='bbox 500 1657 600 1761; x_wconf 86' lang='lat' dir='ltr'>primis</span> <span class='ocrx_word' id='word_1_139' title='bbox 626 1656 816 1717; x_wconf 88' lang='lat' dir='ltr'>concionibus</span> <span class='ocrx_word' id='word_1_140' title='bbox 841 1657 964 1714; x_wconf 82' lang='lat' dir='ltr'>maxime</span> <span class='ocrx_word' id='word_1_141' title='bbox 991 1664 1181 1734; x_wconf 89' lang='lat' dir='ltr'>acceptorum</span> <span class='ocrx_word' id='word_1_142' title='bbox 1204 1669 1272 1714; x_wconf 74' lang='lat' dir='ltr'>mn·&#39;</span> 
     </span>
     <span class='ocr_line' id='line_1_16' title="bbox 164 1749 1147 1828; baseline -0.002 -20"><span class='ocrx_word' id='word_1_143' title='bbox 164 1767 268 1814; x_wconf 86' lang='lat' dir='ltr'>uerum</span> <span class='ocrx_word' id='word_1_144' title='bbox 279 1767 370 1828; x_wconf 89' lang='lat' dir='ltr'>posse</span> <span class='ocrx_word' id='word_1_145' title='bbox 384 1749 530 1808; x_wconf 88' lang='lat' dir='ltr'>convinci.</span> <span class='ocrx_word' id='word_1_146' title='bbox 1145 1773 1147 1776; x_wconf 95' lang='lat'>·</span> 
     </span>
     <span class='ocr_line' id='line_1_17' title="bbox 189 1795 1268 1924; baseline 0.002 -24.029"><span class='ocrx_word' id='word_1_147' title='bbox 189 1842 235 1900; x_wconf 83' lang='lat'>&#39;.5</span> <span class='ocrx_word' id='word_1_148' title='bbox 257 1839 395 1900; x_wconf 87' lang='lat' dir='ltr'>Primus</span> <span class='ocrx_word' id='word_1_149' title='bbox 387 1841 476 1920; x_wconf 75' lang='lat' dir='ltr'>igitur</span> <span class='ocrx_word' id='word_1_150' title='bbox 487 1838 537 1900; x_wconf 91' lang='lat' dir='ltr'>hie</span> <span class='ocrx_word' id='word_1_151' title='bbox 553 1853 600 1901; x_wconf 90' lang='lat' dir='ltr'>est</span> <span class='ocrx_word' id='word_1_152' title='bbox 610 1842 832 1924; x_wconf 82' lang='lat' dir='ltr'>Atheniensium</span> <span class='ocrx_word' id='word_1_153' title='bbox 846 1864 896 1924; x_wconf 86' lang='lat' dir='ltr'>qur</span> <span class='ocrx_word' id='word_1_154' title='bbox 887 1835 1146 1905; x_wconf 80' lang='lat' dir='ltr'>&#39;animadverterit</span> <span class='ocrx_word' id='word_1_155' title='bbox 1155 1795 1268 1922; x_wconf 83' lang='lat' dir='ltr'>Philip-</span> 
     </span>
    </p>
   </div>
   <div class='ocr_carea' id='block_1_4' title="bbox 11 1919 1271 2016">
    <p class='ocr_par' dir='ltr' id='par_1_4' title="bbox 11 1919 1271 2016">
     <span class='ocr_line' id='line_1_18' title="bbox 11 1919 1271 2016; baseline 0.007 -27"><span class='ocrx_word' id='word_1_156' title='bbox 11 1945 12 1950; x_wconf 74' lang='grc'>’</span> <span class='ocrx_word' id='word_1_157' title='bbox 114 2009 118 2015; x_wconf 29' lang='lat'>¹</span> <span class='ocrx_word' id='word_1_158' title='bbox 164 1951 246 2012; x_wconf 90' lang='lat' dir='ltr'>pum,</span> <span class='ocrx_word' id='word_1_159' title='bbox 258 1943 293 1992; x_wconf 86' lang='lat' dir='ltr'>ut</span> <span class='ocrx_word' id='word_1_160' title='bbox 303 1941 368 1992; x_wconf 90' lang='lat' dir='ltr'>tum</span> <span class='ocrx_word' id='word_1_161' title='bbox 377 1951 430 2011; x_wconf 90' lang='lat' dir='ltr'>pru</span> <span class='ocrx_word' id='word_1_162' title='bbox 441 1948 582 1993; x_wconf 79' lang='lat' dir='ltr'>conclaue</span> <span class='ocrx_word' id='word_1_163' title='bbox 597 1919 756 2016; x_wconf 77' lang='lat' dir='ltr'>asserebat,</span> <span class='ocrx_word' id='word_1_164' title='bbox 766 1936 895 1996; x_wconf 83' lang='lat' dir='ltr'>rnsrdrarr</span> <span class='ocrx_word' id='word_1_165' title='bbox 907 1937 1031 2009; x_wconf 83' lang='lat' dir='ltr'>Graecrs</span> <span class='ocrx_word' id='word_1_166' title='bbox 1042 1947 1072 1998; x_wconf 90' lang='lat' dir='ltr'>et</span> <span class='ocrx_word' id='word_1_167' title='bbox 1085 1955 1271 2015; x_wconf 83' lang='lat' dir='ltr'>corrumpere</span> 
     </span>
    </p>
   </div>
   <div class='ocr_carea' id='block_1_5' title="bbox 79 2024 1357 2680">
    <p class='ocr_par' dir='ltr' id='par_1_5' title="bbox 79 2024 1357 2662">
     <span class='ocr_line' id='line_1_19' title="bbox 164 2024 1272 2112; baseline 0.005 -30"><span class='ocrx_word' id='word_1_168' title='bbox 164 2025 401 2112; x_wconf 80' lang='lat' dir='ltr'>magistratuum</span> <span class='ocrx_word' id='word_1_169' title='bbox 414 2024 586 2104; x_wconf 89' lang='lat' dir='ltr'>quosdam</span> <span class='ocrx_word' id='word_1_170' title='bbox 579 2047 609 2085; x_wconf 94' lang='grc' dir='ltr'>ιιι</span> <span class='ocrx_word' id='word_1_171' title='bbox 633 2027 778 2087; x_wconf 85' lang='lat' dir='ltr'>Arcadia:</span> <span class='ocrx_word' id='word_1_172' title='bbox 800 2047 850 2106; x_wconf 89' lang='lat' dir='ltr'>qur</span> <span class='ocrx_word' id='word_1_173' title='bbox 841 2028 993 2088; x_wconf 92' lang='lat' dir='ltr'>adhibito</span> <span class='ocrx_word' id='word_1_174' title='bbox 1005 2029 1177 2100; x_wconf 89' lang='lat' dir='ltr'>Ischaudro,</span> <span class='ocrx_word' id='word_1_175' title='bbox 1192 2029 1272 2088; x_wconf 88' lang='lat' dir='ltr'>Neo-</span> 
     </span>
     <span class='ocr_line' id='line_1_20' title="bbox 163 2104 1269 2204; baseline 0.003 -28"><span class='ocrx_word' id='word_1_176' title='bbox 163 2117 286 2196; x_wconf 88' lang='lat' dir='ltr'>ptolemi</span> <span class='ocrx_word' id='word_1_177' title='bbox 300 2104 470 2178; x_wconf 79' lang='lat' dir='ltr'>secundario</span> <span class='ocrx_word' id='word_1_178' title='bbox 484 2127 591 2191; x_wconf 87' lang='lat' dir='ltr'>actore,</span> <span class='ocrx_word' id='word_1_179' title='bbox 606 2118 735 2179; x_wconf 90' lang='lat' dir='ltr'>retulerit</span> <span class='ocrx_word' id='word_1_180' title='bbox 749 2119 786 2178; x_wconf 91' lang='lat' dir='ltr'>ad</span> <span class='ocrx_word' id='word_1_181' title='bbox 802 2128 947 2191; x_wconf 88' lang='lat' dir='ltr'>senatum,</span> <span class='ocrx_word' id='word_1_182' title='bbox 961 2121 1096 2180; x_wconf 89' lang='lat' dir='ltr'>retulerit</span> <span class='ocrx_word' id='word_1_183' title='bbox 1113 2121 1152 2184; x_wconf 83' lang='lat' dir='ltr'>ad</span> <span class='ocrx_word' id='word_1_184' title='bbox 1175 2133 1269 2204; x_wconf 85' lang='lat' dir='ltr'>popu·</span> 
     </span>
     <span class='ocr_line' id='line_1_21' title="bbox 164 2205 1357 2292; baseline 0.005 -24"><span class='ocrx_word' id='word_1_185' title='bbox 164 2209 226 2270; x_wconf 90' lang='lat' dir='ltr'>lum</span> <span class='ocrx_word' id='word_1_186' title='bbox 246 2211 293 2270; x_wconf 92' lang='lat' dir='ltr'>his</span> <span class='ocrx_word' id='word_1_187' title='bbox 316 2211 352 2269; x_wconf 93' lang='lat' dir='ltr'>de</span> <span class='ocrx_word' id='word_1_188' title='bbox 375 2212 474 2282; x_wconf 91' lang='lat' dir='ltr'>rebus,</span> <span class='ocrx_word' id='word_1_189' title='bbox 498 2221 529 2270; x_wconf 88' lang='lat' dir='ltr'>et</span> <span class='ocrx_word' id='word_1_190' title='bbox 548 2212 767 2272; x_wconf 88' lang='lat' dir='ltr'>suaseritvobis</span> <span class='ocrx_word' id='word_1_191' title='bbox 772 2233 969 2292; x_wconf 89' lang='lat' dir='ltr'>,quocunque</span> <span class='ocrx_word' id='word_1_192' title='bbox 984 2225 1129 2273; x_wconf 89' lang='lat' dir='ltr'>terrarum</span> <span class='ocrx_word' id='word_1_193' title='bbox 1153 2214 1269 2292; x_wconf 82' lang='lat' dir='ltr'>legatos</span> <span class='ocrx_word' id='word_1_194' title='bbox 1354 2205 1357 2215; x_wconf 64' lang='grc'><strong>’</strong></span> 
     </span>
     <span class='ocr_line' id='line_1_22' title="bbox 161 2290 1271 2408; baseline 0.003 -47"><span class='ocrx_word' id='word_1_195' title='bbox 161 2321 232 2362; x_wconf 87' lang='lat' dir='ltr'>esse</span> <span class='ocrx_word' id='word_1_196' title='bbox 249 2301 417 2375; x_wconf 89' lang='lat' dir='ltr'>mittendos,</span> <span class='ocrx_word' id='word_1_197' title='bbox 431 2290 482 2408; x_wconf 80' lang='lat' dir='ltr'>qsi</span> <span class='ocrx_word' id='word_1_198' title='bbox 507 2301 628 2362; x_wconf 87' lang='lat' dir='ltr'>Graecos</span> <span class='ocrx_word' id='word_1_199' title='bbox 652 2303 710 2363; x_wconf 92' lang='lat' dir='ltr'>buc</span> <span class='ocrx_word' id='word_1_200' title='bbox 731 2315 936 2378; x_wconf 88' lang='lat' dir='ltr'>convocarent,</span> <span class='ocrx_word' id='word_1_201' title='bbox 956 2306 993 2364; x_wconf 85' lang='lat' dir='ltr'>de</span> <span class='ocrx_word' id='word_1_202' title='bbox 1011 2304 1090 2369; x_wconf 90' lang='lat' dir='ltr'>bello</span> <span class='ocrx_word' id='word_1_203' title='bbox 1105 2303 1271 2387; x_wconf 88' lang='lat' dir='ltr'>Philippico</span> 
     </span>
     <span class='ocr_line' id='line_1_23' title="bbox 164 2393 1272 2477; baseline 0.004 -25"><span class='ocrx_word' id='word_1_204' title='bbox 164 2393 394 2454; x_wconf 88' lang='lat' dir='ltr'>deliberaturos:</span> <span class='ocrx_word' id='word_1_205' title='bbox 416 2395 466 2474; x_wconf 88' lang='lat' dir='ltr'>qui</span> <span class='ocrx_word' id='word_1_206' title='bbox 486 2405 590 2475; x_wconf 87' lang='lat' dir='ltr'>postea</span> <span class='ocrx_word' id='word_1_207' title='bbox 607 2405 740 2460; x_wconf 85' lang='lat' dir='ltr'>reversus</span> <span class='ocrx_word' id='word_1_208' title='bbox 763 2417 799 2467; x_wconf 83' lang='lat' dir='ltr'>ex</span> <span class='ocrx_word' id='word_1_209' title='bbox 822 2396 960 2472; x_wconf 87' lang='lat' dir='ltr'>Arcadia,</span> <span class='ocrx_word' id='word_1_210' title='bbox 977 2396 1132 2477; x_wconf 86' lang='lat' dir='ltr'>praeclaras</span> <span class='ocrx_word' id='word_1_211' title='bbox 1155 2395 1220 2456; x_wconf 84' lang='lat' dir='ltr'>illas</span> <span class='ocrx_word' id='word_1_212' title='bbox 1241 2409 1272 2456; x_wconf 92' lang='lat' dir='ltr'>et</span> 
     </span>
     <span class='ocr_line' id='line_1_24' title="bbox 79 2484 1307 2570; baseline 0.004 -27"><span class='ocrx_word' id='word_1_213' title='bbox 79 2543 84 2550; x_wconf 84' lang='grc'>,</span> <span class='ocrx_word' id='word_1_214' title='bbox 163 2484 270 2564; x_wconf 83' lang='lat' dir='ltr'>longas</span> <span class='ocrx_word' id='word_1_215' title='bbox 285 2486 430 2546; x_wconf 89' lang='lat' dir='ltr'>orationes</span> <span class='ocrx_word' id='word_1_216' title='bbox 445 2489 634 2570; x_wconf 85' lang='lat' dir='ltr'>recensuerit,</span> <span class='ocrx_word' id='word_1_217' title='bbox 650 2509 726 2567; x_wconf 88' lang='lat' dir='ltr'>quas</span> <span class='ocrx_word' id='word_1_218' title='bbox 750 2488 827 2568; x_wconf 91' lang='lat' dir='ltr'>apud</span> <span class='ocrx_word' id='word_1_219' title='bbox 844 2489 947 2549; x_wconf 90' lang='lat' dir='ltr'>decern</span> <span class='ocrx_word' id='word_1_220' title='bbox 961 2489 1150 2550; x_wconf 88' lang='lat' dir='ltr'>illavirorum</span> <span class='ocrx_word' id='word_1_221' title='bbox 1168 2489 1269 2561; x_wconf 88' lang='lat' dir='ltr'>millia,</span> <span class='ocrx_word' id='word_1_222' title='bbox 1299 2487 1307 2508; x_wconf 84' lang='grc'><em>”</em></span> 
     </span>
     <span class='ocr_line' id='line_1_25' title="bbox 164 2565 1269 2680; baseline 0.004 -44"><span class='ocrx_word' id='word_1_223' title='bbox 164 2577 355 2680; x_wconf 75' lang='lat' dir='ltr'>Megalopoli,</span> <span class='ocrx_word' id='word_1_224' title='bbox 370 2565 508 2640; x_wconf 87' lang='lat' dir='ltr'>adversus</span> <span class='ocrx_word' id='word_1_225' title='bbox 525 2581 749 2662; x_wconf 87' lang='lat' dir='ltr'>Hieronymum,</span> <span class='ocrx_word' id='word_1_226' title='bbox 763 2582 892 2662; x_wconf 89' lang='lat' dir='ltr'>Philippi</span> <span class='ocrx_word' id='word_1_227' title='bbox 906 2582 1101 2654; x_wconf 87' lang='lat' dir='ltr'>defensorem,</span> <span class='ocrx_word' id='word_1_228' title='bbox 1123 2601 1155 2640; x_wconf 86' lang='lat' dir='ltr'>se</span> <span class='ocrx_word' id='word_1_229' title='bbox 1174 2582 1269 2642; x_wconf 90' lang='lat' dir='ltr'>habu·</span> 
     </span>
    </p>
   </div>
   <div class='ocr_carea' id='block_1_6' title="bbox 163 2668 1379 2755">
    <p class='ocr_par' dir='ltr' id='par_1_6' title="bbox 163 2668 1379 2755">
     <span class='ocr_line' id='line_1_26' title="bbox 163 2668 1379 2755; baseline 0.006 -29"><span class='ocrx_word' id='word_1_230' title='bbox 163 2668 220 2730; x_wconf 89' lang='lat' dir='ltr'>isse</span> <span class='ocrx_word' id='word_1_231' title='bbox 234 2681 288 2750; x_wconf 81' lang='lat' dir='ltr'>prb</span> <span class='ocrx_word' id='word_1_232' title='bbox 302 2671 385 2732; x_wconf 87' lang='lat' dir='ltr'>vobis</span> <span class='ocrx_word' id='word_1_233' title='bbox 400 2673 561 2744; x_wconf 89' lang='lat' dir='ltr'>asseruerit,</span> <span class='ocrx_word' id='word_1_234' title='bbox 575 2682 607 2732; x_wconf 88' lang='lat' dir='ltr'>et</span> <span class='ocrx_word' id='word_1_235' title='bbox 619 2693 877 2746; x_wconf 80' lang='lat' dir='ltr'>commemorasse,</span> <span class='ocrx_word' id='word_1_236' title='bbox 891 2675 1008 2753; x_wconf 88' lang='lat' dir='ltr'>quantis</span> <span class='ocrx_word' id='word_1_237' title='bbox 1021 2672 1132 2755; x_wconf 89' lang='lat' dir='ltr'>injuriis</span> <span class='ocrx_word' id='word_1_238' title='bbox 1151 2693 1269 2733; x_wconf 89' lang='lat' dir='ltr'>omnem</span> <span class='ocrx_word' id='word_1_239' title='bbox 1377 2671 1379 2678; x_wconf 69' lang='lat'>&#39;</span> 
     </span>
    </p>
   </div>
   <div class='ocr_carea' id='block_1_7' title="bbox 161 2761 1334 3311">
    <p class='ocr_par' dir='ltr' id='par_1_7' title="bbox 161 2761 1334 3311">
     <span class='ocr_line' id='line_1_27' title="bbox 164 2761 1289 2848; baseline -0.001 -26"><span class='ocrx_word' id='word_1_240' title='bbox 164 2761 322 2835; x_wconf 82' lang='lat' dir='ltr'>Graeciam,</span> <span class='ocrx_word' id='word_1_241' title='bbox 336 2773 407 2824; x_wconf 83' lang='lat' dir='ltr'>non</span> <span class='ocrx_word' id='word_1_242' title='bbox 411 2783 478 2824; x_wconf 90' lang='lat' dir='ltr'>suas</span> <span class='ocrx_word' id='word_1_243' title='bbox 493 2773 605 2823; x_wconf 90' lang='lat' dir='ltr'>tautum</span> <span class='ocrx_word' id='word_1_244' title='bbox 620 2767 740 2844; x_wconf 83' lang='lat' dir='ltr'>patrias,</span> <span class='ocrx_word' id='word_1_245' title='bbox 763 2767 951 2848; x_wconf 80' lang='lat' dir='ltr'>largitionum</span> <span class='ocrx_word' id='word_1_246' title='bbox 974 2767 1052 2827; x_wconf 87' lang='lat' dir='ltr'>avidi</span> <span class='ocrx_word' id='word_1_247' title='bbox 1067 2776 1098 2828; x_wconf 88' lang='lat' dir='ltr'>et</span> <span class='ocrx_word' id='word_1_248' title='bbox 1109 2767 1269 2846; x_wconf 88' lang='lat' dir='ltr'>pecuniam</span> <span class='ocrx_word' id='word_1_249' title='bbox 1286 2813 1289 2821; x_wconf 83' lang='grc'><em>,</em></span> 
     </span>
     <span class='ocr_line' id='line_1_28' title="bbox 163 2855 1266 2936; baseline 0.004 -22"><span class='ocrx_word' id='word_1_250' title='bbox 163 2855 328 2934; x_wconf 89' lang='lat' dir='ltr'>anilippo</span> <span class='ocrx_word' id='word_1_251' title='bbox 343 2856 531 2936; x_wconf 86' lang='lat' dir='ltr'>accipientes,</span> <span class='ocrx_word' id='word_1_252' title='bbox 545 2857 704 2918; x_wconf 86' lang='lat' dir='ltr'>efficerent.</span> <span class='ocrx_word' id='word_1_253' title='bbox 1251 2873 1266 2886; x_wconf 68' lang='lat'><strong>¹</strong></span> 
     </span>
     <span class='ocr_line' id='line_1_29' title="bbox 204 2945 1334 3027; baseline 0.004 -22"><span class='ocrx_word' id='word_1_254' title='bbox 204 2947 235 3004; x_wconf 90' lang='grc'>6.</span> <span class='ocrx_word' id='word_1_255' title='bbox 255 2945 474 3025; x_wconf 89' lang='lat' dir='ltr'>Posteaquam&#39;</span> <span class='ocrx_word' id='word_1_256' title='bbox 467 2949 565 3027; x_wconf 82' lang='lat' dir='ltr'>igitur,</span> <span class='ocrx_word' id='word_1_257' title='bbox 578 2968 614 3009; x_wconf 90' lang='lat' dir='ltr'>ea</span> <span class='ocrx_word' id='word_1_258' title='bbox 634 2958 697 3008; x_wconf 91' lang='lat' dir='ltr'>tum</span> <span class='ocrx_word' id='word_1_259' title='bbox 720 2949 776 3011; x_wconf 91' lang='lat' dir='ltr'>isto</span> <span class='ocrx_word' id='word_1_260' title='bbox 798 2951 1030 3024; x_wconf 86' lang='lat' dir='ltr'>administrante,</span> <span class='ocrx_word' id='word_1_261' title='bbox 1046 2960 1077 3011; x_wconf 89' lang='lat' dir='ltr'>et</span> <span class='ocrx_word' id='word_1_262' title='bbox 1097 2952 1156 3011; x_wconf 90' lang='lat' dir='ltr'>tale</span> <span class='ocrx_word' id='word_1_263' title='bbox 1177 2952 1214 3010; x_wconf 91' lang='lat' dir='ltr'>de</span> <span class='ocrx_word' id='word_1_264' title='bbox 1235 2948 1267 3011; x_wconf 87' lang='lat' dir='ltr'>se</span> <span class='ocrx_word' id='word_1_265' title='bbox 1329 3002 1334 3010; x_wconf 93' lang='lat'>.</span> 
     </span>
     <span class='ocr_line' id='line_1_30' title="bbox 162 3037 1266 3126; baseline 0.005 -28"><span class='ocrx_word' id='word_1_266' title='bbox 162 3037 313 3117; x_wconf 85' lang='lat' dir='ltr'>specimen</span> <span class='ocrx_word' id='word_1_267' title='bbox 327 3042 486 3118; x_wconf 76' lang='lat' dir='ltr'>prebente,</span> <span class='ocrx_word' id='word_1_268' title='bbox 500 3041 582 3101; x_wconf 86' lang='lat' dir='ltr'>vobis</span> <span class='ocrx_word' id='word_1_269' title='bbox 595 3041 634 3100; x_wconf 85' lang='lat' dir='ltr'>&#39;ad</span> <span class='ocrx_word' id='word_1_270' title='bbox 652 3041 818 3126; x_wconf 83' lang='lat' dir='ltr'>Philippum</span> <span class='ocrx_word' id='word_1_271' title='bbox 831 3043 947 3121; x_wconf 85' lang='lat' dir='ltr'>legatos</span> <span class='ocrx_word' id='word_1_272' title='bbox 960 3044 1072 3104; x_wconf 91' lang='lat' dir='ltr'>mittere</span> <span class='ocrx_word' id='word_1_273' title='bbox 1092 3045 1266 3122; x_wconf 78' lang='lat' dir='ltr'>persuasum</span> 
     </span>
     <span class='ocr_line' id='line_1_31' title="bbox 162 3131 1332 3217; baseline 0.003 -27"><span class='ocrx_word' id='word_1_274' title='bbox 162 3141 209 3190; x_wconf 87' lang='lat' dir='ltr'>cst</span> <span class='ocrx_word' id='word_1_275' title='bbox 231 3132 270 3190; x_wconf 86' lang='lat' dir='ltr'>ab</span> <span class='ocrx_word' id='word_1_276' title='bbox 292 3131 487 3205; x_wconf 83' lang='lat' dir='ltr'>Aristodemo,</span> <span class='ocrx_word' id='word_1_277' title='bbox 512 3131 707 3211; x_wconf 87' lang='lat' dir='ltr'>Neoptolemo</span> <span class='ocrx_word' id='word_1_278' title='bbox 731 3143 762 3194; x_wconf 92' lang='lat' dir='ltr'>et</span> <span class='ocrx_word' id='word_1_279' title='bbox 786 3133 988 3217; x_wconf 83' lang='lat' dir='ltr'>Ctesiphonte,</span> <span class='ocrx_word' id='word_1_280' title='bbox 1006 3154 1039 3194; x_wconf 91' lang='lat' dir='ltr'>ac</span> <span class='ocrx_word' id='word_1_281' title='bbox 1060 3133 1176 3207; x_wconf 88' lang='lat' dir='ltr'>ceteris,</span> <span class='ocrx_word' id='word_1_282' title='bbox 1194 3133 1268 3212; x_wconf 84' lang='lat' dir='ltr'>nihil</span> <span class='ocrx_word' id='word_1_283' title='bbox 1328 3192 1332 3200; x_wconf 46' lang='grc'>,</span> 
     </span>
     <span class='ocr_line' id='line_1_32' title="bbox 161 3223 1266 3311; baseline 0.006 -30"><span class='ocrx_word' id='word_1_284' title='bbox 161 3223 227 3281; x_wconf 84' lang='lat' dir='ltr'>sani</span> <span class='ocrx_word' id='word_1_285' title='bbox 249 3242 286 3282; x_wconf 86' lang='lat' dir='ltr'>ex</span> <span class='ocrx_word' id='word_1_286' title='bbox 308 3223 487 3283; x_wconf 89' lang='lat' dir='ltr'>Macedonia</span> <span class='ocrx_word' id='word_1_287' title='bbox 509 3225 758 3299; x_wconf 87' lang='lat' dir='ltr'>renunciantibus,</span> <span class='ocrx_word' id='word_1_288' title='bbox 784 3246 886 3285; x_wconf 90' lang='lat' dir='ltr'>eorum</span> <span class='ocrx_word' id='word_1_289' title='bbox 909 3226 1072 3311; x_wconf 85' lang='lat' dir='ltr'>legatorum</span> <span class='ocrx_word' id='word_1_290' title='bbox 1100 3235 1131 3284; x_wconf 89' lang='lat' dir='ltr'>et</span> <span class='ocrx_word' id='word_1_291' title='bbox 1153 3226 1211 3286; x_wconf 86' lang='lat' dir='ltr'>iste</span> <span class='ocrx_word' id='word_1_292' title='bbox 1231 3229 1266 3288; x_wconf 84' lang='lat' dir='ltr'>fit</span> 
     </span>
    </p>
   </div>
   <div class='ocr_carea' id='block_1_8' title="bbox 158 3315 1375 3398">
    <p class='ocr_par' dir='ltr' id='par_1_8' title="bbox 158 3315 1375 3398">
     <span class='ocr_line' id='line_1_33' title="bbox 158 3315 1375 3398; baseline 0.005 -25"><span class='ocrx_word' id='word_1_293' title='bbox 158 3315 257 3382; x_wconf 75' lang='lat' dir='ltr'>uirus:</span> <span class='ocrx_word' id='word_1_294' title='bbox 279 3333 340 3374; x_wconf 91' lang='lat' dir='ltr'>non</span> <span class='ocrx_word' id='word_1_295' title='bbox 351 3315 405 3393; x_wconf 77' lang='lat' dir='ltr'>qui</span> <span class='ocrx_word' id='word_1_296' title='bbox 418 3320 515 3376; x_wconf 83' lang='lat' dir='ltr'>vestra</span> <span class='ocrx_word' id='word_1_297' title='bbox 528 3315 678 3388; x_wconf 87' lang='lat' dir='ltr'>venderet,</span> <span class='ocrx_word' id='word_1_298' title='bbox 693 3327 743 3376; x_wconf 83' lang='lat' dir='ltr'>aut</span> <span class='ocrx_word' id='word_1_299' title='bbox 757 3318 805 3396; x_wconf 93' lang='lat' dir='ltr'>qui</span> <span class='ocrx_word' id='word_1_300' title='bbox 819 3318 957 3398; x_wconf 91' lang='lat' dir='ltr'>Philippo</span> <span class='ocrx_word' id='word_1_301' title='bbox 970 3318 1059 3377; x_wconf 88' lang='lat' dir='ltr'>fidem</span> <span class='ocrx_word' id='word_1_302' title='bbox 1068 3318 1200 3393; x_wconf 87' lang='lat' dir='ltr'>haberet,</span> <span class='ocrx_word' id='word_1_303' title='bbox 1211 3319 1266 3379; x_wconf 88' lang='lat' dir='ltr'>sed</span> <span class='ocrx_word' id='word_1_304' title='bbox 1372 3351 1375 3360; x_wconf 34' lang='grc' dir='ltr'>ι</span> 
     </span>
    </p>
   </div>
   <div class='ocr_carea' id='block_1_9' title="bbox 158 3407 1344 3674">
    <p class='ocr_par' dir='ltr' id='par_1_9' title="bbox 158 3407 1344 3674">
     <span class='ocr_line' id='line_1_34' title="bbox 159 3407 1344 3496; baseline 0.003 -30"><span class='ocrx_word' id='word_1_305' title='bbox 159 3408 211 3487; x_wconf 90' lang='lat' dir='ltr'>qui</span> <span class='ocrx_word' id='word_1_306' title='bbox 224 3417 340 3466; x_wconf 88' lang='lat' dir='ltr'>ceteros</span> <span class='ocrx_word' id='word_1_307' title='bbox 351 3407 523 3467; x_wconf 88' lang='lat' dir='ltr'>custodiret.</span> <span class='ocrx_word' id='word_1_308' title='bbox 540 3409 618 3474; x_wconf 83' lang='lat' dir='ltr'>Nam</span> <span class='ocrx_word' id='word_1_309' title='bbox 628 3418 748 3496; x_wconf 80' lang='lat' dir='ltr'>propter</span> <span class='ocrx_word' id='word_1_310' title='bbox 765 3411 912 3472; x_wconf 87' lang='lat' dir='ltr'>orationes</span> <span class='ocrx_word' id='word_1_311' title='bbox 926 3419 995 3470; x_wconf 91' lang='lat' dir='ltr'>ante</span> <span class='ocrx_word' id='word_1_312' title='bbox 1009 3410 1133 3482; x_wconf 87' lang='lat' dir='ltr'>habitas,</span> <span class='ocrx_word' id='word_1_313' title='bbox 1145 3420 1177 3471; x_wconf 89' lang='lat' dir='ltr'>et</span> <span class='ocrx_word' id='word_1_314' title='bbox 1189 3410 1261 3470; x_wconf 90' lang='lat' dir='ltr'>Phi·</span> <span class='ocrx_word' id='word_1_315' title='bbox 1340 3443 1344 3446; x_wconf 97' lang='lat'>·</span> 
     </span>
     <span class='ocr_line' id='line_1_35' title="bbox 158 3497 1266 3578; baseline 0.003 -21"><span class='ocrx_word' id='word_1_316' title='bbox 158 3497 233 3578; x_wconf 91' lang='lat' dir='ltr'>lippi</span> <span class='ocrx_word' id='word_1_317' title='bbox 246 3497 359 3568; x_wconf 90' lang='lat' dir='ltr'>udiuin,</span> <span class='ocrx_word' id='word_1_318' title='bbox 372 3500 414 3558; x_wconf 89' lang='lat' dir='ltr'>sic</span> <span class='ocrx_word' id='word_1_319' title='bbox 429 3499 477 3559; x_wconf 89' lang='lat' dir='ltr'>de</span> <span class='ocrx_word' id='word_1_320' title='bbox 481 3517 517 3559; x_wconf 91' lang='lat' dir='ltr'>eo</span> <span class='ocrx_word' id='word_1_321' title='bbox 527 3517 585 3559; x_wconf 87' lang='lat' dir='ltr'>non</span> <span class='ocrx_word' id='word_1_322' title='bbox 597 3503 650 3560; x_wconf 89' lang='lat' dir='ltr'>ebs</span> <span class='ocrx_word' id='word_1_323' title='bbox 665 3521 696 3560; x_wconf 93' lang='lat' dir='ltr'>re</span> <span class='ocrx_word' id='word_1_324' title='bbox 710 3521 812 3561; x_wconf 84' lang='lat' dir='ltr'>omues</span> <span class='ocrx_word' id='word_1_325' title='bbox 828 3501 1009 3563; x_wconf 85' lang='lat' dir='ltr'>sentiebatis.</span> <span class='ocrx_word' id='word_1_326' title='bbox 1024 3504 1138 3564; x_wconf 88' lang='lat' dir='ltr'>Deinde</span> <span class='ocrx_word' id='word_1_327' title='bbox 1150 3517 1266 3563; x_wconf 84' lang='lat' dir='ltr'>mecum</span> 
     </span>
     <span class='ocr_line' id='line_1_36' title="bbox 159 3579 1267 3674; baseline 0.004 -24"><span class='ocrx_word' id='word_1_328' title='bbox 159 3609 350 3670; x_wconf 78' lang='lat' dir='ltr'>congressus,</span> <span class='ocrx_word' id='word_1_329' title='bbox 371 3590 528 3670; x_wconf 88' lang='lat' dir='ltr'>paciscitur</span> <span class='ocrx_word' id='word_1_330' title='bbox 547 3610 579 3651; x_wconf 85' lang='lat' dir='ltr'>se</span> <span class='ocrx_word' id='word_1_331' title='bbox 603 3579 797 3653; x_wconf 84' lang='lat' dir='ltr'>communiter</span> <span class='ocrx_word' id='word_1_332' title='bbox 816 3594 993 3674; x_wconf 83' lang='lat' dir='ltr'>legationem</span> <span class='ocrx_word' id='word_1_333' title='bbox 1016 3595 1179 3666; x_wconf 89' lang='lat' dir='ltr'>obiturum,-</span> <span class='ocrx_word' id='word_1_334' title='bbox 1189 3603 1219 3652; x_wconf 87' lang='lat' dir='ltr'>et</span> <span class='ocrx_word' id='word_1_335' title='bbox 1233 3603 1267 3654; x_wconf 91' lang='lat' dir='ltr'>ut</span> 
     </span>
    </p>
   </div>
   <div class='ocr_carea' id='block_1_10' title="bbox 160 3677 1372 3790">
    <p class='ocr_par' dir='ltr' id='par_1_10' title="bbox 160 3677 1372 3790">
     <span class='ocr_line' id='line_1_37' title="bbox 160 3677 1372 3790; baseline 0.002 -49"><span class='ocrx_word' id='word_1_336' title='bbox 160 3677 338 3760; x_wconf 82' lang='lat' dir='ltr'>sacrilegum</span> <span class='ocrx_word' id='word_1_337' title='bbox 350 3690 380 3740; x_wconf 91' lang='lat' dir='ltr'>et</span> <span class='ocrx_word' id='word_1_338' title='bbox 393 3683 592 3761; x_wconf 89' lang='lat' dir='ltr'>impudentem</span> <span class='ocrx_word' id='word_1_339' title='bbox 609 3683 807 3744; x_wconf 86' lang='lat' dir='ltr'>Philocratem</span> <span class='ocrx_word' id='word_1_340' title='bbox 818 3697 940 3790; x_wconf 75' lang='lat' dir='ltr'>utesque</span> <span class='ocrx_word' id='word_1_341' title='bbox 951 3697 1131 3758; x_wconf 81' lang='lat' dir='ltr'>caveremus,</span> <span class='ocrx_word' id='word_1_342' title='bbox 1142 3685 1266 3744; x_wconf 84' lang='lat' dir='ltr'>multum</span> <span class='ocrx_word' id='word_1_343' title='bbox 1370 3693 1372 3700; x_wconf 91' lang='lat'>&#39;</span> 
     </span>
    </p>
   </div>
   <div class='ocr_carea' id='block_1_11' title="bbox 156 3767 1268 4408">
    <p class='ocr_par' dir='ltr' id='par_1_11' title="bbox 156 3767 1268 4408">
     <span class='ocr_line' id='line_1_38' title="bbox 158 3767 1268 3856; baseline 0.005 -24"><span class='ocrx_word' id='word_1_344' title='bbox 158 3772 305 3833; x_wconf 88' lang='lat' dir='ltr'>hortatur.</span> <span class='ocrx_word' id='word_1_345' title='bbox 339 3773 386 3833; x_wconf 88' lang='lat' dir='ltr'>Ac</span> <span class='ocrx_word' id='word_1_346' title='bbox 402 3776 497 3835; x_wconf 91' lang='lat' dir='ltr'>donee</span> <span class='ocrx_word' id='word_1_347' title='bbox 515 3775 575 3834; x_wconf 86' lang='lat' dir='ltr'>lruc</span> <span class='ocrx_word' id='word_1_348' title='bbox 595 3767 773 3836; x_wconf 83' lang='lat' dir='ltr'>redissemus</span> <span class='ocrx_word' id='word_1_349' title='bbox 798 3779 930 3856; x_wconf 88' lang='lat' dir='ltr'>aprima</span> <span class='ocrx_word' id='word_1_350' title='bbox 949 3779 1106 3856; x_wconf 76' lang='lat' dir='ltr'>legatione,</span> <span class='ocrx_word' id='word_1_351' title='bbox 1122 3777 1268 3855; x_wconf 89' lang='lat' dir='ltr'>equidem,</span> 
     </span>
     <span class='ocr_line' id='line_1_39' title="bbox 159 3861 1266 3972; baseline 0.005 -49"><span class='ocrx_word' id='word_1_352' title='bbox 159 3861 366 3946; x_wconf 76' lang='lat' dir='ltr'>Athenienses,</span> <span class='ocrx_word' id='word_1_353' title='bbox 379 3885 437 3926; x_wconf 88' lang='lat' dir='ltr'>uon</span> <span class='ocrx_word' id='word_1_354' title='bbox 453 3865 655 3937; x_wconf 86' lang='lat' dir='ltr'>animadverti,</span> <span class='ocrx_word' id='word_1_355' title='bbox 666 3878 836 3947; x_wconf 88' lang='lat' dir='ltr'>corruptum</span> <span class='ocrx_word' id='word_1_356' title='bbox 858 3889 924 3929; x_wconf 90' lang='lat' dir='ltr'>esse</span> <span class='ocrx_word' id='word_1_357' title='bbox 941 3889 1017 3941; x_wconf 88' lang='lat' dir='ltr'>eum,</span> <span class='ocrx_word' id='word_1_358' title='bbox 1031 3869 1266 3972; x_wconf 83' lang='lat' dir='ltr'>etsemetipsum</span> 
     </span>
     <span class='ocr_line' id='line_1_40' title="bbox 159 3956 1266 4038; baseline 0.007 -23"><span class='ocrx_word' id='word_1_359' title='bbox 159 3956 340 4016; x_wconf 83' lang='lat' dir='ltr'>vendidisse.</span> <span class='ocrx_word' id='word_1_360' title='bbox 364 3957 476 4018; x_wconf 85' lang='lat' dir='ltr'>Praeter</span> <span class='ocrx_word' id='word_1_361' title='bbox 497 3959 574 4017; x_wconf 87' lang='lat' dir='ltr'>euim</span> <span class='ocrx_word' id='word_1_362' title='bbox 594 3969 702 4032; x_wconf 89' lang='lat' dir='ltr'>cetera,</span> <span class='ocrx_word' id='word_1_363' title='bbox 716 3981 793 4038; x_wconf 82' lang='lat' dir='ltr'>quoe,</span> <span class='ocrx_word' id='word_1_364' title='bbox 816 3970 848 4020; x_wconf 92' lang='lat' dir='ltr'>ut</span> <span class='ocrx_word' id='word_1_365' title='bbox 874 3961 1016 4030; x_wconf 86' lang='lat' dir='ltr'>recensui,</span> <span class='ocrx_word' id='word_1_366' title='bbox 1043 3961 1124 4038; x_wconf 90' lang='lat' dir='ltr'>prius</span> <span class='ocrx_word' id='word_1_367' title='bbox 1143 3961 1266 4036; x_wconf 80' lang='lat' dir='ltr'>dixerat,</span> 
     </span>
     <span class='ocr_line' id='line_1_41' title="bbox 157 4039 1266 4144; baseline 0.008 -38"><span class='ocrx_word' id='word_1_368' title='bbox 157 4039 267 4144; x_wconf 84' lang='lat' dir='ltr'>priore</span> <span class='ocrx_word' id='word_1_369' title='bbox 269 4047 411 4108; x_wconf 91' lang='lat' dir='ltr'>concione</span> <span class='ocrx_word' id='word_1_370' title='bbox 426 4048 536 4128; x_wconf 90' lang='lat' dir='ltr'>quade</span> <span class='ocrx_word' id='word_1_371' title='bbox 550 4069 622 4129; x_wconf 88' lang='lat' dir='ltr'>pace</span> <span class='ocrx_word' id='word_1_372' title='bbox 637 4051 855 4124; x_wconf 87' lang='lat' dir='ltr'>deliberabatis,</span> <span class='ocrx_word' id='word_1_373' title='bbox 869 4052 1003 4121; x_wconf 85' lang='lat' dir='ltr'>surrexit,</span> <span class='ocrx_word' id='word_1_374' title='bbox 1013 4071 1108 4133; x_wconf 91' lang='lat' dir='ltr'>eoque</span> <span class='ocrx_word' id='word_1_375' title='bbox 1122 4055 1266 4135; x_wconf 86' lang='lat' dir='ltr'>principio</span> 
     </span>
     <span class='ocr_line' id='line_1_42' title="bbox 158 4123 1265 4224; baseline 0.009 -26"><span class='ocrx_word' id='word_1_376' title='bbox 158 4159 231 4199; x_wconf 88' lang='lat' dir='ltr'>usus</span> <span class='ocrx_word' id='word_1_377' title='bbox 254 4123 310 4211; x_wconf 78' lang='lat' dir='ltr'>e&#39;st,</span> <span class='ocrx_word' id='word_1_378' title='bbox 336 4141 416 4220; x_wconf 87' lang='lat' dir='ltr'>quod</span> <span class='ocrx_word' id='word_1_379' title='bbox 433 4161 489 4219; x_wconf 82' lang='lat' dir='ltr'>ego</span> <span class='ocrx_word' id='word_1_380' title='bbox 504 4143 599 4205; x_wconf 89' lang='lat' dir='ltr'>verbis</span> <span class='ocrx_word' id='word_1_381' title='bbox 622 4144 720 4216; x_wconf 72' lang='lat' dir='ltr'>edam,</span> <span class='ocrx_word' id='word_1_382' title='bbox 734 4156 768 4204; x_wconf 87' lang='lat' dir='ltr'>ut</span> <span class='ocrx_word' id='word_1_383' title='bbox 781 4165 893 4224; x_wconf 79' lang='lat' dir='ltr'>opinor</span> <span class='ocrx_word' id='word_1_384' title='bbox 905 4144 1023 4214; x_wconf 89' lang='lat' dir='ltr'>iisdem,</span> <span class='ocrx_word' id='word_1_385' title='bbox 1039 4165 1104 4224; x_wconf 86' lang='lat' dir='ltr'>quae</span> <span class='ocrx_word' id='word_1_386' title='bbox 1118 4147 1169 4207; x_wconf 90' lang='lat' dir='ltr'>ille</span> <span class='ocrx_word' id='word_1_387' title='bbox 1183 4149 1265 4223; x_wconf 84' lang='lat' dir='ltr'>dixit,</span> 
     </span>
     <span class='ocr_line' id='line_1_43' title="bbox 156 4233 1266 4320; baseline 0.008 -28"><span class='ocrx_word' id='word_1_388' title='bbox 156 4233 237 4312; x_wconf 83' lang='lat' dir='ltr'>apud</span> <span class='ocrx_word' id='word_1_389' title='bbox 250 4251 303 4292; x_wconf 91' lang='lat' dir='ltr'>vos</span> <span class='ocrx_word' id='word_1_390' title='bbox 314 4237 566 4296; x_wconf 89' lang='lat' dir='ltr'>commemorabo:</span> <span class='ocrx_word' id='word_1_391' title='bbox 590 4236 621 4296; x_wconf 91' lang='lat' dir='ltr'>Si</span> <span class='ocrx_word' id='word_1_392' title='bbox 634 4237 774 4308; x_wconf 89' lang='lat' dir='ltr'>multum,</span> <span class='ocrx_word' id='word_1_393' title='bbox 781 4237 885 4320; x_wconf 89' lang='lat' dir='ltr'>inquit,</span> <span class='ocrx_word' id='word_1_394' title='bbox 902 4245 932 4296; x_wconf 92' lang='lat' dir='ltr'>et</span> <span class='ocrx_word' id='word_1_395' title='bbox 949 4237 1002 4298; x_wconf 93' lang='lat' dir='ltr'>diu</span> <span class='ocrx_word' id='word_1_396' title='bbox 1016 4241 1174 4302; x_wconf 87' lang='lat' dir='ltr'>meditatus</span> <span class='ocrx_word' id='word_1_397' title='bbox 1188 4250 1266 4304; x_wconf 88' lang='lat' dir='ltr'>esset</span> 
     </span>
     <span class='ocr_line' id='line_1_44' title="bbox 156 4324 1265 4408; baseline 0.006 -25"><span class='ocrx_word' id='word_1_398' title='bbox 156 4324 351 4396; x_wconf 87' lang='lat' dir='ltr'>Philocrates,</span> <span class='ocrx_word' id='word_1_399' title='bbox 375 4346 434 4404; x_wconf 92' lang='lat' dir='ltr'>quo</span> <span class='ocrx_word' id='word_1_400' title='bbox 455 4338 543 4405; x_wconf 88' lang='lat' dir='ltr'>pacto</span> <span class='ocrx_word' id='word_1_401' title='bbox 562 4329 706 4388; x_wconf 85' lang='lat' dir='ltr'>acerrime</span> <span class='ocrx_word' id='word_1_402' title='bbox 728 4328 902 4408; x_wconf 87' lang='lat' dir='ltr'>reipublicae</span> <span class='ocrx_word' id='word_1_403' title='bbox 917 4329 1131 4404; x_wconf 85' lang='lat' dir='ltr'>adversaretur,</span> <span class='ocrx_word' id='word_1_404' title='bbox 1142 4332 1265 4396; x_wconf 87' lang='lat' dir='ltr'>Atheni-</span> 
     </span>
    </p>
   </div>
   <div class='ocr_carea' id='block_1_12' title="bbox 156 4413 1312 4570">
    <p class='ocr_par' dir='ltr' id='par_1_12' title="bbox 156 4413 1312 4570">
     <span class='ocr_line' id='line_1_45' title="bbox 156 4413 1312 4518; baseline 0.007 -41"><span class='ocrx_word' id='word_1_405' title='bbox 156 4433 257 4518; x_wconf 82' lang='lat' dir='ltr'>enses,</span> <span class='ocrx_word' id='word_1_406' title='bbox 272 4413 344 4474; x_wconf 90' lang='lat' dir='ltr'>nihil</span> <span class='ocrx_word' id='word_1_407' title='bbox 355 4438 422 4478; x_wconf 86' lang='lat' dir='ltr'>eum</span> <span class='ocrx_word' id='word_1_408' title='bbox 441 4419 545 4478; x_wconf 85' lang='lat' dir='ltr'>melius</span> <span class='ocrx_word' id='word_1_409' title='bbox 569 4420 659 4479; x_wconf 83' lang='lat' dir='ltr'>luisse</span> <span class='ocrx_word' id='word_1_410' title='bbox 678 4431 858 4500; x_wconf 84' lang='lat' dir='ltr'>reperturum</span> <span class='ocrx_word' id='word_1_411' title='bbox 873 4423 996 4484; x_wconf 86' lang='lat' dir='ltr'>arbitror</span> <span class='ocrx_word' id='word_1_412' title='bbox 1010 4424 1117 4483; x_wconf 86' lang='lat' dir='ltr'>talibus</span> <span class='ocrx_word' id='word_1_413' title='bbox 1130 4424 1264 4490; x_wconf 84' lang='lat' dir='ltr'>decretis.</span> <span class='ocrx_word' id='word_1_414' title='bbox 1309 4483 1312 4486; x_wconf 87' lang='grc'>,</span> 
     </span>
     <span class='ocr_line' id='line_1_46' title="bbox 679 4515 741 4570; baseline 0.016 -1"><span class='ocrx_word' id='word_1_415' title='bbox 679 4515 699 4569; x_wconf 77' lang='lat'>2</span> <span class='ocrx_word' id='word_1_416' title='bbox 722 4531 741 4570; x_wconf 85' lang='lat' dir='ltr'>o</span> 
     </span>
    </p>
   </div>
   <div class='ocr_carea' id='block_1_13' title="bbox 0 0 1478 4954">
    <p class='ocr_par' dir='ltr' id='par_1_13' title="bbox 0 0 1478 4954">
     <span class='ocr_line' id='line_1_47' title="bbox 0 0 1478 4954; baseline 0 3"><span class='ocrx_word' id='word_1_417' title='bbox 0 0 1478 4954; x_wconf 95' lang='lat' dir='ltr'> </span> 
     </span>
    </p>
   </div>
  </div>
 </body>
</html>
