2886 4946
210 346 275 402 v154
478 337 534 397 DE
555 324 1054 396 FOEDEReaLExtNDREor

219 497 327 556 sistunt
339 505 372 553 ut
385 511 451 572 quac
465 490 666 553 communibus
681 485 775 566 pactis
790 483 973 558 continentur
990 475 1197 556 exsequamini,
1210 491 1315 553 pares-

220 609 285 648 mus
306 589 358 658 eia,
377 586 513 665 quoniam
531 580 760 661 :eaquadicuutr
785 586 824 648 et,
846 565 1324 654 quemadmodumjusjurandirrn

216 682 310 760 jubet,
323 679 513 740 excludamus
531 676 597 735 illos
611 673 720 749 foedere
734 689 769 730 ac
787 661 991 738 deliberemus,
1002 661 1150 746 quomodo
1171 659 1318 719 trmtsudi

221 772 310 833 sintii
324 771 375 851 qui
394 789 447 851 pro
462 768 586 830 dominis
611 785 676 827 sese
689 772 796 844 gerunt
814 760 1023 838 libidinemque
1036 752 1318 831 suarnrsequuntur,

222 876 253 926 et
265 867 405 946 perpetuo
415 864 463 926 vel
474 861 735 932 insidiasstruunt,
743 857 789 916 vel
799 864 893 934 agunt
901 851 1055 913 interdicta
1060 865 1226 928 pacemque
1235 865 1318 905 com-

223 977 341 1018 munem
356 957 509 1016 derident:
529 973 616 1031 quarn
631 952 707 1012 enim
721 951 759 1010 ob
773 967 892 1010 causam
905 946 952 1004 isti
969 943 1120 1022 negabunt
1132 940 1175 999 ita
1189 957 1255 999 esse
1269 938 1320 997 'fa-

224 1049 381 1110 ciendum?
403 1049 482 1108 Num
495 1047 659 1126 pactionem
669 1052 815 1122 quatenus
825 1059 862 1100 en
873 1037 1037 1116 reipublicae
1051 1044 1138 1094 nocet
1150 1029 1246 1092 ratam
1257 1049 1320 1090 esse

224 1141 336 1213 volu'ut,
356 1152 500 1219 quatenus
517 1156 588 1198 vero
611 1137 705 1196 eidem
729 1133 863 1195 salutaris
886 1141 933 1190 est
952 1124 1150 1188 sustulerunt?
1178 1123 1322 1202 Numquid

225 1233 290 1292 hee
313 1234 379 1312 jure
403 1233 464 1291 fleri
483 1227 639 1289 videntur?
680 1226 795 1304 Siquid
815 1226 845 1283 in
855 1221 1050 1303 jurejurando
1065 1239 1118 1298 pro
1137 1215 1272 1276 hostibus
1293 1209 1324 1273 et

226 1334 328 1384 contm
337 1334 464 1383 nostram
477 1320 623 1382 civitatem
634 1319 713 1389 lacit,
722 1318 752 1376 id
761 1323 907 1397 perpetuo
912 1312 1141 1373 confirmabunt:
1157 1309 1203 1368 sin
1212 1306 1322 1386 aliquid

228 1425 354 1476 restrum
377 1426 479 1475 contra
497 1413 561 1472 illos
585 1411 674 1472 simul
694 1419 724 1470 et
740 1411 853 1486 justum
874 1415 904 1466 et
917 1405 988 1464 utile
1002 1401 1098 1476 luerit,
1112 1401 1185 1460 illud
1202 1399 1260 1458 sibi
1274 1419 1325 1478 cp·

228 1508 421 1586 pugnandum
431 1525 496 1566 esse
506 1514 645 1583 perpetuo
655 1497 891 1560 arbitrabuntur?
1022 1563 1026 1570 ⁸

272 1604 302 1660 8,
324 1602 366 1660 Ut
388 1619 457 1660 vero
478 1596 641 1658 evidentius
658 1595 752 1656 ,etiam
774 1592 954 1670 intelligatis,
976 1589 1122 1650 neminem
1147 1589 1322 1648 Graecorum

230 1715 283 1756 vos
297 1711 425 1771 unquam
440 1695 644 1752 accusaturum
664 1707 738 1756 esse,
753 1685 790 1744 de
804 1683 1006 1761 communibus
1015 1681 1116 1761 pactis
1128 1679 1199 1739 ulla
1217 1699 1249 1739 re
1264 1681 1323 1738 vie-
1430 1719 1431 1722 η

230 1788 309 1859 latis,
329 1784 382 1844 sed
396 1795 426 1842 et
440 1782 562 1861 gratiam
579 1780 740 1851 habituros,
755 1777 834 1856 quod
854 1775 909 1836 soli
931 1773 1105 1852 foedifra'gos
1126 1772 1325 1851 coargueritis,

231 1897 328 1960 pauca
336 1877 375 1936 de
382 1875 481 1934 multis
489 1893 555 1953 que
564 1869 689 1932 dicenda
697 1881 805 1940 essent,
815 1887 994 1948 mnostrum:
1008 1867 1171 1926 continetur
1180 1861 1325 1924 alicubiin

233 1971 408 2041 funderent
428 1966 612 2027 foederati
635 1971 734 2025 mare
755 1963 961 2041 navigent,
976 1971 1013 2022 et
1035 1959 1139 2020 nemo
1160 1979 1221 2018 eos
1243 1978 1325 2038 pro-
1430 2001 1431 2034 3

233 2065 540 2139 hibeatsneque
567 2058 776 2139 quisquam
807 2075 928 2114 neves
960 2071 1090 2112 eorum
1111 2061 1324 2131 exceptet:
1430 2035 1431 2066 ³

236 2158 296 2218 sin
315 2157 396 2232 haee
418 2150 769 2231 aliquis'violarit,
791 2157 834 2207 ut
865 2145 1121 2220 ab'cmnibus
1155 2144 1326 2203 fredera'-
1430 2139 1431 2188 3

236 2249 288 2308 tis
319 2267 389 2326 pro
418 2245 539 2304 hoste
571 2243 785 2304 habeatur.
834 2237 1246 2318 Atqui,¹Athenienses‚2·vos
1271 2237 1326 2296 evi-
1430 2233 1431 2288 l

238 2339 404 2400 deotissime
420 2337 499 2396 scitis
512 2337 568 2396 boc
582 2356 600 2395 a
613 2333 826 2394 Macedonibus
836 2352 900 2391 esse
910 2331 1037 2390 factum:
1059 2349 1126 2388 nam
1137 2349 1172 2388 eo
1187 2329 1327 2388 violentie

236 2440 449 2512 processerunt,
460 2437 496 2486 ut
503 2446 604 2488 omnes
612 2447 700 2493 naves
712 2423 1008 2498 PonticasTenedunr
1018 2423 1219 2502 pertraxerint,
1228 2443 1263 2482 ac
1274 2433 1327 2481 ter·

239 2525 419 2602 giversantes
429 2540 487 2581 non
493 2521 572 2598 prius
587 2539 636 2578 eas
645 2517 814 2587 dimiserint,
829 2535 916 2593 quam
929 2533 982 2573 vos
998 2515 1200 2573 decrevissetis
1212 2527 1326 2574 centum
1430 2571 1431 2582 ,

239 2615 369 2673 triremes
389 2631 454 2670 esse
472 2612 661 2688 complendas
679 2620 710 2669 et
723 2609 817 2668 statim
832 2609 863 2666 in
876 2626 955 2667 mare
970 2607 1168 2680 deducendas,
1180 2616 1210 2666 et
1224 2597 1326 2668 dudem

243 2707 284 2766 eis
299 2703 750 2781 Menestheum'praefccissetis„
1222 2711 1224 2718 ’
1430 2691 1431 2698 ¹

284 2800 313 2856 9.
335 2795 381 2854 An
395 2813 453 2852 non
466 2794 554 2872 igitur
570 2795 727 2854 absurdum
747 2806 802 2866 est,
817 2815 905 2874 quum
928 2805 972 2855 tot
991 2815 1026 2856 ac
1044 2804 1127 2854 tanta
1145 2795 1254 2855 delicta
1277 2797 1331 2855 sint
1430 2779 1431 2792 ¹

245 2890 411 2957 alterorum,
433 2887 504 2952 istos
526 2885 641 2944 illorum
656 2889 764 2947 amicos
779 2889 960 2967 apeccando
974 2907 1025 2948 eos
1039 2904 1097 2947 non
1111 2886 1269 2960 deterrere,
1285 2887 1331 2947 sed

246 2982 368 3042 suadere
382 2978 466 3037 nobis
479 2988 512 3036 ut
535 2987 623 3054 pacta
637 2997 730 3056 usque
745 2981 821 3039 adeo
832 2981 969 3059 neglecta
982 2979 1150 3040 servemus?
1170 2981 1331 3060 quasivero

246 3075 277 3133 in
291 3073 350 3148 illis
362 3071 465 3130 et'hoc
486 3068 675 3146 adscriptum
687 3071 736 3139 sit,
757 3071 826 3148 ipsis
845 3073 932 3131 etiam
944 3073 1112 3151 delinquere
1126 3072 1224 3144 licere,
1240 3073 1331 3132 alteris

248 3187 303 3228 nec
316 3164 417 3226 ulcisci
430 3162 548 3241 injurias
561 3180 626 3219 esse
640 3165 833 3220 conoessumd
874 3165 979 3224 Nonne
992 3183 1060 3224 vero
1085 3165 1169 3224 simul
1189 3176 1220 3224 et
1241 3152 1332 3245 inique

249 3268 278 3319 et
291 3258 408 3337 stupide
419 3263 551 3333 egerunt,
565 3253 613 3332 qui
629 3253 830 3332 jusjurandum
843 3273 936 3332 usqne
957 3257 1030 3316 adeo
1052 3258 1195 3331 violarint,
1209 3269 1244 3318 ut
1256 3259 1333 3321 mini·

250 3369 327 3408 mum
343 3348 468 3406 abfuerit
480 3347 550 3424 quin
563 3347 600 3404 ob
614 3346 692 3404 illam
704 3345 854 3424 perfidiam
865 3347 1047 3426 principatus
1056 3353 1142 3410 maris
1153 3353 1197 3412 eis
1207 3353 1273 3432 jure
1285 3352 1334 3412 eri·

251 3439 386 3522 peretur?
407 3450 494 3516 atque
515 3437 589 3497 adeo
608 3457 686 3496 nunc
700 3437 787 3497 etiam
797 3439 847 3516 jus
861 3437 917 3496 hoc
929 3440 1013 3500 nobis
1027 3443 1089 3501 sine
1103 3443 1223 3503 crimine
1235 3464 1332 3524 suppe-

252 3534 356 3605 ditant,
372 3532 396 3590 si
410 3532 453 3589 uti
466 3549 501 3588 eo
509 3529 704 3589 voluerimus:
725 3550 784 3588 non
797 3531 873 3590 enirn
885 3531 964 3608 quod
977 3551 1098 3610 peccare
1112 3535 1332 3608 destiterunceo

251 3629 348 3686 minus
362 3622 527 3684 communia
535 3630 622 3700 pacta
629 3621 774 3710 violarunt
783 3622 912 3691 stilicen
928 3624 1067 3684 sedbeati
1078 3638 1155 3697 sunt,
1165 3629 1245 3705 quod
1254 3631 1332 3688 inter-

254 3721 293 3778 im
300 3719 436 3778 fruuntur
442 3713 669 3794 ignaviavestra,
676 3734 742 3793 quae
751 3735 835 3774 suum
838 3720 888 3791 jus
899 3719 1034 3794 persequi
1040 3737 1189 3797 nunquam
1198 3721 1322 3780 instituit

218 3837 221 3850 ·
257 3837 260 3844 ·
298 3816 345 3872 10.
369 3813 469 3888 Atque
487 3808 547 3867 hoc
564 3803 960 3879 contumeliosissimumest,
974 3808 1054 3886 quod
1068 3809 1171 3889 reliqui
1194 3812 1289 3872 Graeci
1307 3823 1330 3869 et

178 3945 180 3947 -
256 3904 377 3964 Barbari
390 3920 491 3962 omnes
504 3909 614 3959 vestras
627 3893 790 3958 inimicitias
803 3907 946 3972 metuunt,
960 3901 1008 3959 isti
1021 3911 1119 3960 autern
1132 3905 1201 3962 novi
1213 3904 1329 3962 homines

257 4015 310 4058 vos
324 4015 359 4055 eo
379 3995 516 4074 redigunt
539 4002 570 4050 ut
590 3991 644 4070 ipsi
657 4000 773 4050 vosmet
785 3992 932 4072 aspernari
946 3995 1174 4072 cogamini,alia
1187 3997 1265 4056 vobis
1277 4015 1329 4076 per·

259 4085 420 4156 suadendo,
431 4085 525 4144 aliavi
537 4081 747 4160 extorquendo,
760 4084 880 4163 perinde
893 4103 928 4143 ac
942 4085 967 4143 si
981 4103 1048 4144 oum
1059 4085 1205 4146 Abderitis
1215 4099 1264 4148 aut
1276 4086 1329 4145 Mar

259 4176 442 4249 ronitis,·non
455 4195 522 4234 cum
532 4174 759 4234 Atheniensibus
772 4176 1012 4236 administrandae
1021 4169 1188 4255 reipublice
1207 4181 1329 4240 rationem

257 4269 396 4328 habeant.
436 4268 494 4330 Qui
509 4287 575 4325 cum
589 4287 658 4345 opes
668 4277 779 4329 vestras
799 4278 966 4343 extenuent,
984 4269 1218 4331 adversariorum
1227 4261 1330 4350 amplifi·

260 4369 341 4427 cent;
363 4356 475 4414 interim
486 4377 545 4416 non
553 4359 794 4433 anirnadvertunt,
802 4379 833 4418 se
842 4361 972 4420 confiteri
983 4365 1082 4421 urbem
1090 4375 1288 4425 nostramesse
1295 4363 1328 4419 in·

263 4448 463 4529 superabilem,
478 4448 547 4507 dum
558 4448 709 4508 hortantur
721 4462 754 4511 ut
759 4453 905 4529 jusaliter
917 4473 1004 4532 quarn
1014 4449 1129 4534 justum
1140 4468 1186 4516 est
1204 4453 1329 4526 custodia·
