2886 4946
205 273 282 334 200-
619 267 674 330 DE
696 265 879 330 CORONA.

205 438 258 488 ret.
291 425 375 488 ,Nam
399 423 424 486 ri
442 405 507 483 hreb
530 424 603 484 citra
625 433 772 486 certarnen
791 419 973 492 tradidisset,
985 437 1041 497 pro
1061 417 1165 496 quibus
1185 415 1299 478 nullum

206 517 437 598 nonpericulum
451 515 576 596 majores
599 516 691 582 nostri
715 515 880 586 subiissent,
894 512 960 593 quis
974 531 1033 572 non
1047 520 1076 570 te
1098 520 1302 590 computaret,
1332 533 1338 556 2

205 595 353 670 AElsrhine!
374 611 449 669 absit
473 607 549 670 enim
572 619 605 668 ut
628 609 774 668 civitatem
798 605 904 678 di'cam,
928 615 979 665 aut
999 623 1056 664 mer
1098 604 1213 670 Quibus
1227 623 1298 664 vero

204 702 296 762 oculis
311 721 363 780 pro
376 701 507 780 Jupiter!
522 699 655 764 homines
665 700 839 759 intueremur
852 698 903 776 qui
916 699 946 756 in
959 695 1145 756 haneurhem
1155 695 1296 768 venirent,

205 795 325 855 sinesin
340 814 406 855 eum
415 812 474 872 quo
488 811 567 853 nunc
581 801 651 851 sunt
664 792 760 851 locum
770 789 968 861 devenissent,
982 807 1017 848 ec
1030 789 1091 848 dux
1103 787 1297 866 dominusque

203 887 332 948 omnium
355 885 577 960 constitueretur
599 883 762 963 Philippus,
784 883 1001 942 contentionem
1022 891 1118 941 auteur
1132 879 1197 939 hoec
1212 889 1246 938 ut
1258 900 1295 940 ne

204 981 308 1040 fierent
316 979 365 1038 alii
382 979 444 1038 sine
457 977 540 1037 nobis
555 976 704 1037 iniissent!
716 975 804 1053 idque
816 995 884 1035 cum
897 974 1072 1034 haeccivitas
1084 991 1235 1050 nunquam
1246 993 1295 1032 su·

203 1071 306 1151 periori
320 1081 448 1150 ternpore
468 1068 654 1129 securitatem
671 1067 825 1147 ingloriam
846 1067 939 1147 pluris
960 1085 1047 1144 quarn
1066 1066 1229 1144 periculum
1244 1085 1295 1146 pro

203 1166 289 1225 rebus
302 1163 431 1224 honestis
445 1171 615 1240 susceptum
628 1161 738 1222 fecerit.
779 1160 852 1226 Quis
866 1159 943 1219 enim
957 1153 1137 1230 Groecorum,
1149 1157 1215 1237 quis
1228 1159 1293 1217 bar-

202 1258 339 1317 barorum
351 1255 456 1324 nescit,
470 1264 501 1313 et
513 1253 667 1313 Thebanos
677 1253 784 1331 quique
800 1262 867 1311 ante
880 1271 931 1312 eos
945 1251 1094 1330 pollebant
1108 1249 1295 1310 Lacedaemo-

203 1350 266 1409 nios
274 1359 305 1408 et
317 1348 411 1428 ipsum
425 1345 581 1406 Persarum
594 1364 694 1424 regern
705 1344 801 1404 ,muta
813 1364 881 1404 cum
895 1343 988 1422 gratia
1001 1342 1073 1403 illud
1086 1342 1212 1402 libenter
1224 1343 1294 1402 ciri·

204 1441 258 1502 tati
271 1449 377 1500 nostrae
399 1438 489 1500 inisse
504 1457 708 1510 concessuros,
729 1447 762 1496 ut
784 1435 923 1516 quicquid
936 1435 1025 1496 vellet
1039 1435 1186 1514 acciperet
1198 1445 1228 1494 et
1242 1455 1295 1495 sua

203 1533 349 1604 retineret,
364 1531 387 1590 si
402 1530 489 1590 modo
502 1531 621 1609 imperio
632 1531 842 1608 obsequeretur
855 1529 1034 1606 alterumque
1049 1526 1174 1588 Graeciae
1187 1528 1292 1608 princi-

202 1637 272 1706 patu
286 1625 371 1706 potiri
383 1623 500 1683 sineret.
541 1624 649 1682 Verum
663 1623 809 1682 enimvero
822 1641 882 1682 non
896 1630 979 1681 erant
990 1621 1054 1681 hoec
1068 1619 1295 1682 Atheniensibus

201 1717 301 1798 priscis
317 1716 394 1778 avita
406 1734 502 1793 neque
516 1713 635 1774 ferenda
648 1733 742 1792 neque
755 1714 851 1785 insita,
865 1732 960 1792 neque
972 1713 1067 1792 potuit
1085 1713 1123 1772 ab
1136 1713 1216 1771 omni
1230 1732 1293 1774 aevo

201 1812 353 1890 quisquam
375 1826 505 1886 unquam
526 1806 696 1884 reipublicae
711 1807 885 1886 persuadere
899 1815 932 1864 ut
944 1805 1125 1884 potentibu,
1133 1804 1293 1884 iisdemque

201 1903 299 1980 iniqua
310 1899 494 1969 facientibus,
509 1899 649 1959 addicens
670 1918 702 1958 se
722 1910 785 1959 tuto
805 1898 932 1969 serviret,
946 1897 1023 1978 quin.
1030 1916 1082 1977 per
1095 1917 1212 1957 omnem
1223 1895 1296 1960 aeta.

200 2006 265 2068 tem
282 1994 320 2053 de
343 1991 505 2072 principatu
529 1991 698 2071 honoreque
722 2002 753 2051 et
775 1991 867 2071 gloria
886 1989 1047 2050 decertavit
1067 1998 1098 2050 et
1111 1990 1142 2048 in
1155 1990 1291 2070 periculis

201 2095 316 2150 versata
328 2095 383 2144 est.
424 2083 519 2163 Atque
541 2084 605 2143 hrec
627 2094 687 2143 tam
709 2083 873 2162 splendide,
887 2092 948 2142 tam
961 2084 1065 2142 vestris
1078 2083 1207 2142 moribus
1221 2102 1293 2144 cou-

202 2191 342 2244 sentanea
354 2199 419 2239 esse
429 2177 594 2258 judicastis,
608 2187 642 2237 ut
655 2178 777 2256 majores
787 2187 913 2246 nostros,
924 2196 974 2238 eos
984 2176 1034 2256 qui
1047 2176 1112 2236 hoec
1127 2188 1296 2254 gesserunt,

94 2265 96 2269 ’
163 2282 167 2288 ’
202 2273 334 2334 maximis
358 2271 492 2331 laudibus
512 2269 648 2331 efferatis.
692 2269 796 2347 Neque
820 2269 933 2348 injuria.
976 2268 1049 2337 Quis
1064 2269 1143 2328 enim
1157 2269 1322 2335 virtutem,

199 2367 314 2426 illomnr
328 2365 450 2424 virorum
462 2383 520 2423 non
535 2362 700 2433 admiretur,
715 2361 766 2440 qui
778 2361 878 2440 patriae
889 2360 982 2420 solum
993 2370 1078 2440 atque
1091 2363 1204 2432 urbem,
1221 2381 1290 2422 con-

202 2459 313 2541 scensis
326 2457 459 2527 navibus,
473 2455 635 2535 relinquere
656 2474 715 2514 non
733 2452 914 2524 dubitarunt,
935 2472 972 2511 ne
992 2452 1112 2531 imperio
1132 2455 1288 2532 parerent?

202 2561 289 2629 etque
302 2551 388 2625 hujus
403 2549 520 2627 quidem
542 2547 656 2608 consilii
680 2544 1070 2608 auctoremThemistoclem
1090 2545 1291 2625 imperatorem

202 2644 384 2722 delegerunt,
398 2659 465 2700 eum
479 2659 547 2699 vero
561 2641 610 2717 qui
620 2639 781 2719 parendum
795 2639 943 2719 imperatis
963 2637 1078 2699 censuit
1091 2639 1239 2717 Cyrsilum
1251 2641 1294 2701 la·'

202 2735 319 2814 pidibns
332 2735 499 2804 obruerunt,
506 2751 603 2810 neque
616 2751 683 2790 enm
691 2731 797 2802 solum,
806 2729 858 2789 sed
868 2740 898 2790 et
909 2731 1045 2792 mulieres
1054 2741 1159 2793 vestras
1173 2753 1290 2794 uxorem

202 2829 276 2904 ejus.
316 2825 383 2884 Non
397 2825 474 2894 eninr
488 2824 658 2902 qnaerebant
672 2822 757 2902 prisci
769 2821 813 2881 illi
834 2822 1028 2886 Athenienses
1042 2843 1137 2903 neque
1147 2825 1289 2894 rhetorem

200 2937 294 2996 neque
307 2918 518 2997 imperatorem,
539 2918 622 2993 cujus
646 2934 736 2995 opera
757 2914 880 2976 feliciter
892 2915 1050 2980 servirent:
1073 2916 1127 2986 sed
1140 2918 1290 2996 nequavi-

199 3011 327 3072 rendum
342 3009 396 3070 sibi
415 3008 597 3088 judicabant,
611 3008 667 3067 nisi
677 3057 679 3064 .
689 3026 756 3067 cum
777 3007 912 3067 libertate
925 3008 1020 3068 vivere
1034 3008 1143 3068 liceret.
1187 3010 1289 3070 Existi·

201 3106 300 3164 mahat
313 3101 390 3161 enim
404 3119 503 3162 eorum
516 3099 638 3180 quisque
652 3119 711 3160 non
723 3099 818 3159 solum
831 3099 907 3179 patri
920 3117 951 3159 se
965 3100 1089 3164 etmatri
1102 3112 1287 3174 natumesse,

200 3216 299 3257 verum
314 3196 401 3254 eham
414 3194 524 3274 patriae.
565 3192 883 3260 Quidverointerestl,
904 3193 984 3270 quod
1004 3192 1038 3264 is,
1052 3192 1103 3271 qui
1116 3213 1148 3254 se
1162 3196 1286 3274 parenti-

200 3291 256 3348 bus
267 3288 359 3348 solum
371 3298 471 3346 natum
482 3305 546 3344 esse
554 3286 716 3357 arbitratur,
725 3295 847 3349 mortem
855 3303 943 3363 quam
954 3285 1046 3346 iatum
1060 3305 1095 3346 ac
1104 3297 1212 3348 natura
1221 3287 1286 3348 effe·

200 3390 246 3440 rat
259 3378 450 3457 exspectabit,
458 3378 507 3455 qui
516 3387 614 3442 autern
627 3387 657 3437 et
669 3378 780 3457 patria,
790 3386 824 3437 ut
835 3397 873 3437 ne
887 3397 951 3438 eam
967 3375 1073 3438 servire
1085 3379 1193 3452 videat,
1203 3379 1286 3440 emori

199 3470 382 3552 praeoptabit,
395 3481 424 3530 et
436 3468 528 3548 magis
542 3471 713 3531 metuendas
724 3489 787 3530 esse
797 3469 886 3530 ducet
895 3469 1087 3532 contumelias
1099 3469 1285 3548 ignominias-

201 3584 269 3643 que,
282 3581 354 3642 qnas
366 3562 396 3620 in
404 3561 520 3621 civitate
533 3562 668 3622 servienti
681 3563 808 3642 perferre
821 3573 867 3625 est
880 3581 1011 3636 necesse,
1021 3583 1109 3642 quam
1117 3565 1272 3626 interitum.
1323 3615 1326 3620 .

241 3651 295 3717 60.Ι
312 3656 342 3714 Si
356 3653 444 3734 igitur
457 3654 619 3716 hocdicere
633 3655 823 3728 instituerem,
836 3675 883 3716 me
896 3655 977 3718 vobis
992 3667 1141 3717 auctorem
1155 3659 1245 3719 fuisse
1256 3667 1285 3717 ut

201 3751 314 3829 spiritns
325 3746 481 3828 majoribus
495 3746 598 3806 vestris
613 3746 718 3825 dignos
741 3747 904 3821 sumeretis,
919 3768 1005 3808 nemo
1019 3749 1151 3827 profecto
1162 3761 1210 3810 est
1221 3751 1284 3829 quin

202 3861 248 3902 me
257 3843 323 3921 jure
336 3838 537 3920 reprehendet.
580 3837 668 3898 Nunc
682 3858 738 3917 ego
751 3849 848 3900 vestra
861 3859 925 3900 esse
938 3841 1002 3900 haec
1014 3840 1150 3902 instituta
1163 3842 1282 3912 declaro,

203 3945 389 4011 monstroque
409 3931 496 3991 etiam
510 3941 577 3990 ante
597 3949 663 3989 mea
682 3939 815 4010 tempora
831 3931 886 3991 hos
902 3932 992 3992 fuisse
1006 3933 1123 4011 spiritus
1136 3953 1173 3994 ac
1187 3951 1282 3994 sensus

202 4022 382 4093 civitatique
397 4021 546 4085 ministerii
559 4021 676 4099 quidem
688 4024 842 4100 partemin
856 4023 978 4102 singulis
993 4026 1080 4084 rebus
1094 4027 1186 4104 gestis
1195 4025 1281 4086 adme

203 4133 317 4195 quoque
331 4115 508 4176 referendam
520 4135 585 4176 esse
599 4114 683 4175 dico:
705 4124 737 4174 at
748 4115 814 4188 iste,
827 4116 897 4174 dum
917 4135 1062 4176 summam
1084 4138 1145 4177 rem
1165 4119 1285 4179 insecta-r

202 4217 259 4278 tur,
273 4223 383 4282 vosque
397 4205 464 4262 mihi
484 4207 612 4267 infensos
634 4226 699 4266 esse
713 4207 799 4287 jubet
818 4217 852 4267 ut
871 4207 921 4287 qui
942 4208 1077 4269 timorum
1098 4230 1132 4270 ac
1147 4210 1279 4272 discrimi-

203 4318 271 4357 num
282 4294 446 4374 reipublicre
459 4297 548 4358 eausa
559 4299 671 4372 fuerim,
684 4319 731 4360 me
745 4299 863 4377 quidem
875 4299 1011 4379 praesenti
1024 4313 1195 4363 ornamento
1209 4301 1279 4380 cupit

203 4389 371 4468 exspoliare,
385 4384 466 4470 robis
479 4406 546 4448 vero
561 4391 737 4469 sempiterna
743 4378 892 4474 'preconia
905 4391 1025 4476 eripere.
1058 4393 1090 4452 Si
1104 4395 1191 4473 enim,
1204 4389 1278 4474 quasi
