2886 4946
364 675 521 740 LIBANII
542 665 844 738 ARGUMENTUM
866 669 1089 731 ORATIONIS
1111 667 1167 729 DE

502 780 726 842 LIBERTATE
747 776 1014 839 RHODIORUM.
1077 798 1080 810 ·

249 933 365 984 Βιιιιιιι
381 937 444 998 quod
461 936 546 984 soeiele
561 935 650 982 dietum
667 933 720 989 luit,
735 937 888 992 sumperunt
904 931 1018 978 edversus
1037 926 1192 976 Athenienses
1209 925 1266 973 cnti
1284 932 1309 973 et

216 1012 303 1061 Rhodii
314 1019 340 1060 et
350 1012 472 1076 Byzantii:
490 1013 530 1074 qni
541 1027 594 1060 uum
607 1011 655 1058 illis
673 1011 737 1072 prins
748 1009 888 1072 peruissent,
897 1011 960 1054 tuno'
971 1006 1105 1054 rouietstem
1117 1014 1196 1053 oontru
1212 1005 1309 1052 Atheni·

215 1107 282 1141 enses
290 1089 350 1138 inter
361 1107 387 1138 se
395 1092 505 1138 leeersut.
538 1090 597 1138 Cum
608 1095 686 1136 sutem
695 1087 780 1135 Rhodii
791 1087 901 1134 (luriun'
877 1086 948 1134 ιιιιιι
961 1092 1049 1138 esseut.
1059 1099 1085 1131 se
1095 1084 1157 1146 upud
1169 1083 1310 1138 Meusolum,

217 1169 269 1228 ejus
280 1164 405 1228 prouineise
422 1167 566 1228 ριιιιιοιιιι,
577 1165 650 1227 gretie
665 1164 743 1212 velere
760 1164 879 1236 putsbsnt.
912 1163 937 1208 ιι
950 1161 1060 1228 psnlstim
1073 1160 1135 1221 epud
1147 1175 1197 1216 eos,
1206 1159 1254 1205 tide
1266 1157 1312 1205 sibi

217 1243 349 1296 eouuiliste,
360 1240 455 1287 lusidius
464 1231 550 1302 populu
560 1240 712 1300 eumpsresit,
720 1248 743 1287 et
755 1221 845 1296 urbem,
854 1240 962 1286 libertate
972 1235 1069 1284 lthodiis
1079 1243 1168 1298 erepte,
1184 1249 1311 1306 pensorum

217 1320 375 1382 potentiorum
386 1316 494 1364 servituti
508 1315 614 1376 subjecit.
647 1317 751 1363 (lenset'
744 1332 777 1378 sgr
770 1317 816 1363 itnr
827 1315 1003 1370 Demosthenes,
1012 1328 1062 1360 eern
1080 1328 1127 1360 rem
1139 1327 1183 1359 uon
1195 1326 1248 1358 esse
1257 1326 1313 1372 ueg-

216 1394 341 1457 ligendem,
358 1394 401 1440 sed
418 1393 547 1456 jurandum
567 1405 619 1438 esse
640 1391 751 1452 populum
769 1392 927 1440 Rhodiorum:
944 1391 1006 1452 qnod
1017 1405 1031 1437 e
1042 1403 1069 1438 re
1084 1389 1115 1436 sit
1131 1387 1314 1442 Atheniensium,

219 1472 290 1518 nrbes
302 1468 410 1532 populuri
419 1484 501 1530 perere
510 1468 615 1528 imperio.
648 1467 701 1513 Etsi
718 1475 804 1525 nutem,
823 1468 905 1529 inquit,
925 1465 1013 1516 Rhodii
1033 1481 1076 1513 uos
1092 1465 1218 1513 leserunt:
1236 1471 1313 1510 ιιιιιι
1396 1499 1397 1503 ,

220 1546 289 1595 uobis
300 1551 325 1594 et
335 1547 455 1594 honestum
462 1554 486 1592 et
498 1543 606 1592 usiteturn
618 1550 664 1599 est,
675 1559 717 1590 eos
728 1544 797 1592 etium
807 1545 910 1602 omnen
918 1543 958 1606 qui
967 1559 1009 1591 sos
1018 1542 1118 1590 nonnihil
1130 1543 1199 1590 etiem
1208 1540 1314 1588 offende-

219 1630 282 1678 runt,
290 1621 471 1684 liberere,etque
480 1619 666 1682 delinquentibus
677 1619 700 1666 in
712 1619 888 1683 Rempublioum
895 1620 1024 1684 ignnsuese.

553 2147 990 2238 DEMOSTHENIS

401 2364 470 2439 DE
504 2365 821 2444 RHODIORUM
860 2363 1145 2440 LIBERTATE

679 2568 877 2635 ORATIO.

269 2755 299 2812 1.
320 2752 499 2810 Αιιιιιιοι
513 2760 645 2831 oportere
659 2773 724 2826 uos,
738 2754 941 2822 Athenienses,
956 2751 1044 2812 tantis
1059 2751 1096 2811 de
1107 2753 1194 2812 rebus
1210 2753 1320 2816 delibe-

226 2855 335 2916 runtes,
356 2842 424 2903 dere
451 2842 540 2902 libere
570 2843 685 2902 dicendi
711 2855 887 2923 potestatem
915 2843 1069 2922 unicuique
1095 2843 1320 2904 consulentium.

167 2971 174 2978 -
230 2938 293 3017 Ego
306 2955 374 2995 vero
388 2955 448 2994 nou
468 2935 567 3013 putavi
582 2954 709 3015 unquam
723 2935 841 2996 difficile
856 2935 961 2996 docere
974 2935 1028 2995 voe
1041 2955 1106 3014 quoe
1120 2935 1230 3014 optime
1242 2938 1321 2998 luctu

229 3033 361 3093 siut—ut
374 3028 451 3088 euim
466 3028 633 3110 simplieiter
647 3029 751 3100 dicem,
765 3049 868 3088 omues
882 3049 918 3088 ea
926 3029 989 3108 jem
1002 3038 1069 3088 ente
1082 3029 1200 3107 cognita
1212 3030 1320 3092 hebere

148 3147 150 3157 ι
229 3122 299 3182 mihi
308 3119 541 3181 uidemini-sed
549 3121 723 3199 persuadere
737 3131 771 3180 ut
784 3139 819 3180 ee
832 3119 1047 3199 exsequamini:
1062 3139 1129 3178 nam
1139 3139 1206 3180 eum
1216 3123 1321 3201 probe-

228 3225 291 3274 tum
305 3212 415 3291 aliquid
427 3212 634 3289 decretumque
644 3222 702 3283 est,
717 3213 890 3273 tantundem
903 3213 940 3272 ab
954 3213 1070 3292 egendo
1080 3213 1170 3283 abest,
1181 3225 1321 3294 quantum

207 3320 209 3326 ’
230 3318 386 3384 antequem
400 3305 614 3364 decerneretur.

271 3401 301 3456 2.
323 3397 380 3457 Est
392 3407 490 3458 eutem
503 3397 577 3457 illud
591 3417 680 3457 unum
694 3418 730 3458 ex
743 3417 842 3458 eorum
856 3416 987 3470 numero,
996 3407 1115 3476 propter
1122 3418 1189 3476 quoe
1203 3397 1259 3458 diis
1272 3399 1321 3458 im-

230 3488 399 3551 mortalibus
413 3489 582 3568 gretiasvos
596 3491 702 3551 habere
717 3490 861 3563 existimo,
870 3487 950 3567 quod
964 3489 1014 3566 qui
1027 3489 1214 3578 nonitaolim
1224 3501 1324 3571 suapte

230 3581 393 3664 petulantie
405 3580 521 3660 impulsi
533 3600 587 3647 vos
600 3581 851 3662 bello'petierunt,
864 3583 883 3640 ii
897 3599 975 3640 nunc
995 3581 1025 3641 in
1046 3582 1129 3642 vohis
1149 3581 1220 3642 solie
1244 3601 1325 3662 spem

232 3696 295 3737 suae
308 3673 409 3736 salutis
422 3672 543 3732 hubent.
586 3673 683 3752 Atque
705 3693 822 3753 sequum
844 3683 888 3733 est
910 3673 1049 3752 gratulari
1070 3673 1138 3734 huic
1157 3674 1322 3742 oucesioni;

231 3789 292 3850 qua
306 3768 330 3828 si
344 3777 422 3826 recte
442 3765 574 3838 utemini,
586 3764 646 3837 fiet,
661 3774 695 3826 ut
707 3784 806 3826 eorum
823 3765 872 3844 qui
886 3775 1017 3826 nostrum
1030 3765 1133 3826 urbem
1146 3766 1325 3828 calumnien-

233 3871 280 3920 tur
303 3857 462 3919 maledieta
482 3857 578 3936 reipsu
600 3867 631 3918 et
654 3876 721 3915 eum
743 3857 822 3917 boun
843 3857 922 3917 inme
943 3847 1087 3918 refutetis.
1129 3859 1237 3924 Queeti
1251 3859 1325 3919 enim

205 3947 208 3951 ’
233 3961 302 4010 sunt
316 3952 370 4010 subi
380 3971 435 4012 nus
448 3947 579 4013 insidiari
590 3947 656 4008 chii
667 3958 698 4008 et
707 3948 838 4027 Byzeutu
846 3958 877 4009 et
888 3948 1017 4017 Rhodii:
1038 3959 1248 4031 proptereaque
1258 3970 1326 4012 con

228 4043 341 4122 junctis
354 4042 471 4114 uiribus,
485 4049 663 4147 postremum
675 4039 732 4100 hoe
752 4040 863 4100 bellum
883 4039 968 4102 nobis
981 4042 1151 4103 intulerunt.
1192 4044 1326 4124 Appare-

232 4136 276 4196 bit
293 4143 390 4193 autem
403 4133 572 4196 Mausolum
586 4154 636 4212 qus
627 4133 710 4193 dux
723 4143 754 4193 et
767 4143 868 4194 auctor
881 4135 944 4216 ejus
957 4134 999 4194 rei
1020 4135 1085 4208 luit,
1108 4135 1179 4195 dum
1205 4157 1238 4196 se
1259 4135 1326 4198 emi·

235 4246 302 4286 oum
324 4243 389 4283 esse
413 4225 592 4287 Rhodiorum
617 4227 746 4296 simulat,
764 4225 974 4286 libertatem
949 4247 991 4287 ers
1013 4227 1172 4308 eripuisse:
1196 4229 1285 4290 Chios
1298 4236 1327 4288 et
1432 4273 1435 4298 ,

237 4315 404 4397 Byzantios,
417 4317 576 4394 equibus
568 4339 598 4378 m
607 4321 780 4380 societatem
794 4317 931 4398 adscripti
943 4319 1070 4392 luerunt,
1084 4319 1217 4382 cladibus
1231 4337 1327 4381 eornm

234 4429 295 4468 non
309 4405 505 4468 succurrisse:
525 4427 664 4486 vesques
675 4412 844 4472 metuebant
857 4410 935 4472 solos
949 4412 1078 4473 omnium
1092 4412 1217 4475 sulutem
1230 4431 1326 4492 eorum
