2932 4952
411 275 973 376 eormnnnmsuocnnrmn
1197 279 1294 338 asa·

153 431 237 510 quod
258 433 545 496 senatusconsultum
559 432 614 500 sit;
635 433 731 512 legem
755 423 853 494 autem
872 434 987 512 jubere,
999 432 1256 502 senatusconsulta
1331 444 1334 450 ’

154 547 224 586 esse
251 546 359 586 annua.
416 527 519 604 ltaque
547 527 666 585 tametsi
690 545 770 584 nunc
799 527 862 604 ipse
892 526 1070 596 absolvatur,
1106 524 1257 586 decretum

153 629 254 708 tanqen
278 619 334 676 hoc
352 618 423 677 nihil
458 616 751 678 incommodatumm'
767 617 942 697 reipublice.
994 617 1059 696 Ego
1084 625 1153 677 iero
1174 618 1258 676 vobis

153 715 230 773 illud
243 724 347 774 contra
365 713 422 772 hoc
441 713 646 792 opponendum
665 733 730 772 esse
751 723 859 784 statuo,
880 711 1030 770 decretum
1054 713 1091 770 ab
1114 713 1170 771 isto
1192 728 1259 772 esse

155 808 309 885 scriptum,
330 825 395 867 nou
422 815 457 864 ut
481 824 519 864 eo
534 805 626 877 irritu,
654 805 724 864 nihil
750 825 802 880 vqs
827 805 1004 863 incommodi
1029 805 1194 875 sentiretis;
1223 805 1259 864 li-

154 901 269 960 cuisset
282 900 359 960 enim
379 899 415 958 ab
438 899 518 962 initio
542 898 612 956 nihil
636 899 771 969 snubere,
785 897 814 956 si·
824 907 988 978 spectasset
1001 897 1072 975 <prid
1091 908 1172 957 esset
1185 919 1201 958 e
1214 917 1260 957 re·

156 994 293 1072 publica:
315 993 379 1063 sed,
393 1001 427 1050 ut
439 992 523 1050 vobis
538 991 681 1080 deceptis,
696 991 865 1068 quidam'ea
878 1009 945 1069 quae
954 1009 1020 1050 cum
1030 989 1134 1048 vestris
1148 991 1258 1070 utilita-

155 1086 237 1145 tibus
252 1095 394 1164 pugnant,
409 1095 668 1162 consequerentur.
703 1084 762 1148 Qui
776 1094 874 1142 autem
888 1084 1065 1153 accusarint,
1074 1084 1111 1142 'et
1123 1099 1184 1142 uem
1199 1084 1259 1142 dis-

157 1177 288 1248 tulerint,
306 1175 521 1247 cteffecerint,
539 1197 577 1235 ne
594 1189 700 1235 ratum
720 1187 800 1236 esset
823 1177 986 1246 decretum,
1015 1175 1045 1234 hi
1069 1192 1124 1234 nos
1147 1191 1258 1236 sumum
1301 1241 1305 1245 ,

154 1271 330 1334 ⁴Absnrdum
344 1269 537 1347 igiturlnerit,
547 1288 671 1347 quarum
685 1273 780 1328 rerum
792 1261 886 1347 gratia
896 1268 987 1328 nobis
995 1268 1127 1341 debetur,
1136 1287 1186 1344 eas
1198 1269 1260 1328 istis

154 1365 248 1424 saluti
260 1383 335 1422 esse.
360 1363 474 1421 Deinde
486 1382 581 1439 neque
595 1363 636 1422 ita
644 1363 766 1442 simplex
780 1363 857 1422 istud
870 1372 924 1434 est,
938 1371 974 1420 ut·
985 1362 1090 1440 aliquis
1104 1363 1260 1424 existimet.

159 1457 238 1514 Nam
257 1457 282 1514 si
303 1475 391 1516 nemo
411 1467 489 1515 esset
508 1456 593 1528 alius,
608 1456 691 1516 istius
706 1457 851 1536 exemplo,
867 1451 1139 1533 neglecta-utilitate
1154 1468 1259 1530 vestra,

156 1549 331 1626 scripturus,
345 1549 443 1620 minus
462 1549 586 1607 fortasse
608 1547 696 1626 graie
720 1547 812 1608 foret:
840 1567 919 1610 nune
933 1548 1003 1626 quia
1012 1548 1086 1607 tales
1099 1566 1158 1608 non
1172 1551 1260 1628 pauci
1343 1587 1345 1590 -

157 1652 241 1712 sunt,
255 1641 343 1700 vestri
356 1640 442 1698 officii
456 1659 516 1699 nou¹
526 1649 583 1710 est,
595 1641 746 1700 decretum
759 1625 841 1699 istud
852 1641 984 1700 tolerare.
1018 1641 1092 1706 Quis
1109 1641 1185 1699 enim
1200 1661 1263 1702 non-

157 1753 267 1796 securo
282 1733 378 1791 animo
389 1731 487 1790 denuo
502 1731 618 1804 scribet,
634 1731 658 1790 si
671 1731 727 1790 lroc
741 1731 828 1790 fuerit
837 1732 1026 1792 absolutum?
1054 1733 1128 1798 Quis
1138 1753 1197 1792 non
1209 1753 1261 1813 ap·

158 1824 327 1906 probabiti.
343 1824 417 1889 Quis
430 1843 497 1882 vero
515 1821 684 1884 accusabit?
714 1825 782 1882 Non
800 1825 1021 1904 igiturspectari
1036 1826 1135 1896 debet,
1152 1847 1189 1886 an
1203 1825 1260 1886 hoe

115 1949 120 1970 r
157 1921 200 1980 sit
213 1919 391 1996 temporibus
400 1917 522 1989 irritum,
534 1917 587 1975 sed
597 1917 670 1976 illud
684 1917 854 1976 intuendum
869 1928 925 1990 est,
939 1937 1002 1990 vos,
1017 1917 1149 1978 sivestro
1161 1919 1262 1979 suffra·

160 2015 212 2091 gio
234 2012 385 2070 decretum
406 2027 484 2068 nuno
506 2010 699 2083 absolveritis,
713 2009 822 2088 hisqui
836 2010 934 2070 denuo
948 2029 1053 2070 nocere
1067 2013 1149 2072 vobis
1164 2013 1263 2072 volent
1356 2087 1360 2096 1

157 2105 364 2184 impunitatem
377 2102 509 2161 daturos.

202 2199 253 2256 26.
275 2195 379 2272 Neque
397 2193 469 2252 illud
484 2193 571 2252 etiam
586 2214 632 2253 me
646 2196 728 2264 latet,
745 2195 954 2267 Athenienses,
965 2196 1174 2258 Aristocratem
1192 2200 1265 2258 sinr-¹

159 2291 269 2374 plicam
292 2298 322 2346 et
342 2307 437 2346 veram
459 2286 795 2346 delensionemnullam
812 2288 930 2359 habere,
952 2289 1006 2347 sed
1032 2289 1103 2349 talia
1126 2290 1263 2368 quoedam

155 2382 479 2462 effugiaqnaesiturum,
494 2380 612 2438 decreta
624 2379 711 2457 hujus
726 2381 839 2456 generis
853 2379 944 2439 multa
960 2381 1022 2460 jam
1037 2393 1067 2440 et
1088 2381 1184 2441 multis
1198 2400 1265 2442 esse

158 2481 251 2538 facta.
293 2476 328 2534 ld
342 2493 421 2544 vero,
431 2470 639 2541 Athenienses,
654 2473 736 2530 nullo
750 2483 922 2551 argumento
937 2485 993 2544 est,
1007 2472 1094 2535 istum
1108 2485 1265 2534 consenta-

157 2591 219 2632 nea
228 2568 391 2648 decrevisse
405 2565 539 2643 legibus:
564 2565 663 2622 multoe
678 2584 724 2623 res
736 2567 906 2636 enimsunt,
917 2567 1023 2643 quibus
1044 2567 1078 2625 tit
1093 2576 1126 2625 ut
1144 2587 1197 2627 vos
1212 2569 1264 2627 de-

157 2659 319 2742 cipiamini.
361 2657 471 2727 Veluti,
485 2657 598 2735 siquod
614 2656 787 2716 edamnatis
797 2657 921 2716 decretis
933 2659 1012 2736 apud
1025 2677 1078 2718 vos
1088 2645 1267 2742 non-luisset
1338 2701 1341 2707 »

159 2763 346 2823 accusatum,
359 2761 455 2810 ratum
469 2750 570 2828 utique
586 2749 701 2821 inisset,
722 2769 890 2827 quanquam
913 2761 1016 2812 mnne
1035 2747 1116 2831 leges
1140 2753 1263 2813 sactum.

160 2850 230 2908 Nec
244 2847 339 2904 minus
354 2843 470 2920 siquod
485 2849 652 2901 accusatum
667 2851 722 2911 est,
738 2852 769 2901 et
791 2853 891 2900 tamen
905 2843 951 2902 vel
965 2844 1164 2922 praevaricatis
1178 2865 1266 2905 accu-

159 2941 319 3008 satoribus,
333 2937 379 2995 vel
397 2936 567 3013 eloquentia
586 2936 624 2994 ad
635 2952 722 2994 suam
742 2953 862 2994 causam
883 2933 1089 3014 explicandam
1105 2938 1265 3011 destitutis,

158 3031 408 3095 est.absolutum;
437 3028 524 3086 etiam
542 3028 599 3086 boc
620 3028 734 3106 legibus
758 3047 823 3087 esse
836 3030 1024 3099 contrarium,
1040 3029 1266 3109 nihilprohibet

161 3126 246 3186 Num
254 3122 353 3201 igitur,
359 3121 409 3198 qui
418 3119 455 3178 de
463 3139 498 3178 eo
508 3119 683 3178 sententiam
693 3120 802 3186 dixere,
807 3119 1013 3198 jusjurandum
1026 3141 1085 3180 non
1095 3123 1267 3183 servarunt?

110 3251 124 3261 .‚
161 3223 240 3288 lma.
282 3214 460 3282 Quomodo?
503 3213 537 3272 ld
552 3232 607 3292 ego
622 3214 744 3272 docebo.
788 3213 826 3272 Se
843 3214 1266 3296 animovreligiosissimoprm

161 3299 351 3374 nunciaturos
361 3306 624 3387 jurarunt:'animi
648 3316 745 3365 autem
766 3305 875 3384 opinio,
898 3327 934 3366 ex
951 3302 997 3367 his
1020 3319 1087 3387 quae
1111 3310 1265 3384 audierint,

158 3404 321 3466 exoritur...
343 3401 416 3460 Eam
427 3400 460 3457 in
469 3397 630 3479 judicando
640 3417 709 3458 cum
720 3410 890 3478 sequuntur,
903 3400 950 3479 pie
964 3400 1082 3463 iaciunt.
1124 3403 1264 3482 Quisquis

160 3501 253 3568 enim,
274 3513 372 3572 neque
396 3493 474 3563 odio,
496 3508 594 3569 neque
613 3491 937 3571 benevolentiamque
962 3492 1019 3554 alia
1040 3495 1151 3575 injusta
1175 3517 1266 3560 causa

159 3598 342 3658 commotus,
353 3583 514 3666 contremui
524 3584 611 3645 animi
621 3584 794 3647 sententiam
808 3603 869 3642 non
883 3587 1064 3663 pronunciat,
1076 3589 1210 3666 religiose
1221 3590 1266 3648 fa·

135 3683 138 3694 “
160 3685 218 3745 cit.
251 3676 520 3756 *Nequeenimqui
534 3677 573 3734 ab
588 3686 702 3736 oratore
722 3676 872 3754 deeeptus,
892 3677 1001 3756 aliquid
1013 3679 1166 3758 ignoravit,
1182 3681 1268 3761 igno<

105 3830 128 3840 ..
160 3774 268 3838 rantioe
279 3783 386 3851 poenas
405 3771 475 3829 dare
489 3769 596 3828 debet:
618 3769 669 3828 sed
689 3771 738 3846 qui
755 3769 858 3829 volens
877 3780 907 3830 et
920 3771 1015 3831 sciens
1030 3793 1180 3852 perperam
1197 3793 1267 3852 pro-

159 3867 296 3932 nunciat,
316 3865 341 3922 is
355 3861 546 3922 exsecrationi
561 3869 607 3920 est
619 3861 775 3920 obnoxius.
798 3862 986 3942 Quapropter
999 3865 1028 3922 in
1049 3864 1172 3942 singulis
1192 3885 1264 3924 con·

161 3959 310 4026 cionibus,
324 3971 422 4034 praeco
443 3952 511 4030 diris
527 3953 652 4011 devovet
662 3969 732 4012 non
746 3954 898 4032 deceptos,
917 3955 970 4014 sed
983 3955 1049 4025 illos
1066 3957 1120 4034 qui
1131 3957 1266 4036 phalera·

160 4058 202 4115 tis
216 4050 312 4109 verbis
326 4047 372 4106 vel
385 4056 528 4114 senatum,
542 4044 590 4104 vel
603 4045 755 4124 populum,
776 4041 823 4104 vel
837 4045 981 4104 Heliaeam
995 4047 1156 4127 decipiunt.
1195 4043 1267 4110 Non

161 4148 254 4227 ‘egitur
267 4143 294 4202 ei
305 4138 474 4202 concedatis
489 4149 522 4196 ut
532 4137 622 4209 dicat,
632 4138 688 4196 hoc
696 4155 764 4199 esse
774 4138 894 4210 lactum,
906 4138 959 4197 sed
964 4143 1044 4213 juste
1058 4159 1124 4200 esse
1136 4141 1246 4202 factum
1257 4163 1270 4204 r

162 4254 222 4300 nec
237 4237 274 4294 ab
288 4233 353 4293 aliis
367 4250 403 4289 ea
412 4231 560 4305 judicibus
578 4249 642 4288 esse
656 4228 836 4298 confirmata,
852 4230 905 4288 sed
919 4249 971 4288 vos
986 4231 1102 4302 edoceri
1111 4232 1223 4312 jubete,
1236 4255 1269 4295 se

161 4352 204 4392 ee
216 4329 255 4388 de
268 4342 300 4386 re
310 4343 396 4403 quam
408 4342 462 4381 nos
473 4324 603 4401 aquiora
617 4321 722 4380 dicere.
745 4320 833 4388 Quod
845 4321 869 4380 si
879 4323 977 4382 lacere
989 4341 1047 4382 non
1057 4333 1205 4403 poterunt,
1216 4327 1267 4385 ab·

160 4409 289 4500 medum
310 4437 378 4478 esse
390 4424 499 4488 statuo,
517 4414 644 4474 alionum·
660 4410 989 4493 deceptioucmvestt&
1003 4415 1163 4496 cognitioni
1185 4427 1267 4478 ente·
1335 4469 1338 4474 .
