2886 4946
206 251 263 311 146
460 245 516 304 DE
537 241 774 304 REPUBLICA
795 241 1059 302 ORDINANDA.

204 399 323 462 morari
364 398 444 466 Quia
451 417 558 459 censeo
566 417 620 458 vos
629 407 772 478 oportere,
778 400 916 478 quoniam
930 397 1063 472 nonnulli
1075 396 1228 458 terendum
1241 415 1302 472 non

206 493 310 574 putant
319 500 355 550 ut
365 507 467 550 omnes
480 489 626 569 stipendia
638 499 778 566 mereant,
794 489 1007 550 ordinationem
1019 507 1090 552 vero
1104 497 1135 548 et
1153 487 1302 548 inctructi-

171 625 174 632 ·
205 605 290 646 onem
309 603 374 645 erte
393 582 495 644 utilem
516 580 704 642 consentiunt
719 600 832 656 omnen,
849 581 919 643 binc
935 581 1085 662 negotium
1106 579 1252 660 auspicari
1272 591 1305 641 et

204 679 361 757 unicuique
375 676 446 736 dare
458 683 634 755 potestatem
648 671 781 734 &eodm
789 672 835 733 bie
848 673 886 734 de
900 675 989 734 rebus
1001 672 1163 743 tententite,
1172 671 1216 732 tic
1224 672 1306 732 enim

133 774 141 786 ‘
205 771 401 833 acreehabet.
422 767 454 826 Si
464 767 546 827 vobis
560 785 638 825 nunc
651 765 820 845 persuaderi
829 766 931 825 uinetis
945 775 980 825 ut
994 763 1183 826 occasionem
1197 764 1311 856 mense

206 865 251 924 bit
263 864 351 925 robur
363 858 555 920 conficiendis
568 868 761 937 opportunam
775 857 963 932 arbitremini,
979 877 1070 937 quum
1088 875 1124 917 ea
1140 858 1306 918 necessaria

205 955 288 1017 vobin
301 952 419 1023 luerint,
434 951 465 1011 in
474 959 612 1031 promptu
620 949 773 1010 hababitis.
807 949 861 1009 Sin
873 957 908 1010 ut
920 947 1124 1029 intempertiro
1135 947 1305 1027 negligetis,

207 1068 298 1130 quum
311 1048 346 1110 iir
359 1047 402 1106 nti
415 1054 558 1126 oporteat,
571 1054 634 1104 tum
649 1043 766 1102 demum
776 1061 814 1104 ea
822 1061 991 1122 comparare
1007 1042 1163 1122 cogemini

248 1145 277 1202 5.
299 1138 576 1210 Jamverolocutur
596 1135 790 1213 estquidam,
809 1154 869 1195 non
890 1133 1023 1214 plebeius
1046 1133 1147 1206 homo,
1160 1133 1215 1193 ted
1235 1131 1306 1194 talis

208 1234 259 1314 qui
272 1233 498 1311 disrumperetur
514 1231 538 1288 si
558 1229 624 1288 hmo
637 1228 753 1298 fierent,
766 1226 812 1287 bis
826 1227 886 1286 iere
899 1225 1005 1300 verbis,
1028 1226 1124 1305 quid
1144 1224 1307 1286 tandem

208 1327 406 1396 fracture
428 1320 709 1382 Demosthenis
738 1319 996 1380 orationibus
1018 1315 1309 1399 cepimusiuui

209 1434 464 1500 progressus,
485 1433 600 1494 quum
630 1413 709 1494 ipri
736 1413 864 1474 visum
892 1415 965 1486 cst,
994 1420 1306 1492 auree-vertras

209 1509 435 1572 obtundere
466 1507 576 1568 solet
605 1514 646 1565 et
675 1504 870 1566 cavillari
889 1513 1131 1585 praesentem
1152 1513 1307 1564 etatum

165 1655 170 1661 .
209 1613 256 1677 ot,
287 1601 353 1661 nbi
383 1603 731 1680 primumvertroa
751 1598 929 1678 majorca.
954 1595 1142 1658 laudarit
1172 1605 1212 1660 et
1241 1615 1307 1658 vos

210 1692 430 1756 concitavit
450 1688 695 1770 induitque,
711 1689 970 1751 descendere.
1010 1688 1164 1768 ligavero,
1179 1689 1205 1749 ri
1223 1688 1309 1750 vobis

210 1803 388 1864 eorumquae
398 1783 465 1842 dico
473 1781 648 1862 persuadere
663 1781 773 1860 aliquid
785 1801 913 1862 portem,
926 1791 971 1842 tot
985 1800 1033 1842 me
1047 1780 1189 1842 utilitates
1199 1781 1307 1842 allatu-

208 1899 273 1941 rum
282 1874 524 1956 eteereipublicoe
533 1886 677 1954 putarem,
687 1885 823 1953 quantae,
838 1875 862 1935 si
872 1893 951 1934 nunc
961 1875 1057 1936 dicere
1067 1873 1235 1953 aggrediar,
1244 1875 1307 1954 ple·

210 1969 387 2051 riqucfidern
398 1970 441 2028 air
450 1967 616 2046 abrogaturi
630 1979 738 2040 errant,
746 1979 887 2047 tanquam
897 1967 1054 2044 majdribns
1067 1987 1235 2048 quamquoe
1246 1970 1308 2030 lieri
1329 1986 1331 1992 ·

210 2065 333 2145 porrint
375 2060 531 2120 Enimvero
544 2079 592 2120 me
604 2078 664 2118 non
677 2059 780 2137 'parum
790 2061 932 2141 prodente
945 2061 1059 2142 reipub.
1071 2080 1190 2134 censeo,
1205 2061 1232 2121 si
1256 2082 1307 2124 vot

213 2157 251 2216 ad
265 2157 377 2236 optima
388 2171 513 2232 qumque
523 2151 672 2212 audienda
685 2151 919 2220 consuefaciamt
942 2163 1060 2234 oportet
1081 2153 1170 2224 enim,
1180 2153 1308 2218 Atheni-

212 2267 311 2321 enter,
320 2257 354 2316 ut
366 2245 451 2324 isqui
465 2244 503 2304 de
514 2244 629 2304 civitate
641 2253 742 2304 noetm
750 2245 826 2304 bene
836 2246 939 2305 mereri
952 2245 1045 2325 cupit,
1056 2247 1174 2308 auribus
1182 2246 1307 2325 primum

211 2341 312 2402 restris
325 2338 494 2400 medeatur:
515 2347 660 2414 corrupta
669 2336 847 2405 enimeuntt
868 2336 1211 2403 adeomultaatialaaet
1226 2359 1307 2419 qma-

213 2435 256 2494 vir
269 2432 366 2513 potior
379 2427 480 2490 andire
493 2447 581 2506 quam
593 2427 734 2487 ruentia
745 2428 925 2489 comueiacti
938 2427 1029 2490 estin:
1051 2429 1221 2494 veluti—ne
1241 2448 1310 2495 vero

213 2526 283 2584 mibi
293 2523 447 2602 quiequam
457 2521 593 2580 obturbet
599 2521 769 2599 priusquam
779 2519 878 2580 omnia
885 2520 1206 2604 dinero-recluserunt
1215 2541 1310 2602 nuper

212 2617 332 2698 qnidam
345 2613 497 2679 crarium:
519 2622 646 2671 oratores
669 2612 756 2691 igitur
779 2632 881 2673 omnes
899 2631 953 2692 pro
966 2613 1109 2676 concione
1122 2612 1308 2688 dictitabant,

213 2712 383 2791 abrogatum
404 2723 471 2764 erre
495 2712 602 2765 statum
614 2704 794 2784 popularem,
807 2706 950 2768 interiisse
964 2707 1056 2786 leget,
1072 2716 1105 2768 et
1115 2706 1204 2786 hujus
1219 2727 1308 2788 gene·
1432 2775 1433 2788 χ

213 2801 253 2861 rit
267 2799 332 2862 alia.
374 2796 478 2876 Atqui,
495 2793 924 2871 Atheniensem-considerate
943 2811 1015 2858 num
1028 2798 1261 2874 vnrdioan—,
1274 2821 1309 2864 aa
1432 2793 1433 2823 ¹

214 2892 265 2972 qni
278 2892 420 2961 lecerunt,
434 2887 515 2968 digni
530 2899 599 2948 aunt
614 2889 664 2968 qui
677 2891 773 2970 capite
785 2891 949 2970 plectantur
957 2912 966 2960 ;
987 2911 1084 2970 neque
1097 2901 1196 2954 tamen
1213 2909 1307 2974 popu.

214 2984 285 3045 laria
299 2991 393 3052 stetin
406 2981 451 3042 bis
464 2983 551 3042 rebus
563 2983 729 3062 abrogatur.
757 2984 1006 3058 ,liuramremoe
1027 2984 1134 3063 aliquia
1148 2986 1307 3066 surripuit:

214 3075 428 3158 flagellandum,
449 3075 656 3154 torquendum,
678 3076 909 3138 vociferabantur
919 3097 1036 3151 omnen,
1050 3077 1186 3158 abrogari
1200 3089 1309 3142 etatum
1431 3063 1432 3068 ἵ

214 3169 382 3248 popularem
396 3165 572 3228 dictitantes.
614 3167 678 3246 Ego
689 3169 838 3249 veroquid
850 3169 939 3230 diool
961 3171 1007 3232 Ea
1021 3173 1071 3251 qui
1084 3171 1185 3242 faeiat,
1202 3173 1308 3254 dignus

216 3270 262 3321 ert
282 3263 332 3338 qui
351 3261 447 3340 capite
466 3261 620 3338 plectatur,
635 3273 766 3340 aequent
786 3263 838 3335 illi,
858 3265 911 3324 aed
933 3274 1043 3327 etatum
1064 3265 1242 3350 popularem
1263 3268 1306 3329 hie

215 3355 303 3413 rebus
317 3353 549 3433 abrogarinago.
590 3355 651 3414 Sed
671 3354 696 3414 ia
716 3357 862 3434 quomodo
876 3358 1043 3438 abrogetur,
1059 3378 1147 3420 nemo
1167 3359 1243 3424 dicit
1259 3371 1308 3423 ant
1430 3383 1431 3390 ¹

215 3443 312 3524 pelam
325 3443 450 3521 profiteri
463 3445 560 3504 audet.
603 3446 668 3524 Ego
678 3467 748 3506 rero
761 3447 877 3510 dicam:
896 3449 921 3509 ti
933 3469 997 3523 vor,
1009 3451 1224 3525 Athenienses,
1234 3453 1308 3516 male

217 3534 333 3624 educati
346 3533 429 3593 multi
447 3546 477 3595 et
497 3536 599 3616 inopes
620 3548 650 3598 et
669 3539 794 3601 inermen
817 3550 848 3600 et
867 3542 1053 3622 incompositi
1077 3553 1109 3604 et
1131 3564 1193 3607 non
1206 3546 1309 3612 eodem

216 3626 304 3686 modo
318 3625 521 3700 animatieitis,
532 3640 565 3688 et
576 3649 671 3710 neque
686 3633 840 3712 imperator
860 3653 959 3712 neque
976 3623 1142 3715 quitquam*
1157 3635 1235 3698 aliua
1258 3637 1308 3698 de·

133 3790 136 3806 A
199 3747 201 3754 ·
218 3728 298 3778 creta
309 3727 408 3778 vestra
420 3729 519 3788 αυτοῖς
535 3721 560 3780 si
573 3723 638 3782 hmo
651 3743 737 3784 nemo
750 3725 880 3787 indicare
892 3727 964 3788 velit
976 3729 1199 3808 autconigere,
1214 3749 1308 3809 neque
1429 3745 1430 3770 ³

219 3809 255 3868 de
268 3811 314 3869 bis
326 3809 410 3961 mtpllip
429 3811 608 3892 corrigendis
627 3817 737 3894 cogitet
758 3828 810 3878 ant
827 3819 964 3880 moliatur
986 3821 1158 3902 quicquam,
1175 3821 1209 3884 id
1232 3821 1309 3902 qnod

221 3916 298 3957 nunc
311 3917 375 3960 acc·
394 3913 425 3963 rt.

260 3990 290 4046 d.
311 3989 470 4056 Etmediaa
480 3994 577 4068 fidius,
593 3996 794 4072 Athenienses,
808 4001 873 4062 oiim
886 4002 1127 4066 orationesdtlsac
1140 4005 1180 4066 ad
1194 3975 1248 4072 noe
1267 4005 1311 4066 in·
1428 4025 1429 4036 ¹

210 4087 792 4169 ,vectteenntetexitiosoeraipublicmut
807 4093 846 4156 in
855 4094 1023 4174 jndiciit
1041 4107 1182 4160 teetra
1201 4097 1311 4158 taluc

223 4169 300 4227 rita
329 4181 396 4242 est,
425 4186 464 4246 et,
494 4179 685 4263 suffragio
718 4187 1023 4264 rempublicam.
1044 4190 1309 4256 conservetis

222 4267 395 4366 ⁰P⁰f²⁰t2
420 4265 950 4360 Egoreroaoio,ittajudiciapriratit
960 4283 1311 4346 contoverriirinterror

223 4351 413 4427 drjudtcandrr
426 4365 457 4415 at
468 4357 633 4426 dirimendir
646 4385 710 4428 erre
724 4379 935 4452 comparataet
945 4393 985 4442 ex
993 4393 1084 4455 ,aquo
1096 4375 1206 4438 servire
1218 4376 1313 4436 omni·
