2948 4954
403 260 460 318 nn
482 261 724 324 sesostres
747 263 1012 324 onnrnnnnn.
1194 217 1261 324 irs

158 439 256 498 neque
266 416 461 491 sciscitemini,
474 417 544 497 quid
558 437 653 478 rerum
666 420 718 478 iste
728 423 774 480 vel
788 420 860 480 alius
872 431 965 499 gerat.
979 441 982 446 ·
1008 421 1055 478 Ac
1069 420 1106 480 de
1116 419 1259 482 reditibus

157 512 279 590 quidem
293 511 428 582 civitatis,
444 510 542 569 ethis
566 530 632 588 qum
655 510 775 592 insuper
795 531 832 572 err
849 513 961 592 privato
981 513 1088 573 frustra
1111 513 1262 574 nuncin-1

158 603 298 684 penditis,
321 605 525 681 sociorumque
545 603 749 682 vectigalibus,
769 623 1004 683 unumquemque
1019 614 1147 664 vestrum
1160 606 1191 666 id
1205 627 1256 668 ac-

157 697 257 774 cipere
271 697 376 756 decere
397 695 462 755 dico
486 696 567 774 quod
591 715 707 774 equum
730 704 794 756 ests
815 705 902 756 oetate
915 697 1053 757 florentes
1066 698 1189 758 militare
1203 699 1258 760 sti-

156 788 308 868 pendium,
332 787 468 848 emeritoa
492 788 645 866 pecuniam
667 788 705 847 ob
728 789 890 848 exercenda
912 789 1023 864 judicia
1050 809 1102 850 seu
1125 810 1184 869 quo
1198 791 1258 851 alio

157 882 246 942 titulo
270 901 331 941 rem
348 881 484 960 insigniri
507 881 612 959 placet.
657 880 717 940 Sed
729 881 786 960 ipsi
801 880 959 940 militabitis
973 901 1068 960 neque
1085 902 1122 941 eo
1135 903 1256 942 munere

158 975 297 1052 cuiquam
309 973 431 1045 cedetis,
446 993 505 1052 quo
518 972 684 1051 reipublicae
703 973 777 1034 vires
792 973 960 1033 domesticus
975 974 1032 1032 sint
1052 983 1082 1033 et
1106 994 1123 1033 e
1144 975 1256 1036 civibus

158 1065 322 1137 instructae,
336 1076 369 1124 ut
377 1085 433 1126 nec
446 1085 518 1144 opes
528 1065 612 1124 vobis
626 1066 726 1125 desint
737 1076 768 1125 et
781 1085 832 1126 vos
846 1065 941 1126 officio
954 1065 1117 1144 fungamini
1128 1076 1146 1135 ;'
1158 1078 1189 1128 et
1200 1068 1255 1131 ime

157 1167 278 1238 perator
288 1158 425 1219 exercitui
439 1158 556 1236 praesit,
565 1168 596 1218 et
610 1177 678 1229 non,
695 1158 901 1230 Athenienses,
916 1157 1019 1218 eadem
1033 1178 1099 1239 quac
1112 1159 1255 1222 haetenus

158 1269 217 1310 usu
226 1251 356 1324 veniunt,
373 1261 407 1309 ut
419 1250 508 1310 duces
530 1250 559 1309 in
576 1249 836 1330 judiciis'vexetis:
858 1260 888 1308 et
901 1249 949 1309 hic
963 1250 1082 1310 tandem
1097 1250 1135 1310 sit
1146 1252 1259 1330 negotii

157 1344 247 1404 totius
257 1344 370 1416 exitus,
383 1345 443 1402 lste
456 1342 540 1402 istius
554 1342 631 1402 filius
645 1342 735 1402 istum
751 1341 916 1402 accusavit:
940 1351 1139 1424 praetereaque
1153 1343 1233 1404 nihil.

200 1440 230 1495 3.
250 1435 395 1516 Sedquid
407 1435 490 1494 vobis
502 1434 600 1496 studio
610 1435 717 1496 habere
726 1433 860 1495 debetis?
889 1433 929 1493 Ut
943 1434 1015 1494 socii
1028 1455 1088 1496 non
1101 1435 1253 1515 presidio·

158 1549 222 1588 rum
233 1539 325 1600 metu,
342 1527 396 1588 sed
409 1527 673 1588 communicatione
682 1528 837 1588 utilitatum
851 1526 990 1586 internos
1004 1537 1034 1586 et
1051 1527 1141 1607 ipsos,
1155 1528 1255 1590 nobis·

157 1641 237 1695 cum,
252 1625 312 1684 sint
332 1621 490 1702 conjuncti.
532 1621 650 1682 Deinde
665 1641 703 1681 ne
722 1621 813 1682 duces
827 1620 990 1700 peregrinis
1003 1621 1143 1680 militibus
1157 1621 1254 1682 socios

156 1720 264 1778 vexent
277 1735 313 1778 ac
326 1715 539 1796 depraedentur,
555 1716 707 1776 hostesne
724 1715 844 1775 videant
856 1715 976 1794 quidem
990 1735 998 1784 ;
1020 1734 1142 1793 quarum
1157 1735 1253 1777 rerum

158 1812 356 1874 emolumenta
373 1811 494 1869 istorum
508 1809 716 1889 propriarum,
731 1807 799 1867 odis
813 1818 843 1867 et
863 1807 1019 1866 maledicta
1032 1807 1062 1866 in
1078 1815 1170 1867 totam
1183 1807 1253 1868 civi·

156 1916 250 1965 tatem
271 1902 456 1964 redundent:
477 1902 531 1960 sed
549 1912 583 1960 ut
605 1899 833 1960 conteneant
849 1918 972 1976 quornm
987 1905 1079 1979 opera
1089 1899 1202 1972 hostes,
1216 1920 1253 1960 eo

157 1997 318 2075 modoque
335 2014 413 2054 nunc
429 1995 523 2054 socios
545 2003 575 2054 et
598 1993 716 2065 amicos,
731 1993 874 2070 affligant.
914 1991 1061 2051 Praeterea
1084 1992 1185 2050 multae
1207 2003 1253 2052 re's
1353 1995 1355 2002 ’

155 2100 283 2150 vestram
303 2087 488 2168 presentiam
511 2086 697 2146 desiderant:
719 2093 750 2142 et
775 2091 968 2161 praeterquam
990 2082 1075 2160 quod'
1092 2082 1257 2144 domestica

155 2184 235 2244 bella
247 2181 414 2243 domesticis
431 2180 521 2260 copiis
536 2181 596 2256 geri
616 2177 770 2242 conducit;
793 2173 869 2234 idem
883 2174 992 2234 adalia
1006 2167 1122 2254 quoque
1135 2177 1254 2255 negotia

155 2285 201 2336 est
224 2275 442 2334 necessarium„
475 2271 553 2330 Nam
573 2271 598 2328 si
621 2266 752 2328 contenti
774 2268 878 2326 essetis
896 2267 966 2339 otio,
989 2267 1084 2326 securi
1106 2267 1259 2344 quomodo.

155 2389 224 2430 oum
237 2369 349 2428 Graecis
363 2375 508 2445 ageretur,
521 2364 578 2422 alia
597 2369 678 2420 essct
700 2379 736 2418 ea
758 2359 842 2418 ratio.
883 2358 971 2417 Nunc
985 2357 1178 2436 principatum
1193 2379 1252 2420 cae·

157 2463 287 2540 terisque
300 2458 415 2518 dicendi
432 2455 505 2538 juris
528 2462 705 2534 potestatem
717 2449 800 2510 vobis
815 2449 966 2528 arrogetis,
979 2449 1137 2508 exercitum
1152 2459 1256 2510 autem*

156 2557 209 2636 qui
221 2555 287 2613 haec
300 2561 330 2611 et
341 2550 475 2629 inspiciet
487 2558 518 2607 et
531 2555 644 2606 tueatur
657 2563 752 2622 neque
766 2551 901 2622 paratum
914 2540 1028 2601 habetis
1041 2561 1136 2620 neque
1150 2560 1254 2622 parare

155 2644 299 2708 studetis:
321 2643 374 2702 sed
395 2641 476 2701 vobis
502 2639 597 2698 otiose
614 2635 814 2694 desidentibus
837 2643 867 2692 et
890 2633 1125 2703 dormitantibus,
1140 2652 1251 2714 respu-¹

154 2739 232 2800 blica
252 2731 487 2816 Mitylenaeorum
510 2731 678 2792 libertatem
697 2727 809 2794 amisit;
831 2744 926 2805 neque
947 2725 1043 2806 minus
1067 2725 1257 2789 Rhodiorum,

154 2842 288 2892 nostrum
302 2829 418 2888 nemine
431 2824 611 2905 prohibente,
624 2832 655 2882 et
666 2820 748 2880 nobis
761 2817 879 2898 quidem
893 2813 1019 2887 inimica,
1036 2817 1116 2880 dicat
1130 2819 1251 2896 aliquis?
1278 2850 1280 2856 ,

156 2925 216 2986 sed·
233 2922 301 2982 odia
312 2920 425 2999 majora
442 2937 507 2977 esse
529 2916 647 2987 debent,
662 2909 864 2980 Athenienses,
886 2911 916 2969 in
929 2910 1111 2988 ‹oligarchias
1131 2921 1250 2990 propter

154 3016 280 3077 instituti
291 3014 384 3074 nostri
401 3009 680 3078 dissimilitudinem,
696 3025 782 3086 quarn
798 3014 901 3064 contra
915 3003 1024 3064 liberos
1038 3005 1166 3084 populos
1178 3019 1248 3084 pro·

154 3119 221 3190 pter
233 3123 422 3187 quascunque
435 3116 551 3164 causas.
579 3127 580 3130 ¹
713 3105 716 3112 '
1080 3157 1083 3166 ,
1208 3179 1211 3184 Δ

194 3209 227 3264 4.
249 3203 319 3274 Sed,
333 3211 367 3260 ut
381 3219 415 3260 eo
430 3199 547 3258 redeam
562 3195 639 3256 unde
653 3193 801 3273 digressus
815 3211 890 3262 snm,
899 3189 1014 3250 affirmo
1027 3187 1134 3250 debere
1146 3208 1199 3248 vos
1217 3189 1254 3278 ins

152 3297 284 3358 ordinem
298 3293 421 3354 describi
445 3302 533 3370 atque
547 3288 677 3348 ordinem
691 3285 816 3347 eundem
840 3303 905 3352 esse
928 3292 988 3344 tum
1000 3313 1001 3316 ¹
1011 3280 1172 3361 accipiendi
1184 3291 1249 3342 tum,

151 3389 279 3450 faciendi
289 3407 326 3448 ea
339 3405 406 3466 quae
416 3385 513 3445 decet.
553 3381 643 3440 Hisce
653 3380 690 3440 de
700 3380 785 3438 rebus
799 3376 880 3457 prius
895 3373 979 3440 etiam
995 3374 1074 3454 apud
1088 3391 1139 3434 vos
1153 3373 1255 3434 disse·-

152 3484 197 3542 rui
216 3492 247 3542 et
267 3475 422 3560 explicari,
440 3476 568 3556 quinam·
580 3474 655 3534 ordo
676 3473 751 3532 inter
773 3477 845 3541 vos,
857 3469 907 3548 qui
931 3485 1049 3546 gravem
1072 3475 1247 3528 armaturam

156 3575 255 3656 g'eritis
276 3574 369 3652 etqui
383 3566 704 3651 eminentissimi
724 3565 828 3624 horum
841 3571 1034 3624 numero'non
1045 3559 1247 3632 continemini,
1299 3599 1303 3616 r
1354 3605 1356 3610 .
1438 3608 1441 3617 .

156 3678 237 3730 esset
248 3666 406 3736 ineundus,
425 3675 454 3722 et
477 3660 557 3720 unde
583 3657 780 3720 cummuniter¹
794 3674 896 3718 omnes
919 3651 1074 3714 liberaliter
1093 3650 1251 3712 sustentari

151 3763 280 3842 possint.
322 3754 412 3824 Quod
421 3773 491 3814 ‘vero
511 3771 610 3812 meum
625 3749 751 3808 animum
771 3745 896 3812 manime
910 3744 1039 3813 bmnium
1052 3741 1189 3812 turbavit,
1203 3740 1248 3800 di·
1266 3787 1269 3794 ,

154 3867 219 3912 eam
234 3844 317 3912 vobis
326 3868 382 3908 nec
392 3845 599 3919 dissimulabo:
620 3861 698 3911 narn,
712 3859 803 3920 quum
822 3837 914 3898 multa
928 3846 958 3896 et
974 3833 1114 3913 praeclare
1134 3841 1164 3892 et
1177 3849 1252 3897 mae

155 3965 215 4024 gna
227 3953 328 4004 essent
338 3961 375 4002 ea
387 3939 495 4011 omnia,
509 3937 618 3996 nullius
633 3953 649 3992 e
663 3933 777 4004 caeteris
786 3931 938 4010 quisquam
953 3924 1101 3992 meminit3
1123 3925 1252 3990 duorum

156 4036 306 4096 obolorum
326 4051 448 4095 omnes.-
479 4029 573 4110 Atqui
581 4027 647 4088 heri
661 4045 720 4085 non
734 4032 841 4103 potest,
859 4030 892 4080 ut
904 4021 951 4081 isti
961 4015 1080 4092 ,majoris
1094 4018 1176 4096 pretii
1185 4018 1248 4086 sint

155 4149 244 4210 quam
258 4131 380 4189 duorum
394 4126 554 4197 obolorum,
574 4123 682 4194 cratera
698 4137 778 4190 vero,
788 4135 854 4193 qum
867 4132 933 4172 oum
951 4111 997 4168 his
1010 4129 1077 4187 quae
1091 4110 1160 4184 dixi,
1173 4129 1251 4171 con.

150 4224 255 4303 juncta
264 4232 342 4292 sunt,
352 4221 429 4299 regis
439 4215 594 4278 Persarum
603 4232 675 4292 opes
684 4219 814 4290 oeqnant,
826 4216 860 4264 ut
872 4207 952 4274 urbs,
964 4223 1030 4282 quae
1044 4213 1090 4263 tot
1101 4205 1192 4284 probe
1202 4205 1250 4264 in-

156 4327 282 4378 structos
292 4315 406 4396 pedites
419 4324 449 4373 et
462 4311 592 4371 triremes
601 4319 631 4366 et
643 4305 755 4384 equites
763 4311 793 4360 et
801 4297 932 4378 pecuniae
943 4296 1052 4356 reditus
1062 4295 1161 4366 habet,
1171 4294 1248 4354 ordi·

155 4419 224 4474 nata
233 4422 264 4470 et
274 4409 417 4470 instructa
430 4403 478 4466 sit.
500 4401 580 4469 Quid
595 4398 693 4477 igitur,
707 4392 821 4472 inquiet.
830 4388 945 4468 uliquis,
957 4387 1020 4448 hese
1030 4405 1107 4448 nunc
1120 4405 1248 4448 comme·

697 4505 718 4546 u
