2946 4954
379 263 455 336 aa
476 260 589 348 mnia
610 264 744 326 casm
764 263 1026 330 Luciumue*
1197 271 1258 337 atr

158 415 289 492 equestri
314 416 415 494 praelio
432 420 596 498 superiores
618 430 711 495 erant,
734 430 764 480 et
787 423 930 482 malorum
946 423 1016 488 Ilias
1032 421 1263 494 Thebanos-cir·

156 506 355 568 cundcderat:
377 511 459 570 vobis
478 521 576 572 autam
595 533 652 572 nec
671 513 730 572 tale
748 513 906 592 quicquam
920 517 1077 588 acciderat,
1094 528 1124 578 et
1137 517 1214 577 absit
1227 525 1263 578 ut

161 599 279 657 accidat
293 601 324 659 in
336 612 496 680 posterum.
520 606 580 664 Sed
595 605 667 692 illud
679 614 741 665 erat
750 605 780 664 in
788 605 951 687 Philippico
959 610 1039 670 bello
1048 609 1263 689 gravissimum,

161 690 240 766 quod
254 693 281 750 ei
295 713 362 752 curn
370 695 512 756 volebatis
520 717 636 769 nocere,
647 717 707 757 non
720 699 869 776 poteratis,
878 721 915 760 ne
926 721 993 760 vero
1002 713 1156 763 noceretur
1166 702 1263 779 uobis,

162 781 279 843 minime
290 785 449 847 timebatis·
471 791 531 855 Qui
539 789 648 849 factum
661 799 707 850 est
719 789 816 868 igitur,
827 801 861 850 ut
874 794 1063 872 per-eandem
1071 815 1173 874 pacem
1184 795 1264 854 The,

143 927 144 930 ,
161 875 255 949 banis,
264 879 314 956 qui
325 879 403 939 bello
418 900 510 964 usque
526 882 601 942 adeo
610 881 759 942 inferiores
774 895 868 957 erant,
879 894 974 948 etsua
984 886 1152 964 recipiendi,
1165 897 1196 946 et
1207 887 1263 952 ho·
1289 957 1293 966 ⁸

162 969 250 1027 stium
261 991 331 1050 opes
343 973 522 1052 adjungendi
536 961 666 1054 potestas
678 976 749 1038 data
759 979 810 1039 sit:
825 977 906 1038 vobis
917 988 1015 1040 autern
1025 979 1262 1052 Atheniensibus,

162 1062 248 1120 etiarn
258 1083 294 1124 ea
306 1085 373 1142 quae
385 1067 463 1126 bello
475 1068 718 1146 defendebantur,
733 1089 805 1150 pace
819 1072 908 1150 facta,
921 1070 1075 1149 perierint?
1095 1071 1185 1139 Quod
1198 1072 1262 1132 illo·
1311 1135 1314 1141 ,

162 1171 227 1212 rum
241 1153 331 1234 legati
345 1178 416 1237 opes
431 1180 532 1219 eorum
543 1180 601 1219 uon
617 1161 794 1234 vendebant,
805 1171 918 1222 vestras
932 1163 979 1222 isti
993 1163 1197 1224 vendiderunt.

102 1269 107 1278 ·
203 1250 255 1308 46.
278 1251 323 1310 At
336 1251 425 1323 dicet,
434 1252 565 1325 hercule,
575 1254 671 1314 socios
688 1255 780 1314 fuisse
793 1255 873 1316 bello
888 1255 1076 1334 defatigatos.
1109 1256 1186 1314 Nam
1199 1256 1264 1316 haec

161 1345 203 1404 ita
221 1343 311 1404 fuisse
327 1353 404 1415 acta,
419 1365 457 1404 ex
470 1346 505 1405 iis
519 1347 607 1406 etiam
617 1365 684 1424 qnae
699 1348 982 1426 sequuntnrsmagis
996 1348 1177 1428 intelligetis.
1223 1349 1264 1408 Ut
1299 1364 1303 1374 ¹

160 1441 239 1500 enim
251 1461 310 1520 pax
323 1440 381 1501 ista
394 1441 568 1502 Philocratis
585 1444 667 1503 facta
687 1445 873 1518 auctoritate3
890 1443 1033 1504 'conlecta
1051 1445 1116 1514 fuit,
1137 1445 1184 1504 cui
1207 1445 1262 1506 iste

161 1535 339 1614 suffragatus
353 1547 408 1606 est,
428 1548 460 1598 et
472 1537 600 1617 Philippi
613 1536 703 1618 legati
719 1519 929 1609 discesberant,
943 1548 1048 1597 exacto
1059 1530 1262 1616 jurejurando,

160 1638 234 1694 ¹--ct
245 1628 388 1689 hactenus
401 1629 518 1708 quidem
533 1631 604 1690 nihil
619 1641 795 1692 eratactum
806 1632 944 1702 atrocius,
955 1631 1009 1690 sed
1020 1627 1113 1709 tu'r'pis
1124 1640 1268 1709 patierat,

160 1733 192 1782 et
204 1721 302 1781 aliena
315 1742 333 1781 a
346 1721 490 1800 dignitate.
508 1722 691 1802 reipublicae,
707 1726 773 1784 loco
788 1733 885 1784 autem
900 1721 1054 1782 dedecoris
1068 1722 1263 1802 hujus‘admi-

160 1813 256 1874 nanda
269 1813 318 1873 illa
327 1815 406 1874 bona
415 1816 582 1894 percepturi
596 1836 763 1887 eramus-q
779 1816 966 1895 postulabam
980 1835 1047 1893 ego,
1061 1814 1168 1896 sitistis
1183 1817 1263 1877 diee-

161 1909 242 1978 bam,
256 1911 292 1966 'ut
311 1907 404 1986 primo
418 1927 536 1988 quoque
558 1920 698 1988 ternpore·
709 1910 739 1968 in
753 1909 979 1990 Hellespontum
994 1908 1174 1988 navigarent,
1188 1929 1262 1970 neve

159 2000 318 2079 quicquam
328 2001 520 2080 negligerent,
535 2011 586 2061 aut
597 2001 767 2081 Philippum
782 2019 926 2082 occupare
940 2003 1098 2079 quicquam
1110 2001 1264 2078 interjecto

160 2105 294 2171 tempore
304 2101 473 2171 paterentur
486 2113 523 2154 cx
535 2094 608 2153 locis
620 2093 699 2154 illius
713 2095 852 2173 regionis.
874 2095 1066 2172 Compertum
1079 2094 1157 2153 enim
1170 2095 1262 2155 habe-

92 2179 95 2184 *
162 2187 242 2255 bam,
268 2187 543 2264 quaecunque'bello
562 2188 592 2246 in
606 2188 710 2267 pacem
726 2191 1018 2270 converso-projecta
1038 2187 1155 2258 fuerint,
1175 2187 1214 2246 ea
1227 2189 1262 2248 iis

161 2280 213 2357 qni
226 2265 409 2357 neglexerint
421 2281 568 2358 periisse..
584 2280 678 2340 Nemo
692 2281 769 2340 enirn
790 2299 932 2359 unquam,
954 2277 1003 2340 cui
1016 2299 1188 2358 persuasum
1209 2281 1265 2340 suit

163 2373 202 2432 dc
214 2373 305 2431 totius
320 2373 432 2451 imperii
446 2383 525 2432 statu
539 2394 643 2454 pacem
658 2375 739 2445 inire,
754 2394 808 2453 pro
821 2375 856 2434 iis
879 2393 945 2452 quae
971 2374 1008 2432 ab
1027 2373 1108 2432 initio
1125 2373 1265 2452 neglecta

162 2457 293 2537 luerunt,
304 2464 412 2523 bellum
424 2469 523 2545 gerere
536 2466 649 2534 voluit3
665 2467 718 2525 sed
734 2486 770 2526 ea
780 2475 882 2526 tenent
895 2465 914 2524 ii
929 2461 980 2545 qui
993 2475 1199 2545 occuparunt
1214 2464 1263 2525 Ad

161 2557 238 2632 haec,
254 2557 279 2617 si
298 2558 528 2636 navigassemus,
537 2559 652 2639 'duplici
665 2561 879 2620 bonoauctum
899 2561 931 2618 iri
953 2557 1092 2640 putabam
1104 2559 1263 2639 rempubli-

159 2657 239 2711 cam.
261 2653 323 2710 Aut
336 2652 425 2724 enirn,
438 2654 463 2712 si
473 2653 656 2724 adessemus,
671 2662 703 2712 et
715 2653 884 2714 ex‘decreto
894 2641 1101 2740 jusjurandum
1116 2655 1152 2714 ab
1166 2672 1201 2712 eo
1212 2673 1263 2712 ex-

161 2745 334 2824 egissemus,
345 2754 407 2804 tum
420 2766 456 2806 ea
465 2767 533 2825 quae
544 2747 712 2826 reipublicae
727 2758 834 2807 nostrae
848 2747 1056 2826 praeripuisset,
1074 2746 1264 2819 redditurum,
1275 2811 1278 2816 ,

161 2838 344 2920 tumreliqua
353 2858 413 2899 non
422 2839 609 2914 invasurum:
623 2851 684 2910 aut,
693 2841 750 2900 nisi
764 2842 812 2900 ille
821 2841 890 2900 haec
900 2841 1083 2912 faceret,·nos
1092 2841 1189 2899 statim
1204 2839 1263 2899 huc

127 2949 128 2952 ’
159 2931 394 3002 renunciaturos,
410 2943 443 2992 ut
456 2952 509 2992 vos
520 2933 550 2991 in
563 2934 681 2992 remotis
702 2933 759 3012 illis
785 2943 815 2992 et
834 2933 995 2992 minoribus
1007 2931 1127 3012 cognita
1140 2931 1263 2990 hominis
1321 2918 1323 2930 ’
1415 2946 1419 2950 ’

163 3022 285 3082 avaritia
305 3034 337 3082 et
347 3025 484 3102 perfidia,
499 3024 537 3084 de
554 3026 602 3088 his,
615 3027 742 3085 finitimis
759 3034 789 3084 et
806 3025 973 3104 majoribus,
988 3021 1200 3095 Phocensibus,
1219 3024 1263 3082 in-

162 3133 252 3194 quam
274 3125 304 3175 et
317 3115 398 3194 Pylis
419 3117 588 3190 retinendis,
603 3118 780 3197 cogitaretis.
811 3117 898 3186 Quod
916 3117 942 3176 si
955 3116 1004 3176 ille
1018 3115 1085 3174 haec
1100 3135 1161 3175 non-
1173 3130 1263 3176 occu·-

127 3235 134 3244 ·
162 3216 274 3288 paseat,
296 3229 393 3288 neque
411 3229 463 3269 vos
478 3209 593 3290 decepti
613 3209 730 3280 essetis,
748 3210 777 3268 in
796 3207 963 3293 tutovobis
982 3217 1083 3268 essent
1099 3208 1208 3282 omnia,
1231 3221 1261 3268 et

161 3304 424 3380 qnoeoeq'nasunt,
438 3302 488 3362 ille
502 3303 591 3362 vobis
607 3302 685 3362 ultro
698 3312 862 3382 praestaret.
900 3301 1006 3380 Neque
1028 3301 1093 3360 haec
1113 3301 1152 3360 a'b
1169 3321 1202 3362 re
1220 3302 1264 3362 ita

159 3393 224 3454 scre
238 3396 388 3473 putabam.
410 3395 442 3472 Si
456 3395 647 3480 enimessent
660 3395 841 3470 Phocenses,
856 3394 900 3453 uti
912 3404 1079 3466 tumerent,
1091 3394 1264 3467 incolumes,

153 3493 192 3546 et
206 3487 298 3567 Pylas
310 3497 451 3559 tenerent,
468 3489 516 3548 ille
531 3490 645 3549 nullum
658 3489 741 3550 vobis
749 3489 878 3548 incutere
888 3497 1027 3550 terrorem
1038 3488 1193 3567 potuisset,
1203 3507 1262 3566 quo

160 3581 290 3660 perculsi
301 3581 351 3660 jus
366 3581 485 3661 aliquod
499 3582 628 3643 v'estrum
643 3581 858 3662 neglexissetis.
880 3581 986 3660 Neque
1000 3581 1078 3642 enim
1090 3582 1263 3642 aditurena

151 3670 323 3753 patefacto,
337 3693 431 3752 neque
446 3676 542 3735 navali
556 3675 657 3756 praelio
671 3675 773 3745 victor,
788 3675 818 3733 in
833 3663 961 3738 Atticam
974 3685 1114 3749 venturus
1123 3673 1193 3743 luit,
1209 3691 1262 3732 vos

161 3776 262 3827 autern
275 3767 318 3825 illi
332 3765 441 3838 statim,
451 3769 483 3846 si
495 3769 546 3844 jus
559 3769 712 3839 violasset,
727 3777 876 3828 mercatus
891 3764 1218 3846 claudere'potuissetis,
1234 3776 1265 3825 et

151 3859 202 3920 ad
216 3860 350 3939 pecuniae
363 3862 524 3939 penuriam,
540 3872 570 3923 et
583 3864 744 3922 ceterarum
759 3881 853 3923 rerum
866 3859 969 3920 iterum
987 3859 1069 3920 velut
1081 3857 1263 3918 obsidionem

161 3953 320 4014 redacturii
344 3954 443 4022 Quare
455 3955 506 4014 ille
514 3955 673 4014 serviturus
684 3955 745 4015 fuit
753 3954 836 4034 pacis
848 3950 1115 4020 commoditatibus,
1127 3951 1187 4009 n'on
1200 3952 1265 4011 uos.

161 4047 204 4106 Et
215 4046 281 4105 haec
294 4066 354 4124 uon
367 4058 448 4114 nunc
463 4066 481 4107 a
493 4067 540 4122 ure
547 4049 622 4126 fingi
636 4068 672 4108 ex
681 4058 802 4117 eventu,
821 4055 853 4106 et
865 4044 1002 4113 simulari,
1018 4042 1071 4104 sed
1084 4052 1147 4102 turn
1163 4044 1263 4104 'statim

158 4148 195 4200 et
208 4139 344 4209 sensisse,
356 4149 388 4204 et
400 4139 570 4218 praevidisse
583 4160 630 4200 me
641 4141 670 4200 in
685 4150 811 4199 vestram
821 4136 983 4206 utilitatem,
993 4144 1023 4194 et
1033 4133 1098 4194 istis
1108 4134 1263 4208 indicasse,

159 4231 232 4291 inde
246 4231 453 4308 cognoscetis:
475 4251 543 4291 cum
554 4233 617 4311 jam
630 4232 721 4306 nulle
734 4229 890 4298 conciones
904 4236 1049 4289 restarent
1056 4228 1180 4302 (habitae
1186 4228 1264 4287 enim

146 4333 248 4387 ,erant
261 4323 377 4400 omnes)
400 4332 430 4386 et
449 4325 496 4384 isti
514 4327 653 4386 'nondum
668 4325 819 4392 abiissent,
845 4321 902 4382 sed·
917 4321 965 4392 hic
988 4333 1106 4403 tempus
1128 4331 1261 4391 tererent,

118 4467 121 4472 .
158 4424 281 4500 senator
291 4415 442 4481 decretum
453 4400 541 4492 facio,
550 4419 650 4499 populi
662 4417 833 4480 auctoritate
843 4417 956 4478 senatui
965 4417 1118 4496 permissa,
1127 4423 1160 4475 ut
1172 4416 1265 4494 primo
1299 4417 1300 4420 ’
