<?xml version="1.0" encoding="UTF-8"?>
<!DOCTYPE html PUBLIC "-//W3C//DTD XHTML 1.0 Transitional//EN"
    "http://www.w3.org/TR/xhtml1/DTD/xhtml1-transitional.dtd">
<html xmlns="http://www.w3.org/1999/xhtml" xml:lang="en" lang="en">
 <head>
  <title>
</title>
<meta http-equiv="Content-Type" content="text/html;charset=utf-8" />
  <meta name='ocr-system' content='tesseract 3.04.00' />
  <meta name='ocr-capabilities' content='ocr_page ocr_carea ocr_par ocr_line ocrx_word'/>
</head>
<body>
  <div class='ocr_page' id='page_1' title='image "./demosthenisetsc08ulpigoog/demosthenisetsc08ulpigoog_0225.png"; bbox 0 0 2946 4954; ppageno 0'>
   <div class='ocr_carea' id='block_1_1' title="bbox 196 275 887 351">
    <p class='ocr_par' dir='ltr' id='par_1_1' title="bbox 196 275 887 351">
     <span class='ocr_line' id='line_1_1' title="bbox 196 275 887 351; baseline 0.013 -9"><span class='ocrx_word' id='word_1_1' title='bbox 196 275 258 344; x_wconf 72' lang='lat' dir='ltr'>lid</span> <span class='ocrx_word' id='word_1_2' title='bbox 614 282 887 351; x_wconf 66' lang='lat' dir='ltr'>nrt-conoul.</span> 
     </span>
    </p>
   </div>
   <div class='ocr_carea' id='block_1_2' title="bbox 101 435 1369 4481">
    <p class='ocr_par' dir='ltr' id='par_1_2' title="bbox 116 435 1369 1170">
     <span class='ocr_line' id='line_1_2' title="bbox 195 435 1369 524; baseline 0.005 -26"><span class='ocrx_word' id='word_1_3' title='bbox 195 435 357 520; x_wconf 76' lang='lat' dir='ltr'>hospitium</span> <span class='ocrx_word' id='word_1_4' title='bbox 371 441 423 504; x_wconf 89' lang='lat' dir='ltr'>tibi</span> <span class='ocrx_word' id='word_1_5' title='bbox 437 451 506 506; x_wconf 87' lang='lat' dir='ltr'>cum</span> <span class='ocrx_word' id='word_1_6' title='bbox 519 463 555 504; x_wconf 88' lang='lat' dir='ltr'>en</span> <span class='ocrx_word' id='word_1_7' title='bbox 569 444 760 517; x_wconf 76' lang='lat' dir='ltr'>intercedere,</span> <span class='ocrx_word' id='word_1_8' title='bbox 775 443 814 503; x_wconf 84' lang='lat' dir='ltr'>ed</span> <span class='ocrx_word' id='word_1_9' title='bbox 828 455 943 524; x_wconf 86' lang='lat' dir='ltr'>operam</span> <span class='ocrx_word' id='word_1_10' title='bbox 957 439 1168 504; x_wconf 74' lang='lat' dir='ltr'>mercenariam</span> <span class='ocrx_word' id='word_1_11' title='bbox 1180 437 1303 504; x_wconf 73' lang='lat' dir='ltr'>&#39;nomina</span> <span class='ocrx_word' id='word_1_12' title='bbox 1367 489 1369 494; x_wconf 83' lang='lat'>-</span> 
     </span>
     <span class='ocr_line' id='line_1_3' title="bbox 194 532 1303 617; baseline 0.004 -25"><span class='ocrx_word' id='word_1_13' title='bbox 194 532 256 592; x_wconf 79' lang='lat' dir='ltr'>tea</span> <span class='ocrx_word' id='word_1_14' title='bbox 274 541 428 614; x_wconf 87' lang='lat' dir='ltr'>perperam</span> <span class='ocrx_word' id='word_1_15' title='bbox 447 537 624 597; x_wconf 81' lang='lat' dir='ltr'>traducens:</span> <span class='ocrx_word' id='word_1_16' title='bbox 646 558 712 617; x_wconf 84' lang='lat' dir='ltr'>quae</span> <span class='ocrx_word' id='word_1_17' title='bbox 733 539 810 598; x_wconf 86' lang='lat' dir='ltr'>enim</span> <span class='ocrx_word' id='word_1_18' title='bbox 828 546 978 615; x_wconf 81' lang='lat' dir='ltr'>aequa-ant</span> <span class='ocrx_word' id='word_1_19' title='bbox 986 541 1068 610; x_wconf 84' lang='lat' dir='ltr'>justa</span> <span class='ocrx_word' id='word_1_20' title='bbox 1088 545 1187 614; x_wconf 85' lang='lat' dir='ltr'>potest</span> <span class='ocrx_word' id='word_1_21' title='bbox 1206 533 1303 596; x_wconf 83' lang='lat' dir='ltr'>afferri</span> 
     </span>
     <span class='ocr_line' id='line_1_4' title="bbox 198 625 1301 708; baseline 0.004 -24"><span class='ocrx_word' id='word_1_22' title='bbox 198 645 289 684; x_wconf 86' lang='lat' dir='ltr'>cansa</span> <span class='ocrx_word' id='word_1_23' title='bbox 299 638 417 707; x_wconf 79' lang='lat' dir='ltr'>propter</span> <span class='ocrx_word' id='word_1_24' title='bbox 429 649 528 708; x_wconf 90' lang='lat' dir='ltr'>qnam,</span> <span class='ocrx_word' id='word_1_25' title='bbox 539 630 688 702; x_wconf 84' lang='lat' dir='ltr'>AEschine,</span> <span class='ocrx_word' id='word_1_26' title='bbox 699 629 893 690; x_wconf 85' lang='lat' dir='ltr'>Glaucothese</span> <span class='ocrx_word' id='word_1_27' title='bbox 902 628 1112 708; x_wconf 69' lang='lat' dir='ltr'>tympanistriae</span> <span class='ocrx_word' id='word_1_28' title='bbox 1123 625 1182 686; x_wconf 88' lang='lat' dir='ltr'>filio</span> <span class='ocrx_word' id='word_1_29' title='bbox 1192 629 1301 706; x_wconf 89' lang='lat' dir='ltr'>hospes</span> 
     </span>
     <span class='ocr_line' id='line_1_5' title="bbox 197 717 1302 802; baseline 0.003 -26"><span class='ocrx_word' id='word_1_30' title='bbox 197 727 249 777; x_wconf 88' lang='lat' dir='ltr'>aut</span> <span class='ocrx_word' id='word_1_31' title='bbox 262 719 375 781; x_wconf 87' lang='lat' dir='ltr'>amicus</span> <span class='ocrx_word' id='word_1_32' title='bbox 389 729 442 780; x_wconf 88' lang='lat' dir='ltr'>ant</span> <span class='ocrx_word' id='word_1_33' title='bbox 454 731 541 780; x_wconf 87' lang='lat' dir='ltr'>notus</span> <span class='ocrx_word' id='word_1_34' title='bbox 552 734 630 796; x_wconf 75' lang='lat' dir='ltr'>esset</span> <span class='ocrx_word' id='word_1_35' title='bbox 643 721 816 802; x_wconf 70' lang='lat' dir='ltr'>Philippus?</span> <span class='ocrx_word' id='word_1_36' title='bbox 838 721 902 800; x_wconf 87' lang='lat' dir='ltr'>Ego</span> <span class='ocrx_word' id='word_1_37' title='bbox 914 719 1050 800; x_wconf 82' lang='lat' dir='ltr'>equidem</span> <span class='ocrx_word' id='word_1_38' title='bbox 1062 717 1121 798; x_wconf 79' lang='lat' dir='ltr'>non</span> <span class='ocrx_word' id='word_1_39' title='bbox 1134 719 1237 790; x_wconf 82' lang='lat' dir='ltr'>video,</span> <span class='ocrx_word' id='word_1_40' title='bbox 1247 721 1302 780; x_wconf 89' lang='lat' dir='ltr'>sed</span> 
     </span>
     <span class='ocr_line' id='line_1_6' title="bbox 129 803 1301 896; baseline 0.002 -26"><span class='ocrx_word' id='word_1_41' title='bbox 129 883 131 896; x_wconf 39' lang='grc' dir='ltr'>Ι</span> <span class='ocrx_word' id='word_1_42' title='bbox 178 803 181 814; x_wconf 79' lang='lat'>&#39;</span> <span class='ocrx_word' id='word_1_43' title='bbox 197 811 333 874; x_wconf 80' lang='lat' dir='ltr'>mercede</span> <span class='ocrx_word' id='word_1_44' title='bbox 346 814 388 872; x_wconf 89' lang='lat' dir='ltr'>ab·</span> <span class='ocrx_word' id='word_1_45' title='bbox 398 807 434 873; x_wconf 86' lang='lat' dir='ltr'>eo</span> <span class='ocrx_word' id='word_1_46' title='bbox 453 815 618 874; x_wconf 88' lang='lat' dir='ltr'>conductus</span> <span class='ocrx_word' id='word_1_47' title='bbox 633 833 665 874; x_wconf 90' lang='lat' dir='ltr'>es</span> <span class='ocrx_word' id='word_1_48' title='bbox 680 825 714 874; x_wconf 90' lang='lat' dir='ltr'>ut</span> <span class='ocrx_word' id='word_1_49' title='bbox 732 815 838 874; x_wconf 88' lang='lat' dir='ltr'>horum</span> <span class='ocrx_word' id='word_1_50' title='bbox 852 813 1008 874; x_wconf 89' lang='lat' dir='ltr'>commoda</span> <span class='ocrx_word' id='word_1_51' title='bbox 1020 810 1226 872; x_wconf 67' lang='lat' dir='ltr'>labefactatas:</span> <span class='ocrx_word' id='word_1_52' title='bbox 1251 813 1301 872; x_wconf 19' lang='lat' dir='ltr'>,Et</span> 
     </span>
     <span class='ocr_line' id='line_1_7' title="bbox 197 904 1300 986; baseline 0 -23"><span class='ocrx_word' id='word_1_53' title='bbox 197 909 306 972; x_wconf 76' lang='lat' dir='ltr'>tamem</span> <span class='ocrx_word' id='word_1_54' title='bbox 320 909 387 963; x_wconf 86' lang='lat' dir='ltr'>cum</span> <span class='ocrx_word' id='word_1_55' title='bbox 401 904 442 964; x_wconf 87' lang='lat' dir='ltr'>ita</span> <span class='ocrx_word' id='word_1_56' title='bbox 455 906 608 966; x_wconf 81' lang='lat' dir='ltr'>manifesto</span> <span class='ocrx_word' id='word_1_57' title='bbox 623 907 715 966; x_wconf 88' lang='lat' dir='ltr'>abhis</span> <span class='ocrx_word' id='word_1_58' title='bbox 729 907 858 986; x_wconf 89' lang='lat' dir='ltr'>proditor</span> <span class='ocrx_word' id='word_1_59' title='bbox 868 904 1071 984; x_wconf 82' lang='lat' dir='ltr'>deprehensus</span> <span class='ocrx_word' id='word_1_60' title='bbox 1082 904 1167 963; x_wconf 78' lang='lat' dir='ltr'>siszet</span> <span class='ocrx_word' id='word_1_61' title='bbox 1179 904 1210 963; x_wconf 86' lang='lat' dir='ltr'>in</span> <span class='ocrx_word' id='word_1_62' title='bbox 1224 905 1300 984; x_wconf 88' lang='lat' dir='ltr'>teip-</span> 
     </span>
     <span class='ocr_line' id='line_1_8' title="bbox 127 995 1301 1082; baseline 0.002 -30"><span class='ocrx_word' id='word_1_63' title='bbox 127 1073 131 1082; x_wconf 93' lang='lat'>.</span> <span class='ocrx_word' id='word_1_64' title='bbox 172 1064 175 1070; x_wconf 18' lang='grc' dir='ltr'>ἱ</span> <span class='ocrx_word' id='word_1_65' title='bbox 198 1013 262 1054; x_wconf 88' lang='lat' dir='ltr'>sum</span> <span class='ocrx_word' id='word_1_66' title='bbox 282 1005 349 1074; x_wconf 88' lang='lat' dir='ltr'>post</span> <span class='ocrx_word' id='word_1_67' title='bbox 373 1005 477 1057; x_wconf 89' lang='lat' dir='ltr'>eventa</span> <span class='ocrx_word' id='word_1_68' title='bbox 491 1016 586 1056; x_wconf 90' lang='lat' dir='ltr'>rerum</span> <span class='ocrx_word' id='word_1_69' title='bbox 600 997 690 1058; x_wconf 87' lang='lat' dir='ltr'>index</span> <span class='ocrx_word' id='word_1_70' title='bbox 708 997 865 1069; x_wconf 84' lang='lat' dir='ltr'>exstiteris,</span> <span class='ocrx_word' id='word_1_71' title='bbox 884 995 955 1055; x_wconf 90' lang='lat' dir='ltr'>mihi</span> <span class='ocrx_word' id='word_1_72' title='bbox 969 995 1118 1055; x_wconf 77' lang='lat' dir='ltr'>maledicis</span> <span class='ocrx_word' id='word_1_73' title='bbox 1136 1014 1229 1074; x_wconf 87' lang='lat' dir='ltr'>eaque</span> <span class='ocrx_word' id='word_1_74' title='bbox 1247 1015 1301 1054; x_wconf 79' lang='lat' dir='ltr'>es-</span> 
     </span>
     <span class='ocr_line' id='line_1_9' title="bbox 116 1087 1299 1170; baseline -0.001 -24"><span class='ocrx_word' id='word_1_75' title='bbox 116 1133 117 1140; x_wconf 38' lang='lat'>,</span> <span class='ocrx_word' id='word_1_76' title='bbox 193 1088 328 1170; x_wconf 75' lang='lat' dir='ltr'>probriu,</span> <span class='ocrx_word' id='word_1_77' title='bbox 343 1107 467 1166; x_wconf 88' lang='lat' dir='ltr'>quorum</span> <span class='ocrx_word' id='word_1_78' title='bbox 477 1090 607 1169; x_wconf 89' lang='lat' dir='ltr'>quemvis</span> <span class='ocrx_word' id='word_1_79' title='bbox 618 1090 714 1168; x_wconf 88' lang='lat' dir='ltr'>potius</span> <span class='ocrx_word' id='word_1_80' title='bbox 729 1107 820 1169; x_wconf 90' lang='lat' dir='ltr'>quam</span> <span class='ocrx_word' id='word_1_81' title='bbox 833 1108 879 1147; x_wconf 85' lang='lat' dir='ltr'>me</span> <span class='ocrx_word' id='word_1_82' title='bbox 891 1090 1042 1148; x_wconf 81' lang='lat' dir='ltr'>auctorem</span> <span class='ocrx_word' id='word_1_83' title='bbox 1055 1087 1147 1146; x_wconf 85' lang='lat' dir='ltr'>luisse</span> <span class='ocrx_word' id='word_1_84' title='bbox 1159 1088 1299 1166; x_wconf 85' lang='lat' dir='ltr'>reperies.</span> 
     </span>
    </p>

    <p class='ocr_par' dir='ltr' id='par_1_3' title="bbox 101 1179 1353 4481">
     <span class='ocr_line' id='line_1_10' title="bbox 236 1179 1302 1262; baseline 0.001 -24"><span class='ocrx_word' id='word_1_85' title='bbox 236 1181 288 1238; x_wconf 82' lang='grc'>88.</span> <span class='ocrx_word' id='word_1_86' title='bbox 310 1179 420 1240; x_wconf 78' lang='lat' dir='ltr'>Multas</span> <span class='ocrx_word' id='word_1_87' title='bbox 434 1200 480 1240; x_wconf 86' lang='lat' dir='ltr'>res</span> <span class='ocrx_word' id='word_1_88' title='bbox 493 1191 524 1246; x_wconf 88' lang='lat' dir='ltr'>et</span> <span class='ocrx_word' id='word_1_89' title='bbox 536 1201 657 1260; x_wconf 85' lang='lat' dir='ltr'>magnas</span> <span class='ocrx_word' id='word_1_90' title='bbox 678 1191 709 1242; x_wconf 89' lang='lat' dir='ltr'>et</span> <span class='ocrx_word' id='word_1_91' title='bbox 721 1183 875 1262; x_wconf 77' lang='lat' dir='ltr'>praelarus</span> <span class='ocrx_word' id='word_1_92' title='bbox 890 1181 991 1240; x_wconf 78' lang='lat' dir='ltr'>civitas</span> <span class='ocrx_word' id='word_1_93' title='bbox 1008 1189 1108 1240; x_wconf 86' lang='lat' dir='ltr'>nostra</span> <span class='ocrx_word' id='word_1_94' title='bbox 1121 1190 1152 1240; x_wconf 91' lang='lat' dir='ltr'>et</span> <span class='ocrx_word' id='word_1_95' title='bbox 1169 1179 1302 1260; x_wconf 83' lang='lat' dir='ltr'>suscepit</span> 
     </span>
     <span class='ocr_line' id='line_1_11' title="bbox 196 1272 1300 1352; baseline 0.001 -20"><span class='ocrx_word' id='word_1_96' title='bbox 196 1281 228 1334; x_wconf 86' lang='lat' dir='ltr'>et</span> <span class='ocrx_word' id='word_1_97' title='bbox 241 1272 366 1332; x_wconf 78' lang='lat' dir='ltr'>feliciter</span> <span class='ocrx_word' id='word_1_98' title='bbox 379 1273 470 1352; x_wconf 86' lang='lat' dir='ltr'>gessit</span> <span class='ocrx_word' id='word_1_99' title='bbox 481 1291 529 1333; x_wconf 90' lang='lat' dir='ltr'>me</span> <span class='ocrx_word' id='word_1_100' title='bbox 543 1285 673 1348; x_wconf 90' lang='lat' dir='ltr'>auctore,-</span> <span class='ocrx_word' id='word_1_101' title='bbox 686 1275 835 1348; x_wconf 86' lang='lat' dir='ltr'>AEschine,</span> <span class='ocrx_word' id='word_1_102' title='bbox 849 1292 973 1352; x_wconf 89' lang='lat' dir='ltr'>quarum</span> <span class='ocrx_word' id='word_1_103' title='bbox 987 1272 1219 1333; x_wconf 71' lang='lat' dir='ltr'>non&#39;oblit&#39;aest.</span> <span class='ocrx_word' id='word_1_104' title='bbox 1236 1273 1300 1333; x_wconf 75' lang='lat' dir='ltr'>dd·</span> 
     </span>
     <span class='ocr_line' id='line_1_12' title="bbox 197 1365 1302 1448; baseline 0.001 -23"><span class='ocrx_word' id='word_1_105' title='bbox 197 1365 325 1444; x_wconf 81' lang='lat' dir='ltr'>quelroc</span> <span class='ocrx_word' id='word_1_106' title='bbox 339 1366 488 1430; x_wconf 74' lang='lat' dir='ltr'>declaret:</span> <span class='ocrx_word' id='word_1_107' title='bbox 508 1367 590 1446; x_wconf 91' lang='lat' dir='ltr'>quod</span> <span class='ocrx_word' id='word_1_108' title='bbox 604 1387 671 1427; x_wconf 88' lang='lat' dir='ltr'>cum</span> <span class='ocrx_word' id='word_1_109' title='bbox 685 1369 812 1448; x_wconf 88' lang='lat' dir='ltr'>populus</span> <span class='ocrx_word' id='word_1_110' title='bbox 827 1366 1066 1446; x_wconf 78' lang='lat' dir='ltr'>aliquem&#39;creare</span> <span class='ocrx_word' id='word_1_111' title='bbox 1076 1365 1223 1444; x_wconf 79' lang='lat' dir='ltr'>vellet&#39;qui</span> <span class='ocrx_word' id='word_1_112' title='bbox 1232 1385 1302 1426; x_wconf 60' lang='lat' dir='ltr'>orae</span> 
     </span>
     <span class='ocr_line' id='line_1_13' title="bbox 196 1455 1302 1532; baseline 0.002 -16"><span class='ocrx_word' id='word_1_113' title='bbox 196 1458 305 1517; x_wconf 88' lang='lat' dir='ltr'>tionem</span> <span class='ocrx_word' id='word_1_114' title='bbox 319 1457 356 1516; x_wconf 89' lang='lat' dir='ltr'>de</span> <span class='ocrx_word' id='word_1_115' title='bbox 370 1470 549 1519; x_wconf 89' lang='lat' dir='ltr'>mortuorum</span> <span class='ocrx_word' id='word_1_116' title='bbox 562 1459 700 1519; x_wconf 71' lang='lat' dir='ltr'>laudibus</span> <span class='ocrx_word' id='word_1_117' title='bbox 713 1460 844 1532; x_wconf 88' lang='lat' dir='ltr'>haberet,</span> <span class='ocrx_word' id='word_1_118' title='bbox 855 1459 966 1518; x_wconf 88' lang='lat' dir='ltr'>recenti</span> <span class='ocrx_word' id='word_1_119' title='bbox 976 1457 1074 1518; x_wconf 83' lang='lat' dir='ltr'>adhoc</span> <span class='ocrx_word' id='word_1_120' title='bbox 1084 1455 1179 1530; x_wconf 84' lang='lat' dir='ltr'>clade,</span> <span class='ocrx_word' id='word_1_121' title='bbox 1192 1477 1253 1516; x_wconf 91' lang='lat' dir='ltr'>non</span> <span class='ocrx_word' id='word_1_122' title='bbox 1265 1469 1302 1518; x_wconf 88' lang='lat' dir='ltr'>te</span> 
     </span>
     <span class='ocr_line' id='line_1_14' title="bbox 118 1549 1304 1630; baseline 0 -20"><span class='ocrx_word' id='word_1_123' title='bbox 118 1614 120 1618; x_wconf 70' lang='grc'>,</span> <span class='ocrx_word' id='word_1_124' title='bbox 160 1589 162 1596; x_wconf 65' lang='lat'>‹</span> <span class='ocrx_word' id='word_1_125' title='bbox 192 1550 306 1610; x_wconf 72' lang='lat' dir='ltr'>crearit</span> <span class='ocrx_word' id='word_1_126' title='bbox 327 1550 376 1628; x_wconf 87' lang='lat' dir='ltr'>qui</span> <span class='ocrx_word' id='word_1_127' title='bbox 395 1552 562 1615; x_wconf 71' lang='lat' dir='ltr'>nominatus</span> <span class='ocrx_word' id='word_1_128' title='bbox 583 1555 664 1624; x_wconf 74' lang='lat' dir='ltr'>eras,</span> <span class='ocrx_word' id='word_1_129' title='bbox 679 1552 864 1630; x_wconf 85' lang='lat' dir='ltr'>quantumvis</span> <span class='ocrx_word' id='word_1_130' title='bbox 885 1551 1025 1622; x_wconf 77' lang='lat' dir='ltr'>vocalem,</span> <span class='ocrx_word' id='word_1_131' title='bbox 1041 1569 1100 1609; x_wconf 91' lang='lat' dir='ltr'>non</span> <span class='ocrx_word' id='word_1_132' title='bbox 1122 1549 1304 1628; x_wconf 83' lang='lat' dir='ltr'>Demadem,</span> 
     </span>
     <span class='ocr_line' id='line_1_15' title="bbox 194 1641 1304 1723; baseline 0.002 -23"><span class='ocrx_word' id='word_1_133' title='bbox 194 1642 246 1719; x_wconf 88' lang='lat' dir='ltr'>qui</span> <span class='ocrx_word' id='word_1_134' title='bbox 259 1642 348 1702; x_wconf 79' lang='grc' dir='ltr'>ιηοάο</span> <span class='ocrx_word' id='word_1_135' title='bbox 361 1662 465 1723; x_wconf 80' lang='lat' dir='ltr'>pacem</span> <span class='ocrx_word' id='word_1_136' title='bbox 484 1645 604 1716; x_wconf 85' lang='lat' dir='ltr'>fecerat,</span> <span class='ocrx_word' id='word_1_137' title='bbox 618 1663 679 1703; x_wconf 89' lang='lat' dir='ltr'>non</span> <span class='ocrx_word' id='word_1_138' title='bbox 695 1644 879 1722; x_wconf 85' lang='lat' dir='ltr'>Hegemone,</span> <span class='ocrx_word' id='word_1_139' title='bbox 897 1661 957 1700; x_wconf 91' lang='lat' dir='ltr'>non</span> <span class='ocrx_word' id='word_1_140' title='bbox 972 1661 1148 1721; x_wconf 88' lang='lat' dir='ltr'>quemqnam</span> <span class='ocrx_word' id='word_1_141' title='bbox 1170 1641 1304 1721; x_wconf 87' lang='lat' dir='ltr'>denique</span> 
     </span>
     <span class='ocr_line' id='line_1_16' title="bbox 195 1733 1306 1815; baseline 0.001 -21"><span class='ocrx_word' id='word_1_142' title='bbox 195 1733 285 1796; x_wconf 85' lang='lat' dir='ltr'>alium</span> <span class='ocrx_word' id='word_1_143' title='bbox 298 1736 500 1805; x_wconf 69' lang='lat' dir='ltr'>vestrumea}</span> <span class='ocrx_word' id='word_1_144' title='bbox 514 1755 570 1796; x_wconf 87' lang='lat' dir='ltr'>me.</span> <span class='ocrx_word' id='word_1_145' title='bbox 594 1735 632 1796; x_wconf 92' lang='lat' dir='ltr'>Et</span> <span class='ocrx_word' id='word_1_146' title='bbox 645 1737 755 1796; x_wconf 87' lang='lat' dir='ltr'>cumin</span> <span class='ocrx_word' id='word_1_147' title='bbox 769 1736 898 1794; x_wconf 87' lang='lat' dir='ltr'>inedium</span> <span class='ocrx_word' id='word_1_148' title='bbox 912 1735 1083 1814; x_wconf 81' lang='lat' dir='ltr'>prodissen&#39;s</span> <span class='ocrx_word' id='word_1_149' title='bbox 1097 1744 1130 1793; x_wconf 92' lang='lat' dir='ltr'>tu</span> <span class='ocrx_word' id='word_1_150' title='bbox 1139 1744 1173 1794; x_wconf 88' lang='lat' dir='ltr'>et</span> <span class='ocrx_word' id='word_1_151' title='bbox 1186 1735 1306 1815; x_wconf 61' lang='lat' dir='ltr'>Pythoss</span> 
     </span>
     <span class='ocr_line' id='line_1_17' title="bbox 195 1826 1306 1907; baseline 0.004 -21"><span class='ocrx_word' id='word_1_152' title='bbox 195 1828 257 1902; x_wconf 76' lang='lat' dir='ltr'>cles</span> <span class='ocrx_word' id='word_1_153' title='bbox 273 1826 458 1906; x_wconf 84' lang='lat' dir='ltr'>impudenter</span> <span class='ocrx_word' id='word_1_154' title='bbox 472 1831 560 1907; x_wconf 83' lang='lat' dir='ltr'>atque</span> <span class='ocrx_word' id='word_1_155' title='bbox 576 1829 751 1901; x_wconf 83' lang='lat' dir='ltr'>immaniter,</span> <span class='ocrx_word' id='word_1_156' title='bbox 764 1849 817 1907; x_wconf 87' lang='lat' dir='ltr'>per</span> <span class='ocrx_word' id='word_1_157' title='bbox 834 1829 906 1888; x_wconf 84' lang='lat' dir='ltr'>deos</span> <span class='ocrx_word' id='word_1_158' title='bbox 926 1827 1104 1888; x_wconf 87' lang='lat' dir='ltr'>immortales</span> <span class='ocrx_word' id='word_1_159' title='bbox 1119 1833 1126 1886; x_wconf 86' lang='lat' dir='ltr'>t</span> <span class='ocrx_word' id='word_1_160' title='bbox 1141 1829 1171 1887; x_wconf 90' lang='lat' dir='ltr'>e&#39;t</span> <span class='ocrx_word' id='word_1_161' title='bbox 1183 1829 1233 1886; x_wconf 86' lang='lat' dir='ltr'>ine</span> <span class='ocrx_word' id='word_1_162' title='bbox 1251 1829 1306 1890; x_wconf 89' lang='lat' dir='ltr'>his</span> 
     </span>
     <span class='ocr_line' id='line_1_18' title="bbox 194 1917 1308 2006; baseline 0.005 -30"><span class='ocrx_word' id='word_1_163' title='bbox 194 1919 266 2001; x_wconf 88' lang='lat' dir='ltr'>ipsis</span> <span class='ocrx_word' id='word_1_164' title='bbox 278 1917 455 1990; x_wconf 87' lang='lat' dir='ltr'>criminibus,</span> <span class='ocrx_word' id='word_1_165' title='bbox 464 1920 569 2002; x_wconf 86' lang='lat' dir='ltr'>quibus</span> <span class='ocrx_word' id='word_1_166' title='bbox 582 1928 615 1981; x_wconf 92' lang='lat' dir='ltr'>tu</span> <span class='ocrx_word' id='word_1_167' title='bbox 630 1939 718 1995; x_wconf 86' lang='lat' dir='ltr'>nunc,</span> <span class='ocrx_word' id='word_1_168' title='bbox 731 1919 947 1992; x_wconf 69' lang='lat' dir='ltr'>insimularetu,</span> <span class='ocrx_word' id='word_1_169' title='bbox 958 1929 988 1979; x_wconf 92' lang='lat' dir='ltr'>et</span> <span class='ocrx_word' id='word_1_170' title='bbox 996 1919 1137 2006; x_wconf 80' lang='lat' dir='ltr'>conviciis</span> <span class='ocrx_word' id='word_1_171' title='bbox 1147 1921 1308 1998; x_wconf 86' lang='lat' dir='ltr'>peteretis,</span> 
     </span>
     <span class='ocr_line' id='line_1_19' title="bbox 194 2011 1309 2091; baseline 0.005 -22"><span class='ocrx_word' id='word_1_172' title='bbox 194 2020 280 2070; x_wconf 88' lang='lat' dir='ltr'>tanto</span> <span class='ocrx_word' id='word_1_173' title='bbox 295 2012 380 2071; x_wconf 90' lang='lat' dir='ltr'>etiam</span> <span class='ocrx_word' id='word_1_174' title='bbox 401 2011 574 2091; x_wconf 87' lang='lat' dir='ltr'>propensius</span> <span class='ocrx_word' id='word_1_175' title='bbox 581 2032 635 2074; x_wconf 89' lang='lat' dir='ltr'>me</span> <span class='ocrx_word' id='word_1_176' title='bbox 648 2012 765 2072; x_wconf 83' lang='lat' dir='ltr'>creavit.</span> <span class='ocrx_word' id='word_1_177' title='bbox 796 2012 926 2072; x_wconf 87' lang='lat' dir='ltr'>Causam</span> <span class='ocrx_word' id='word_1_178' title='bbox 947 2011 1001 2070; x_wconf 90' lang='lat' dir='ltr'>etsi</span> <span class='ocrx_word' id='word_1_179' title='bbox 1020 2032 1075 2072; x_wconf 90' lang='lat' dir='ltr'>nec</span> <span class='ocrx_word' id='word_1_180' title='bbox 1088 2012 1152 2090; x_wconf 84' lang='lat' dir='ltr'>ipse</span> <span class='ocrx_word' id='word_1_181' title='bbox 1169 2012 1309 2090; x_wconf 79' lang='lat' dir='ltr'>ignoras,</span> 
     </span>
     <span class='ocr_line' id='line_1_20' title="bbox 194 2097 1353 2184; baseline 0.003 -22"><span class='ocrx_word' id='word_1_182' title='bbox 194 2111 294 2164; x_wconf 83' lang='lat' dir='ltr'>tamen</span> <span class='ocrx_word' id='word_1_183' title='bbox 309 2114 338 2162; x_wconf 89' lang='lat' dir='ltr'>et</span> <span class='ocrx_word' id='word_1_184' title='bbox 351 2109 407 2184; x_wconf 80' lang='lat' dir='ltr'>&#39;ego</span> <span class='ocrx_word' id='word_1_185' title='bbox 421 2106 473 2164; x_wconf 88' lang='lat' dir='ltr'>tibi</span> <span class='ocrx_word' id='word_1_186' title='bbox 486 2104 594 2164; x_wconf 82' lang='lat' dir='ltr'>dicam.</span> <span class='ocrx_word' id='word_1_187' title='bbox 630 2104 802 2184; x_wconf 83' lang='lat' dir='ltr'>Utrumque</span> <span class='ocrx_word' id='word_1_188' title='bbox 816 2107 965 2163; x_wconf 85' lang='lat' dir='ltr'>noverant</span> <span class='ocrx_word' id='word_1_189' title='bbox 972 2105 1030 2174; x_wconf 83' lang='lat' dir='ltr'>retr</span> <span class='ocrx_word' id='word_1_190' title='bbox 1053 2107 1091 2162; x_wconf 87' lang='lat' dir='ltr'>&#39;et</span> <span class='ocrx_word' id='word_1_191' title='bbox 1104 2123 1198 2162; x_wconf 92' lang='lat' dir='ltr'>meam</span> <span class='ocrx_word' id='word_1_192' title='bbox 1212 2102 1244 2164; x_wconf 88' lang='lat' dir='ltr'>in</span> <span class='ocrx_word' id='word_1_193' title='bbox 1269 2122 1308 2165; x_wconf 87' lang='lat' dir='ltr'>se</span> <span class='ocrx_word' id='word_1_194' title='bbox 1349 2097 1353 2102; x_wconf 43' lang='lat'><em>⁴</em></span> 
     </span>
     <span class='ocr_line' id='line_1_21' title="bbox 193 2177 1309 2300; baseline 0 -44"><span class='ocrx_word' id='word_1_195' title='bbox 193 2177 438 2259; x_wconf 73' lang='lat' dir='ltr'>benevolentiam</span> <span class='ocrx_word' id='word_1_196' title='bbox 431 2201 608 2300; x_wconf 81' lang='lat' dir='ltr'>meamque</span> <span class='ocrx_word' id='word_1_197' title='bbox 611 2197 643 2258; x_wconf 87' lang='lat' dir='ltr'>in</span> <span class='ocrx_word' id='word_1_198' title='bbox 663 2197 786 2274; x_wconf 83' lang='lat' dir='ltr'>agendis</span> <span class='ocrx_word' id='word_1_199' title='bbox 806 2197 894 2255; x_wconf 86' lang='lat' dir='ltr'>rebus</span> <span class='ocrx_word' id='word_1_200' title='bbox 916 2195 1106 2267; x_wconf 79' lang='lat' dir='ltr'>alacritatem,</span> <span class='ocrx_word' id='word_1_201' title='bbox 1127 2208 1157 2253; x_wconf 87' lang='lat' dir='ltr'>et</span> <span class='ocrx_word' id='word_1_202' title='bbox 1169 2203 1309 2256; x_wconf 79' lang='lat' dir='ltr'>vestram</span> 
     </span>
     <span class='ocr_line' id='line_1_22' title="bbox 194 2285 1310 2365; baseline -0.001 -15"><span class='ocrx_word' id='word_1_203' title='bbox 194 2286 481 2365; x_wconf 69' lang='lat' dir='ltr'>iniquitatemque</span> <span class='ocrx_word' id='word_1_204' title='bbox 507 2288 595 2358; x_wconf 84' lang='lat' dir='ltr'>enim,</span> <span class='ocrx_word' id='word_1_205' title='bbox 616 2287 685 2346; x_wconf 83' lang='lat' dir='ltr'>loeto</span> <span class='ocrx_word' id='word_1_206' title='bbox 706 2305 802 2346; x_wconf 89' lang='lat' dir='ltr'>rerum</span> <span class='ocrx_word' id='word_1_207' title='bbox 824 2295 912 2358; x_wconf 87' lang='lat' dir='ltr'>statu,</span> <span class='ocrx_word' id='word_1_208' title='bbox 934 2286 1028 2360; x_wconf 85' lang='lat' dir='ltr'>jurati</span> <span class='ocrx_word' id='word_1_209' title='bbox 1044 2285 1209 2364; x_wconf 81' lang='lat' dir='ltr'>negavistis,</span> <span class='ocrx_word' id='word_1_210' title='bbox 1229 2287 1310 2349; x_wconf 85' lang='lat' dir='ltr'>haec</span> 
     </span>
     <span class='ocr_line' id='line_1_23' title="bbox 194 2375 1309 2460; baseline 0.002 -22"><span class='ocrx_word' id='word_1_211' title='bbox 194 2377 299 2438; x_wconf 80' lang='lat' dir='ltr'>eadem</span> <span class='ocrx_word' id='word_1_212' title='bbox 319 2375 966 2460; x_wconf 31' lang='lat' dir='ltr'>nbi&#39;offenderatrespnlrlicaprofessiestis.</span> <span class='ocrx_word' id='word_1_213' title='bbox 1004 2377 1092 2441; x_wconf 85' lang='lat' dir='ltr'>Eos&#39;</span> <span class='ocrx_word' id='word_1_214' title='bbox 1085 2378 1182 2455; x_wconf 81' lang='lat' dir='ltr'>igitur,</span> <span class='ocrx_word' id='word_1_215' title='bbox 1197 2379 1251 2456; x_wconf 90' lang='lat' dir='ltr'>qni</span> <span class='ocrx_word' id='word_1_216' title='bbox 1273 2381 1309 2440; x_wconf 90' lang='lat' dir='ltr'>in</span> 
     </span>
     <span class='ocr_line' id='line_1_24' title="bbox 193 2469 1309 2549; baseline 0 -17"><span class='ocrx_word' id='word_1_217' title='bbox 193 2470 342 2532; x_wconf 78' lang='lat' dir='ltr'>communi</span> <span class='ocrx_word' id='word_1_218' title='bbox 362 2469 529 2545; x_wconf 85' lang='lat' dir='ltr'>calamitate</span> <span class='ocrx_word' id='word_1_219' title='bbox 549 2471 738 2530; x_wconf 51' lang='lat' dir='ltr'>¹consiliorum</span> <span class='ocrx_word' id='word_1_220' title='bbox 757 2469 1098 2549; x_wconf 76' lang='lat' dir='ltr'>suorum&#39;impunitatem</span> <span class='ocrx_word' id='word_1_221' title='bbox 1116 2469 1309 2546; x_wconf 81' lang='lat' dir='ltr'>invenerant,</span> 
     </span>
     <span class='ocr_line' id='line_1_25' title="bbox 110 2559 1310 2639; baseline 0.001 -16"><span class='ocrx_word' id='word_1_222' title='bbox 110 2623 113 2628; x_wconf 84' lang='grc'><em>,</em></span> <span class='ocrx_word' id='word_1_223' title='bbox 192 2563 297 2624; x_wconf 85' lang='lat' dir='ltr'>hostes</span> <span class='ocrx_word' id='word_1_224' title='bbox 309 2559 448 2639; x_wconf 87' lang='lat' dir='ltr'>quidem&#39;</span> <span class='ocrx_word' id='word_1_225' title='bbox 437 2569 500 2639; x_wconf 77' lang='lat' dir='ltr'>Janr’</span> <span class='ocrx_word' id='word_1_226' title='bbox 514 2565 611 2631; x_wconf 83' lang='lat' dir='ltr'>antea,</span> <span class='ocrx_word' id='word_1_227' title='bbox 627 2571 698 2621; x_wconf 90' lang='lat' dir='ltr'>tunc</span> <span class='ocrx_word' id='word_1_228' title='bbox 709 2570 748 2621; x_wconf 89' lang='lat' dir='ltr'>et</span> <span class='ocrx_word' id='word_1_229' title='bbox 750 2562 922 2622; x_wconf 78' lang='lat' dir='ltr'>manifestos</span> <span class='ocrx_word' id='word_1_230' title='bbox 934 2579 1005 2620; x_wconf 85' lang='lat' dir='ltr'>esse</span> <span class='ocrx_word' id='word_1_231' title='bbox 1012 2561 1245 2622; x_wconf 76' lang='lat' dir='ltr'>existimarunt.</span> <span class='ocrx_word' id='word_1_232' title='bbox 1254 2565 1310 2624; x_wconf 81' lang='lat' dir='ltr'>si</span> 
     </span>
     <span class='ocr_line' id='line_1_26' title="bbox 194 2652 1309 2732; baseline 0.003 -20"><span class='ocrx_word' id='word_1_233' title='bbox 194 2655 313 2732; x_wconf 80' lang='lat' dir='ltr'>mulque</span> <span class='ocrx_word' id='word_1_234' title='bbox 327 2652 482 2713; x_wconf 85' lang='lat' dir='ltr'>convenire</span> <span class='ocrx_word' id='word_1_235' title='bbox 495 2654 625 2714; x_wconf 76' lang='lat' dir='ltr'>arbitrati</span> <span class='ocrx_word' id='word_1_236' title='bbox 641 2658 720 2724; x_wconf 82' lang='lat' dir='ltr'>suut,</span> <span class='ocrx_word' id='word_1_237' title='bbox 736 2658 813 2712; x_wconf 85' lang='lat' dir='ltr'>euin</span> <span class='ocrx_word' id='word_1_238' title='bbox 809 2657 865 2731; x_wconf 84' lang='lat' dir='ltr'>qur</span> <span class='ocrx_word' id='word_1_239' title='bbox 857 2652 917 2712; x_wconf 90' lang='lat' dir='ltr'>de</span> <span class='ocrx_word' id='word_1_240' title='bbox 932 2653 1053 2712; x_wconf 86' lang='lat' dir='ltr'>mortuis</span> <span class='ocrx_word' id='word_1_241' title='bbox 1067 2654 1226 2713; x_wconf 86' lang='lat' dir='ltr'>orationem</span> <span class='ocrx_word' id='word_1_242' title='bbox 1245 2655 1309 2718; x_wconf 88' lang='lat' dir='ltr'>ha</span> 
     </span>
     <span class='ocr_line' id='line_1_27' title="bbox 126 2745 1309 2824; baseline 0.003 -18"><span class='ocrx_word' id='word_1_243' title='bbox 126 2775 131 2781; x_wconf 93' lang='lat'>·</span> <span class='ocrx_word' id='word_1_244' title='bbox 193 2747 307 2817; x_wconf 80' lang='lat' dir='ltr'>bitures</span> <span class='ocrx_word' id='word_1_245' title='bbox 320 2752 409 2806; x_wconf 84' lang='lat' dir='ltr'>esset</span> <span class='ocrx_word' id='word_1_246' title='bbox 410 2765 567 2824; x_wconf 87' lang='lat' dir='ltr'>eorumque</span> <span class='ocrx_word' id='word_1_247' title='bbox 576 2746 712 2807; x_wconf 81' lang='lat' dir='ltr'>virtutem</span> <span class='ocrx_word' id='word_1_248' title='bbox 727 2746 937 2817; x_wconf 85' lang='lat' dir='ltr'>celebraturus,</span> <span class='ocrx_word' id='word_1_249' title='bbox 952 2764 1046 2822; x_wconf 86' lang='lat' dir='ltr'>neque</span> <span class='ocrx_word' id='word_1_250' title='bbox 1057 2745 1309 2809; x_wconf 84' lang='lat' dir='ltr'>contubernalem</span> 
     </span>
     <span class='ocr_line' id='line_1_28' title="bbox 194 2834 1309 2918; baseline -0.004 -18"><span class='ocrx_word' id='word_1_251' title='bbox 194 2859 290 2917; x_wconf 89' lang='lat' dir='ltr'>neque</span> <span class='ocrx_word' id='word_1_252' title='bbox 310 2837 482 2897; x_wconf 86' lang='lat' dir='ltr'>foederatum&#39;</span> <span class='ocrx_word' id='word_1_253' title='bbox 495 2835 624 2904; x_wconf 78' lang='lat' dir='ltr'>luisse“</span> <span class='ocrx_word' id='word_1_254' title='bbox 607 2858 641 2898; x_wconf 90' lang='lat' dir='ltr'>us</span> <span class='ocrx_word' id='word_1_255' title='bbox 656 2841 706 2916; x_wconf 86' lang='lat' dir='ltr'>qur</span> <span class='ocrx_word' id='word_1_256' title='bbox 697 2837 863 2917; x_wconf 84' lang='lat' dir='ltr'>adversus</span> <span class='ocrx_word' id='word_1_257' title='bbox 877 2835 943 2896; x_wconf 88' lang='lat' dir='ltr'>illos</span> <span class='ocrx_word' id='word_1_258' title='bbox 963 2837 1107 2898; x_wconf 84' lang='lat' dir='ltr'>instructa</span> <span class='ocrx_word' id='word_1_259' title='bbox 1126 2837 1187 2896; x_wconf 88' lang='lat' dir='ltr'>acie</span> <span class='ocrx_word' id='word_1_260' title='bbox 1201 2834 1309 2918; x_wconf 85' lang='lat' dir='ltr'>depu-</span> 
     </span>
     <span class='ocr_line' id='line_1_29' title="bbox 194 2929 1310 3012; baseline 0 -20"><span class='ocrx_word' id='word_1_261' title='bbox 194 2941 366 3012; x_wconf 80' lang='lat' dir='ltr'>gnaverant,</span> <span class='ocrx_word' id='word_1_262' title='bbox 376 2929 617 3010; x_wconf 84' lang='lat' dir='ltr'>nequecurnrllrc</span> <span class='ocrx_word' id='word_1_263' title='bbox 627 2931 832 2992; x_wconf 83' lang='lat' dir='ltr'>comissaretur</span> <span class='ocrx_word' id='word_1_264' title='bbox 841 2930 1025 3009; x_wconf 85' lang='lat' dir='ltr'>hymnosque</span> <span class='ocrx_word' id='word_1_265' title='bbox 1034 2931 1310 3010; x_wconf 81' lang='lat' dir='ltr'>caneretobGroe·</span> 
     </span>
     <span class='ocr_line' id='line_1_30' title="bbox 138 3016 1309 3103; baseline -0.004 -14"><span class='ocrx_word' id='word_1_266' title='bbox 138 3059 142 3070; x_wconf 77' lang='lat'>=</span> <span class='ocrx_word' id='word_1_267' title='bbox 192 3045 295 3088; x_wconf 80' lang='lat' dir='ltr'>corum</span> <span class='ocrx_word' id='word_1_268' title='bbox 315 3023 414 3084; x_wconf 87' lang='lat' dir='ltr'>clades</span> <span class='ocrx_word' id='word_1_269' title='bbox 433 3027 493 3082; x_wconf 80' lang='lat' dir='ltr'>nna</span> <span class='ocrx_word' id='word_1_270' title='bbox 506 3016 572 3083; x_wconf 85' lang='lat' dir='ltr'>cum</span> <span class='ocrx_word' id='word_1_271' title='bbox 584 3023 656 3102; x_wconf 89' lang='lat' dir='ltr'>ipsis</span> <span class='ocrx_word' id='word_1_272' title='bbox 676 3022 768 3082; x_wconf 75' lang='lat' dir='ltr'>caedis</span> <span class='ocrx_word' id='word_1_273' title='bbox 783 3021 987 3103; x_wconf 84' lang='lat' dir='ltr'>patratoribus,</span> <span class='ocrx_word' id='word_1_274' title='bbox 1007 3021 1064 3080; x_wconf 90' lang='lat' dir='ltr'>hnc</span> <span class='ocrx_word' id='word_1_275' title='bbox 1077 3039 1226 3082; x_wconf 79' lang='lat' dir='ltr'>reversum</span> <span class='ocrx_word' id='word_1_276' title='bbox 1249 3023 1309 3086; x_wconf 85' lang='lat' dir='ltr'>he·</span> 
     </span>
     <span class='ocr_line' id='line_1_31' title="bbox 134 3113 1309 3196; baseline 0 -18"><span class='ocrx_word' id='word_1_277' title='bbox 134 3157 138 3164; x_wconf 86' lang='lat'><em>-</em></span> <span class='ocrx_word' id='word_1_278' title='bbox 194 3138 265 3178; x_wconf 87' lang='lat' dir='ltr'>nore</span> <span class='ocrx_word' id='word_1_279' title='bbox 284 3117 361 3178; x_wconf 88' lang='lat' dir='ltr'>affici</span> <span class='ocrx_word' id='word_1_280' title='bbox 375 3125 518 3196; x_wconf 78' lang='lat' dir='ltr'>oportere,</span> <span class='ocrx_word' id='word_1_281' title='bbox 528 3125 627 3195; x_wconf 78' lang='lat' dir='ltr'>&#39;neque</span> <span class='ocrx_word' id='word_1_282' title='bbox 640 3116 780 3175; x_wconf 87' lang='lat' dir='ltr'>simulata</span> <span class='ocrx_word' id='word_1_283' title='bbox 797 3134 871 3174; x_wconf 87' lang='lat' dir='ltr'>voce</span> <span class='ocrx_word' id='word_1_284' title='bbox 889 3113 1004 3175; x_wconf 84' lang='lat' dir='ltr'>illorum</span> <span class='ocrx_word' id='word_1_285' title='bbox 1016 3114 1164 3176; x_wconf 84' lang='lat' dir='ltr'>fortunam</span> <span class='ocrx_word' id='word_1_286' title='bbox 1181 3114 1309 3178; x_wconf 78' lang='lat' dir='ltr'>lamen-</span> 
     </span>
     <span class='ocr_line' id='line_1_32' title="bbox 192 3197 1309 3281; baseline -0.001 -11"><span class='ocrx_word' id='word_1_287' title='bbox 192 3210 326 3281; x_wconf 76' lang='lat' dir='ltr'>tari,‘sed</span> <span class='ocrx_word' id='word_1_288' title='bbox 341 3228 378 3268; x_wconf 85' lang='lat' dir='ltr'>ex</span> <span class='ocrx_word' id='word_1_289' title='bbox 391 3208 489 3268; x_wconf 87' lang='lat' dir='ltr'>anime</span> <span class='ocrx_word' id='word_1_290' title='bbox 501 3208 587 3267; x_wconf 89' lang='lat' dir='ltr'>simul</span> <span class='ocrx_word' id='word_1_291' title='bbox 601 3207 712 3267; x_wconf 86' lang='lat' dir='ltr'>dolere.</span> <span class='ocrx_word' id='word_1_292' title='bbox 734 3208 801 3266; x_wconf 92' lang='lat' dir='ltr'>Hoc</span> <span class='ocrx_word' id='word_1_293' title='bbox 815 3197 913 3266; x_wconf 80' lang='lat' dir='ltr'>aute&#39;m</span> <span class='ocrx_word' id='word_1_294' title='bbox 926 3205 1066 3266; x_wconf 85' lang='lat' dir='ltr'>ridebant</span> <span class='ocrx_word' id='word_1_295' title='bbox 1076 3206 1106 3268; x_wconf 86' lang='lat' dir='ltr'>in</span> <span class='ocrx_word' id='word_1_296' title='bbox 1116 3223 1149 3266; x_wconf 88' lang='lat' dir='ltr'>se</span> <span class='ocrx_word' id='word_1_297' title='bbox 1164 3213 1259 3281; x_wconf 88' lang='lat' dir='ltr'>atque</span> <span class='ocrx_word' id='word_1_298' title='bbox 1274 3210 1309 3270; x_wconf 79' lang='lat' dir='ltr'>in·</span> 
     </span>
     <span class='ocr_line' id='line_1_33' title="bbox 101 3295 1307 3382; baseline -0.002 -18"><span class='ocrx_word' id='word_1_299' title='bbox 101 3327 106 3336; x_wconf 57' lang='lat'><strong><em>¹</em></strong></span> <span class='ocrx_word' id='word_1_300' title='bbox 194 3320 333 3372; x_wconf 76' lang='lat' dir='ltr'>maesse,</span> <span class='ocrx_word' id='word_1_301' title='bbox 353 3299 701 3382; x_wconf 75' lang='lat' dir='ltr'>invobisrerominime.</span> <span class='ocrx_word' id='word_1_302' title='bbox 732 3299 890 3380; x_wconf 79' lang='lat' dir='ltr'>Propterea</span> <span class='ocrx_word' id='word_1_303' title='bbox 902 3317 949 3358; x_wconf 89' lang='lat' dir='ltr'>me</span> <span class='ocrx_word' id='word_1_304' title='bbox 962 3295 1217 3377; x_wconf 79' lang='lat' dir='ltr'>delegerunt„non</span> <span class='ocrx_word' id='word_1_305' title='bbox 1233 3321 1307 3362; x_wconf 81' lang='lat' dir='ltr'>vos.</span> 
     </span>
     <span class='ocr_line' id='line_1_34' title="bbox 195 3392 1309 3473; baseline 0.003 -22"><span class='ocrx_word' id='word_1_306' title='bbox 195 3393 298 3470; x_wconf 89' lang='lat' dir='ltr'>Neque</span> <span class='ocrx_word' id='word_1_307' title='bbox 312 3411 398 3471; x_wconf 90' lang='lat' dir='ltr'>porro</span> <span class='ocrx_word' id='word_1_308' title='bbox 416 3392 457 3450; x_wconf 87' lang='lat' dir='ltr'>ita</span> <span class='ocrx_word' id='word_1_309' title='bbox 469 3392 690 3473; x_wconf 44' lang='lat' dir='ltr'>fecitvpopulus,</span> <span class='ocrx_word' id='word_1_310' title='bbox 705 3403 886 3454; x_wconf 87' lang='lat' dir='ltr'>mortuorum</span> <span class='ocrx_word' id='word_1_311' title='bbox 900 3398 999 3452; x_wconf 86' lang='lat' dir='ltr'>autem</span> <span class='ocrx_word' id='word_1_312' title='bbox 1017 3399 1223 3470; x_wconf 70' lang='lat' dir='ltr'>perieratque</span> <span class='ocrx_word' id='word_1_313' title='bbox 1237 3393 1309 3454; x_wconf 81' lang='lat' dir='ltr'>sra-</span> 
     </span>
     <span class='ocr_line' id='line_1_35' title="bbox 193 3481 1309 3565; baseline -0.001 -18"><span class='ocrx_word' id='word_1_314' title='bbox 193 3483 317 3556; x_wconf 78' lang='lat' dir='ltr'>tr&#39;ea,ad</span> <span class='ocrx_word' id='word_1_315' title='bbox 331 3484 424 3564; x_wconf 27' lang='lat' dir='ltr'>‚sunu-s</span> <span class='ocrx_word' id='word_1_316' title='bbox 436 3485 652 3565; x_wconf 87' lang='lat' dir='ltr'>procurandum</span> <span class='ocrx_word' id='word_1_317' title='bbox 672 3505 691 3544; x_wconf 88' lang='lat' dir='ltr'>a</span> <span class='ocrx_word' id='word_1_318' title='bbox 703 3485 822 3563; x_wconf 83' lang='lat' dir='ltr'>populo.</span> <span class='ocrx_word' id='word_1_319' title='bbox 831 3481 1014 3554; x_wconf 80' lang='lat' dir='ltr'>tuneeleeti,</span> <span class='ocrx_word' id='word_1_320' title='bbox 1031 3502 1129 3559; x_wconf 84' lang='lat' dir='ltr'>secus,</span> <span class='ocrx_word' id='word_1_321' title='bbox 1152 3481 1207 3543; x_wconf 81' lang='lat' dir='ltr'>sed</span> <span class='ocrx_word' id='word_1_322' title='bbox 1221 3503 1309 3546; x_wconf 87' lang='lat' dir='ltr'>cum</span> 
     </span>
     <span class='ocr_line' id='line_1_36' title="bbox 107 3574 1312 3656; baseline -0.002 -15"><span class='ocrx_word' id='word_1_323' title='bbox 107 3629 114 3656; x_wconf 65' lang='lat'>,</span> <span class='ocrx_word' id='word_1_324' title='bbox 193 3578 264 3642; x_wconf 74' lang='lat' dir='ltr'>date</span> <span class='ocrx_word' id='word_1_325' title='bbox 275 3586 487 3655; x_wconf 87' lang='lat' dir='ltr'>eos-oporteret</span> <span class='ocrx_word' id='word_1_326' title='bbox 499 3577 618 3656; x_wconf 90' lang='lat' dir='ltr'>epulum</span> <span class='ocrx_word' id='word_1_327' title='bbox 629 3575 787 3655; x_wconf 88' lang='lat' dir='ltr'>parentale,</span> <span class='ocrx_word' id='word_1_328' title='bbox 801 3577 858 3635; x_wconf 92' lang='lat' dir='ltr'>hoc</span> <span class='ocrx_word' id='word_1_329' title='bbox 872 3576 976 3656; x_wconf 86' lang='lat' dir='ltr'>ipsum,</span> <span class='ocrx_word' id='word_1_330' title='bbox 986 3585 1127 3654; x_wconf 84' lang='lat' dir='ltr'>tanquam</span> <span class='ocrx_word' id='word_1_331' title='bbox 1136 3574 1218 3653; x_wconf 81' lang='lat' dir='ltr'>apud</span> <span class='ocrx_word' id='word_1_332' title='bbox 1229 3589 1312 3643; x_wconf 78' lang='lat' dir='ltr'>enim</span> 
     </span>
     <span class='ocr_line' id='line_1_37' title="bbox 191 3667 1312 3750; baseline 0.004 -20"><span class='ocrx_word' id='word_1_333' title='bbox 191 3671 242 3750; x_wconf 91' lang='lat' dir='ltr'>qni</span> <span class='ocrx_word' id='word_1_334' title='bbox 261 3679 392 3748; x_wconf 74' lang='grc' dir='ltr'>Ιιηοηῐηοη</span> <span class='ocrx_word' id='word_1_335' title='bbox 417 3689 531 3730; x_wconf 86' lang='lat' dir='ltr'>summa</span> <span class='ocrx_word' id='word_1_336' title='bbox 546 3669 766 3730; x_wconf 82' lang='lat' dir='ltr'>necessitudine</span> <span class='ocrx_word' id='word_1_337' title='bbox 781 3670 949 3749; x_wconf 84' lang='lat' dir='ltr'>attingeret,</span> <span class='ocrx_word' id='word_1_338' title='bbox 967 3667 1212 3746; x_wconf 82' lang='lat' dir='ltr'>quemadmodum</span> <span class='ocrx_word' id='word_1_339' title='bbox 1240 3671 1312 3740; x_wconf 80' lang='lat' dir='ltr'>alia</span> 
     </span>
     <span class='ocr_line' id='line_1_38' title="bbox 190 3759 1312 3842; baseline -0.001 -17"><span class='ocrx_word' id='word_1_340' title='bbox 190 3763 373 3834; x_wconf 82' lang='lat' dir='ltr'>fierisolent,</span> <span class='ocrx_word' id='word_1_341' title='bbox 386 3761 464 3842; x_wconf 89' lang='lat' dir='ltr'>apud</span> <span class='ocrx_word' id='word_1_342' title='bbox 476 3781 524 3824; x_wconf 89' lang='lat' dir='ltr'>me</span> <span class='ocrx_word' id='word_1_343' title='bbox 537 3763 689 3822; x_wconf 86' lang='lat' dir='ltr'>fecerunt:</span> <span class='ocrx_word' id='word_1_344' title='bbox 710 3782 805 3840; x_wconf 88' lang='lat' dir='ltr'>neque</span> <span class='ocrx_word' id='word_1_345' title='bbox 820 3761 932 3841; x_wconf 90' lang='lat' dir='ltr'>injuria.</span> <span class='ocrx_word' id='word_1_346' title='bbox 965 3760 1081 3820; x_wconf 81' lang='lat' dir='ltr'>Genera</span> <span class='ocrx_word' id='word_1_347' title='bbox 1087 3761 1171 3842; x_wconf 40' lang='lat' dir='ltr'>,enim</span> <span class='ocrx_word' id='word_1_348' title='bbox 1183 3759 1312 3840; x_wconf 84' lang='lat' dir='ltr'>singuli</span> 
     </span>
     <span class='ocr_line' id='line_1_39' title="bbox 192 3851 1312 3934; baseline 0 -18"><span class='ocrx_word' id='word_1_349' title='bbox 192 3855 313 3934; x_wconf 78' lang='lat' dir='ltr'>singulis</span> <span class='ocrx_word' id='word_1_350' title='bbox 327 3865 412 3916; x_wconf 86' lang='lat' dir='ltr'>erant</span> <span class='ocrx_word' id='word_1_351' title='bbox 430 3873 474 3915; x_wconf 87' lang='lat' dir='ltr'>me</span> <span class='ocrx_word' id='word_1_352' title='bbox 487 3853 719 3934; x_wconf 83' lang='lat' dir='ltr'>propinquiores,</span> <span class='ocrx_word' id='word_1_353' title='bbox 733 3853 926 3914; x_wconf 86' lang='lat' dir='ltr'>communiter</span> <span class='ocrx_word' id='word_1_354' title='bbox 939 3862 1038 3930; x_wconf 79' lang='lat' dir='ltr'>autem</span> <span class='ocrx_word' id='word_1_355' title='bbox 1051 3851 1190 3912; x_wconf 84' lang='lat' dir='ltr'>universis</span> <span class='ocrx_word' id='word_1_356' title='bbox 1204 3873 1312 3920; x_wconf 78' lang='lat' dir='ltr'>nemo</span> 
     </span>
     <span class='ocr_line' id='line_1_40' title="bbox 192 3943 1309 4024; baseline 0.001 -19"><span class='ocrx_word' id='word_1_357' title='bbox 192 3945 393 4024; x_wconf 80' lang='lat' dir='ltr'>conjunctior:</span> <span class='ocrx_word' id='word_1_358' title='bbox 404 3965 483 4010; x_wconf 81' lang='lat' dir='ltr'>‚nam</span> <span class='ocrx_word' id='word_1_359' title='bbox 497 3949 581 4021; x_wconf 88' lang='lat' dir='ltr'>cujus</span> <span class='ocrx_word' id='word_1_360' title='bbox 599 3945 736 4004; x_wconf 83' lang='lat' dir='ltr'>intererat</span> <span class='ocrx_word' id='word_1_361' title='bbox 749 3945 873 4004; x_wconf 86' lang='lat' dir='ltr'>maxime</span> <span class='ocrx_word' id='word_1_362' title='bbox 891 3945 989 4008; x_wconf 80' lang='lat' dir='ltr'>&#39;salvos</span> <span class='ocrx_word' id='word_1_363' title='bbox 1004 3963 1068 4006; x_wconf 82' lang='lat' dir='ltr'>eme</span> <span class='ocrx_word' id='word_1_364' title='bbox 1079 3943 1155 4003; x_wconf 58' lang='lat' dir='ltr'>,illos</span> <span class='ocrx_word' id='word_1_365' title='bbox 1173 3963 1208 4004; x_wconf 88' lang='lat' dir='ltr'>ac</span> <span class='ocrx_word' id='word_1_366' title='bbox 1222 3947 1309 4010; x_wconf 75' lang='lat' dir='ltr'>vfeli-</span> 
     </span>
     <span class='ocr_line' id='line_1_41' title="bbox 191 4036 1309 4117; baseline 0.004 -22"><span class='ocrx_word' id='word_1_367' title='bbox 191 4037 265 4098; x_wconf 89' lang='lat' dir='ltr'>citer</span> <span class='ocrx_word' id='word_1_368' title='bbox 278 4057 338 4100; x_wconf 83' lang='lat' dir='ltr'>ram</span> <span class='ocrx_word' id='word_1_369' title='bbox 354 4057 463 4116; x_wconf 83' lang='lat' dir='ltr'>gerere,</span> <span class='ocrx_word' id='word_1_370' title='bbox 477 4039 501 4098; x_wconf 88' lang='lat' dir='ltr'>is</span> <span class='ocrx_word' id='word_1_371' title='bbox 515 4047 710 4116; x_wconf 83' lang='lat' dir='ltr'>posteaquam</span> <span class='ocrx_word' id='word_1_372' title='bbox 721 4057 757 4098; x_wconf 91' lang='lat' dir='ltr'>ea</span> <span class='ocrx_word' id='word_1_373' title='bbox 767 4038 927 4110; x_wconf 86' lang='lat' dir='ltr'>subierunt,</span> <span class='ocrx_word' id='word_1_374' title='bbox 939 4057 1006 4117; x_wconf 82' lang='lat' dir='ltr'>quae</span> <span class='ocrx_word' id='word_1_375' title='bbox 1019 4036 1129 4098; x_wconf 83' lang='lat' dir='ltr'>utinam</span> <span class='ocrx_word' id='word_1_376' title='bbox 1142 4056 1309 4116; x_wconf 84' lang='lat' dir='ltr'>nunquam</span> 
     </span>
     <span class='ocr_line' id='line_1_42' title="bbox 192 4126 1311 4209; baseline 0.008 -23"><span class='ocrx_word' id='word_1_377' title='bbox 192 4126 358 4200; x_wconf 87' lang='lat' dir='ltr'>subiissent,</span> <span class='ocrx_word' id='word_1_378' title='bbox 373 4129 481 4192; x_wconf 80' lang='lat' dir='ltr'>doletis</span> <span class='ocrx_word' id='word_1_379' title='bbox 496 4131 625 4191; x_wconf 88' lang='lat' dir='ltr'>omnium</span> <span class='ocrx_word' id='word_1_380' title='bbox 639 4128 758 4191; x_wconf 85' lang='lat' dir='ltr'>interitu</span> <span class='ocrx_word' id='word_1_381' title='bbox 772 4129 901 4208; x_wconf 88' lang='lat' dir='ltr'>suscepti</span> <span class='ocrx_word' id='word_1_382' title='bbox 915 4137 1030 4209; x_wconf 58' lang='lat' dir='ltr'>partem,</span> <span class='ocrx_word' id='word_1_383' title='bbox 1046 4128 1198 4188; x_wconf 88' lang='lat' dir='ltr'>maximam</span> <span class='ocrx_word' id='word_1_384' title='bbox 1217 4133 1311 4195; x_wconf 84' lang='lat' dir='ltr'>tulit.</span> 
     </span>
     <span class='ocr_line' id='line_1_43' title="bbox 192 4219 1311 4302; baseline 0.005 -24"><span class='ocrx_word' id='word_1_385' title='bbox 192 4219 299 4286; x_wconf 80' lang='lat' dir='ltr'>Recita</span> <span class='ocrx_word' id='word_1_386' title='bbox 311 4237 379 4284; x_wconf 89' lang='lat' dir='ltr'>vero</span> <span class='ocrx_word' id='word_1_387' title='bbox 393 4219 440 4280; x_wconf 82' lang='lat' dir='ltr'>isti</span> <span class='ocrx_word' id='word_1_388' title='bbox 448 4222 505 4282; x_wconf 94' lang='lat' dir='ltr'>hoc</span> <span class='ocrx_word' id='word_1_389' title='bbox 519 4223 708 4302; x_wconf 83' lang='lat' dir='ltr'>epigramma,</span> <span class='ocrx_word' id='word_1_390' title='bbox 722 4222 803 4300; x_wconf 90' lang='lat' dir='ltr'>quod</span> <span class='ocrx_word' id='word_1_391' title='bbox 816 4222 964 4302; x_wconf 89' lang='lat' dir='ltr'>publice&#39;&#39;</span> <span class='ocrx_word' id='word_1_392' title='bbox 946 4242 980 4281; x_wconf 85' lang='lat' dir='ltr'>us</span> <span class='ocrx_word' id='word_1_393' title='bbox 994 4221 1097 4284; x_wconf 83' lang='lat' dir='ltr'>civitas</span> <span class='ocrx_word' id='word_1_394' title='bbox 1110 4220 1231 4282; x_wconf 86' lang='lat' dir='ltr'>inscribi</span> <span class='ocrx_word' id='word_1_395' title='bbox 1247 4245 1311 4286; x_wconf 78' lang='lat' dir='ltr'>vo-</span> 
     </span>
     <span class='ocr_line' id='line_1_44' title="bbox 191 4309 1314 4420; baseline 0.007 -50"><span class='ocrx_word' id='word_1_396' title='bbox 191 4312 263 4382; x_wconf 80' lang='lat' dir='ltr'>luit:</span> <span class='ocrx_word' id='word_1_397' title='bbox 285 4320 368 4372; x_wconf 85' lang='lat' dir='ltr'>utex</span> <span class='ocrx_word' id='word_1_398' title='bbox 378 4309 537 4376; x_wconf 70' lang='lat' dir='ltr'>nonedam</span> <span class='ocrx_word' id='word_1_399' title='bbox 540 4313 707 4392; x_wconf 85' lang='lat' dir='ltr'>intelligas,</span> <span class='ocrx_word' id='word_1_400' title='bbox 722 4315 894 4387; x_wconf 68' lang='lat' dir='ltr'>maehina·</span> <span class='ocrx_word' id='word_1_401' title='bbox 887 4315 1017 4420; x_wconf 83' lang='lat' dir='ltr'>iniquum</span> <span class='ocrx_word' id='word_1_402' title='bbox 1034 4322 1112 4374; x_wconf 81' lang='lat' dir='ltr'>esse</span> <span class='ocrx_word' id='word_1_403' title='bbox 1118 4322 1148 4420; x_wconf 86' lang='lat' dir='ltr'>te</span> <span class='ocrx_word' id='word_1_404' title='bbox 1160 4322 1195 4374; x_wconf 85' lang='lat' dir='ltr'>et</span> <span class='ocrx_word' id='word_1_405' title='bbox 1207 4333 1314 4396; x_wconf 77' lang='lat' dir='ltr'>syce-</span> 
     </span>
     <span class='ocr_line' id='line_1_45' title="bbox 189 4402 756 4481; baseline 0.002 -16.005"><span class='ocrx_word' id='word_1_406' title='bbox 189 4402 551 4481; x_wconf 83' lang='lat' dir='ltr'>phantametecelestum.</span> <span class='ocrx_word' id='word_1_407' title='bbox 580 4405 703 4467; x_wconf 80' lang='lat' dir='ltr'>Recita.</span> <span class='ocrx_word' id='word_1_408' title='bbox 753 4425 756 4428; x_wconf 90' lang='lat'>·</span> 
     </span>
    </p>
   </div>
   <div class='ocr_carea' id='block_1_3' title="bbox 0 0 1480 4954">
    <p class='ocr_par' dir='ltr' id='par_1_4' title="bbox 0 0 1480 4954">
     <span class='ocr_line' id='line_1_46' title="bbox 0 0 1480 4954; baseline 0 0"><span class='ocrx_word' id='word_1_409' title='bbox 0 0 1480 4954; x_wconf 95' lang='lat' dir='ltr'> </span> 
     </span>
    </p>
   </div>
  </div>
 </body>
</html>
