2932 4952
408 313 950 414 couruaurtrsrocunruu.
1111 366 1115 371 .
1173 316 1230 380 401

131 481 198 543 rege
217 465 289 528 milri
308 467 386 532 hacc
399 468 491 528 solam
506 470 670 549 epistolam,
687 471 806 551 reliquis
823 434 957 534 omissis.¹
985 469 1053 532 lam
1071 449 1150 530 *enim
1168 486 1234 548 per-
1305 471 1312 480 '

130 559 243 636 spicitis
257 559 401 632 nimirum,
414 562 563 639 quomodo
576 563 659 624 vobis
673 553 777 642 lucurd
787 563 898 624 iacent.
934 561 1050 624 uecta.
1147 577 1149 582 ’
1219 575 1224 582 ’

573 752 784 822 uelsuoLA.

128 875 219 965 'Satis
234 907 391 985 Cogitate,
403 927 470 968 cum
485 909 651 994 scripsisset
663 931 695 971 se
709 913 792 974 vobis
809 911 1026 974 Chersonesum
1039 909 1233 982 redditurum,

128 997 227 1056 locata
248 1001 353 1060 vestris
373 999 496 1062 inimicis
519 1005 750 1084 opera,.eripere
771 1015 869 1067 cetera
892 1014 1030 1066 conatum
1057 1022 1141 1066 esse:
1162 1003 1233 1062 item
1335 1051 1340 1066 .
1374 1017 1379 1026 ’

116 1089 297 1150 ,Alexandri
310 1092 424 1170 legatos
439 1112 501 1154 ase
514 1094 694 1174 repudiatos,
708 1117 775 1158 cum
790 1117 857 1157 eum
869 1107 987 1160 constet
999 1115 1066 1156 cum
1081 1095 1144 1173 ejus
1157 1104 1233 1173 pras·

128 1180 256 1246 donibus
277 1184 470 1264 conspirasse,
486 1195 572 1264 atque
587 1186 691 1246 eadem
707 1190 871 1251 factitasse.
903 1190 986 1249 Bene
1001 1187 1065 1247 vult
1077 1185 1158 1246 robis
1176 1183 1233 1244 sci-

127 1271 210 1347 licet,
230 1294 299 1334 omn
313 1275 444 1353 quibus
437 1286 478 1335 ita
498 1277 668 1356 simpliciter
684 1279 754 1359 egit,
775 1299 831 1341 nec
849 1279 941 1340 ullum
964 1277 1150 1361 mendacium
1163 1276 1233 1336 scri-

128 1364 199 1442 psit,
211 1385 306 1444 neque
319 1368 401 1428 vobis
412 1368 514 1430 lucum
529 1370 656 1429 fecit'

142 1459 221 1518 ..40
242 1457 382 1519 Nondum
404 1470 501 1520 autem
516 1461 585 1520 hinc
599 1472 727 1534 constat,
746 1481 914 1542 quanquam
933 1464 974 1522 ita
982 1461 1085 1541 palam
1106 1467 1233 1532 constat,
1224 1503 1252 1539 ,x

126 1550 201 1609 nihil
209 1569 273 1611 esse
283 1552 341 1612 fide
355 1551 488 1632 dignum,
500 1553 638 1636 quicquid
651 1574 684 1614 se
694 1556 793 1616 studio
803 1555 971 1634 reipubhcae
983 1563 1090 1613 noshne
1099 1551 1233 1610 factitare

127 1641 203 1702 dicit
226 1653 257 1702 et
278 1641 406 1718 simulat,
429 1641 482 1704 sed
504 1665 540 1706 ex
559 1646 698 1707 insecutis
716 1647 803 1708 factis
824 1646 856 1706 id
874 1648 929 1706 erit
946 1644 1119 1710 evidentius.
1154 1643 1233 1701 Nam

129 1733 249 1813 Cotym,
263 1737 343 1796 bono
357 1737 490 1810 consilio,
502 1736 594 1797 hostis
610 1740 685 1798 enim
699 1749 796 1799 vester
810 1749 841 1800 et
855 1739 1017 1799 sceleratus
1032 1738 1120 1810 homo
1130 1734 1235 1806 fuerat,

128 1821 228 1905 Pytho
241 1827 359 1900 occidit,
374 1829 581 1908 Cersoblcptes
595 1841 690 1891 autern
705 1834 755 1911 qui
769 1853 848 1892 nunc
862 1843 977 1914 regnat,
995 1828 1233 1894 adolescentulus

126 1926 201 1991 erat,
212 1927 243 1977 et
252 1934 355 1978 omnes
368 1918 481 1999 Cotyos
492 1920 588 1990 liberi,
598 1941 713 1982 summa
725 1943 822 1983 rerum
834 1934 942 1996 autem,
952 1933 1013 1982 tum
1024 1923 1093 2001 quia
1102 1939 1233 2001 praesens

125 2018 200 2081 erat,
216 2019 278 2068 tum
292 2011 362 2089 quia
374 2030 474 2070 secum
487 2012 615 2072 habebat
627 2015 795 2088 exercitum,
811 2035 903 2102 penas
924 2014 1132 2080 Charidemum
1150 2022 1232 2072 erat:

126 2103 207 2163 venit
221 2103 460 2182 Cephisodotus
453 2114 618 2209 imperator,
638 2104 677 2164 ad
690 2092 778 2185 quem
788 2106 838 2166 ille
848 2107 967 2168 miserat
978 2105 1131 2186 epistolam
1141 2104 1232 2179 illam,

127 2203 158 2254 et
175 2196 322 2270 triremes,
341 2215 410 2256 cum
423 2196 483 2256 vita
502 2195 573 2275 ejus
579 2197 610 2255 in
623 2197 713 2258 dnbio
728 2207 818 2270 esset,
834 2198 983 2258 Artabazo
996 2193 1094 2258 adhuc
1112 2196 1231 2268 infesto,

126 2305 194 2346 eum
215 2287 393 2349 liberatore.
433 2288 514 2354 Quid
537 2289 636 2368 igitur,
662 2290 870 2363 Athenienses,
890 2311 927 2350 ex
948 2288 1045 2349 officio
1064 2287 1232 2348 iaciendum

126 2378 232 2440 luisset
250 2379 361 2440 homini
381 2380 492 2442 fraudis
511 2381 623 2459 experti
640 2379 732 2461 atque
752 2383 855 2454 amico,
876 2383 1054 2461 imperatore
1077 2390 1231 2459 proetenw,
1268 2461 1273 2468 ,
1344 2397 1346 2402 ’

126 2491 186 2530 non
200 2490 237 2530 eo
247 2491 337 2549 quem
349 2471 480 2532 inridere
492 2472 546 2532 sibi
556 2471 679 2534 dixisset
689 2473 922 2552 quicquam,sed
932 2473 982 2532 illo
993 2471 1078 2552 cujus
1087 2473 1118 2530 in
1131 2479 1232 2539 vestra

126 2563 200 2621 urbe
222 2562 380 2622 amicitiam
407 2563 576 2642 proetulet‘at
598 2563 743 2638 omnibus,
765 2575 796 2624 et
815 2565 852 2624 ad
875 2585 962 2645 quem
984 2564 1088 2624 literas.
1101 2563 1230 2635 miserat,

128 2654 225 2734 Cotye
240 2655 391 2728 defuneto,
414 2656 494 2716 omni
516 2656 689 2716 auctoritate
708 2657 740 2716 in
757 2677 789 2717 se
812 2657 943 2718 collata?
965 2657 1033 2716 Non
1052 2657 1149 2716 statim
1154 2655 1233 2716 red-¹

125 2747 228 2808 denda
247 2747 329 2806 vobis
343 2746 444 2826 regio?
465 2746 535 2806 Non
548 2757 646 2808 vestro
661 2767 808 2811 communi
800 2749 943 2831 consilio
962 2768 1015 2808 rex
1031 2747 1175 2818 Thracias
1170 2747 1230 2808 de·
1290 2742 1294 2747 ’

126 2838 314 2918 signandus?
336 2838 404 2898 Non
416 2847 500 2899 tanta
518 2838 672 2899 occasione
687 2840 787 2900 oblata
801 2858 855 2900 sua
867 2841 898 2900 in
911 2859 963 2900 ros
976 2826 1129 2918 probanda
1140 2840 1229 2898 bene·

124 2927 639 3010 volentia²0mnin0,s1quideg0
653 2932 740 2991 modo
757 2932 851 2991 video
887 2933 967 2991 Num
980 2949 1049 2991 vero
1067 2929 1127 2990 tale
1146 2931 1230 3008 quic·
1248 2941 1250 2946 ’

122 3046 213 3106 quam
234 3025 327 3092 lecit?
347 3023 510 3086 Plurimum
523 3037 601 3087 certe
623 3028 717 3088 abest.
751 3028 812 3088 Sed
835 3036 899 3087 toto
916 3026 1029 3106 reliquo
1050 3025 1228 3103 septimestri
1339 3091 1346 3102 .
1420 3049 1425 3056 ·

42 3233 46 3240 ’
123 3212 214 3285 citiis,
228 3229 285 3271 nec
300 3211 394 3270 ullum
409 3212 570 3270 humanum
592 3212 713 3272 verbum
733 3211 913 3291 prolocutus.
956 3210 1033 3270 Nam
1053 3207 1136 3269 initio
1158 3221 1227 3270 cum

123 3324 182 3366 nos
203 3303 307 3362 decem
329 3303 424 3364 solum
444 3303 567 3364 naribus
591 3303 630 3364 ad
653 3303 825 3364 Perinthum
846 3302 1070 3383 appulissemus,
1089 3300 1228 3380 quoniam

118 3398 190 3477 ipse
203 3415 296 3477 prope
306 3395 414 3457 adesse
425 3397 581 3470 serebatur,
596 3405 695 3458 utnos
706 3415 772 3458 cum
784 3417 819 3458 eo
833 3398 1087 3474 conjungeremus,
1098 3394 1226 3456 h'ucede

122 3490 292 3550 rebusemn
302 3495 339 3550 eo
348 3489 534 3562 collocuturi,¹
544 3509 612 3550 eum
623 3489 809 3550 observasset
818 3499 933 3548 nostros
941 3486 1046 3547 milites
1057 3488 1226 3568 apparando

120 3581 272 3662 prandio
263 3588 401 3656 intentos,
415 3589 539 3643 conatus
552 3591 600 3644 est
613 3598 703 3642 naves
716 3589 832 3642 nostras
846 3580 1038 3659 intercipere;
1059 3580 1225 3666 multosque

110 3695 163 3744 ex
178 3675 222 3736 eis
236 3672 354 3747 occidit,
365 3684 397 3735 et
408 3675 479 3754 quia
488 3675 600 3754 equites
614 3673 771 3734 nonnullos
782 3681 813 3732 et
824 3673 927 3733 velites
941 3671 1079 3744 hahebat,
1092 3671 1132 3731 ad
1144 3689 1224 3733 mare

121 3766 271 3846 compulit
288 3767 449 3827 universos

166 3859 219 3916 41.
246 3857 361 3920 Deinde
371 3859 457 3921 nobis
464 3857 577 3920 nullum
587 3859 718 3922 Thraciae
727 3859 826 3920 locum
840 3857 1038 3938 autoppidum
1045 3785 1226 3936 petentibus,
1327 3863 1331 3870 “

121 3969 224 4022 -7nec
237 3950 315 4009 enim
329 3949 384 4010 hoc
401 3949 517 4010 medius
530 3949 618 4010 fidius
639 3951 744 4010 disent
757 3952 922 4031 quisquam,
934 3949 994 4009 vim
1006 3948 1085 4011 enim
1096 3947 1125 4008 vi
1137 3967 1225 4031 repu-

94 4065 98 4072 ¹
117 4045 220 4116 lisset,
230 4041 408 4128 etfloesisset
422 4061 459 4102 ne
472 4041 678 4115 laederetur-,
691 4043 808 4103 nonita
820 4052 876 4116 eet,
888 4060 945 4102 nec
963 4039 1040 4100 enim
1053 4060 1180 4122 usquam
1194 4041 1225 4102 in
1264 4092 1267 4098 .
1350 4123 1352 4130 Ι

118 4133 280 4196 'I’hraciam
293 4134 436 4206 venimus,
446 4133 499 4194 sed
515 4134 547 4193 in
559 4133 814 4212 Alopeconnesum
828 4135 1041 4215 cogitabamus,
1056 4153 1123 4213 qum
1140 4143 1176 4194 et·
1185 4133 1224 4198 ad

118 4227 344 4292 Chersonesum
361 4225 497 4304 pertinet,
510 4234 541 4286 et
558 4225 738 4298 conualuit,
757 4235 788 4286 et
806 4225 1033 4304 promontorium
1045 4245 1149 4290 versus
1165 4227 1226 4286 lm-

114 4321 210 4380 brum
226 4317 367 4391 eminens,
384 4316 553 4400 longissime
567 4337 586 4376 a
597 4317 724 4378 Thracia
741 4326 894 4396 remotum,
909 4333 979 4398 qua
991 4317 1179 4398 pmdontbur
1193 4326 1224 4376 et
1323 4323 1330 4349 ‘

109 4411 226 4494 ‚piratis
240 4409 349 4470 referta
361 4419 433 4470 erat.
461 4409 529 4470 Huc
543 4408 631 4488 igitur
644 4428 712 4493 cum
725 4409 913 4491 venissemus,
925 4422 955 4470 et
967 4410 1096 4474 latrones
1108 4406 1222 4468 obsida-

664 4502 682 4559 3
707 4520 724 4559 r
