2932 4952
486 305 842 372 TARGUMENTUrn.
1159 299 1231 366 ¹³55

122 459 174 508 Seri
184 461 215 508 art
225 460 287 508 lunas
298 474 392 516 cursum
404 476 476 511 annus
487 463 559 514 babet
568 473 698 512 occmurrr
711 464 777 512 dies:
796 461 857 509 unde
867 461 902 518 ur,
913 465 939 510 nt
949 458 1034 512 suessia
1045 464 1136 506 cunstat
1145 459 1229 508 diebus

110 537 216 586 ·rioenis
224 536 323 584 uoreni'a
332 538 466 586 ataemitse.
488 540 574 606 Decies
582 540 643 588 enim
653 540 736 602 uiginti
745 547 798 588 snut
807 554 848 586 co.
855 537 898 586 Bis
907 536 989 602 uiginti
998 551 1041 584 ιι.
1049 535 1136 592 Decies
1148 551 1229 598 noram

125 628 169 662 xo.
181 613 227 662 Bis
236 630 321 662 uorem
333 629 422 662 murm.
434 615 542 664 Semissis
554 617 690 666 duodenarii
702 624 739 665 eat
749 617 822 664 aenio.
842 615 926 676 ltaque
938 615 960 660 in
973 613 1106 662 uniuersum
1117 620 1170 660 suut
1178 613 1230 662 dies

124 705 267 740 ccommrr.
280 693 317 740 Ari
326 707 421 738 cursum
433 699 510 738 autern
523 691 579 738 soiis
596 691 680 740 desunt
695 693 745 740 dies
756 707 793 740 ar.
811 706 869 754 quos
881 689 1036 748 Athenienses
1053 688 1126 736 tertio
1136 704 1229 750 quoque

121 779 184 816 anuo
201 771 370 831 conjungentes
387 783 488 816 mensem
503 768 592 818 fuciunt
602 768 764 824 intercalarem
780 768 892 821 tricenum
905 767 975 814 trium
990 759 1089 814 dierum.
1121 767 1231 814 Continet

110 844 200 906 igitur
217 859 291 892 annus
304 845 334 890 ad
349 844 410 891 lunae
426 859 518 892 cursum
530 849 658 895 comtum
672 843 730 892 dies.
756 848 790 894 Aa
800 844 854 892 (lies
864 833 963 904 quatuor
972 842 1048 902 Attici
1066 843 1180 890 uocabant
1190 857 1231 892 oc-

111 921 237 978 ·mitiales,
246 922 333 982 quibua
345 921 500 985 interregnum
513 921 592 974 aratia
604 922 693 978 Attius,
702 929 728 978 st
736 921 886 985 magistratus
896 921 1085 982 designabantur.
1103 920 1230 982 Quingenti

120 999 196 1061 igitur
212 998 314 1046 illicce
318 1015 333 1046 ι
345 998 416 1046 (lies
410 1014 434 1044 ιιι
453 997 589 1060 magistratu
603 1005 676 1046 eraut.
705 999 752 1044 Sed
764 1013 819 1058 quia
829 997 897 1044 mutu
907 1003 981 1056 erant
991 1002 1016 1044 et
1026 996 1120 1059 nequire
1130 1012 1175 1046 uon
1186 1013 1229 1049 ex

123 1077 205 1156 pedite
217 1075 381 1130 succedebant,
393 1075 543 1129 ᾱιιιιίιιιιιι
554 1090 606 1123 sese
618 1091 661 1136 pro
673 1075 775 1124 tribuum
787 1090 890 1129 numero,
904 1081 930 1120 ut
941 1073 1038 1135 singulm
1050 1072 1151 1120 decuria
1163 1073 1229 1134 quiu-

124 1167 246 1214 quagcnoa
257 1151 402 1198 continerent
410 1150 465 1214 (lios
475 1151 537 1198 enim
550 1166 692 1212 unaquaeque
703 1151 779 1198 tribus
791 1149 957 1213 designabat):
969 1151 1028 1197 unde
1036 1150 1115 1206 fiebat,
1126 1156 1151 1196 ut
1163 1149 1229 1211 quin·

124 1246 226 1294 quageur
218 1229 272 1276 tut
284 1230 386 1276 tricenos
397 1231 480 1292 quinus
491 1229 543 1278 dies
552 1229 672 1291 reliquia'
665 1237 814 1290 imperarent.
841 1228 876 1278 Hi
887 1229 947 1276 euim
966 1243 1029 1276 xxx.
1032 1245 1047 1275 r
1059 1227 1111 1276 dias
1123 1234 1178 1276 snut
1188 1228 1229 1275 de·

123 1309 247 1356 cimaanni
258 1323 322 1368 para.
341 1307 426 1354 Decies
438 1307 498 1354 euim
512 1323 566 1354 xxx
577 1312 630 1354 sunt
643 1321 712 1366 occ.;
723 1307 803 1354 decies
814 1320 829 1352 v
841 1312 895 1353 sunt
906 1321 931 1354 1..
941 1306 1002 1354 Cum
1012 1305 1108 1368 autqm'
1101 1306 1147 1368 rpsi
1158 1305 1229 1352 etiam

124 1385 284 1449 quinquageni
294 1385 374 1446 piures
384 1391 472 1439 esseut,
484 1399 552 1446 qnam
571 1391 597 1432 ut
605 1385 729 1432 commoda
746 1383 814 1434 simui
825 1383 963 1444 magistratu
973 1383 1132 1448 iungerentur,
1142 1383 1176 1430 iiii
1187 1383 1229 1430 de-

125 1480 177 1512 cem
191 1464 275 1512 sortito
286 1478 356 1509 unum
368 1461 469 1523 septidui
482 1462 553 1510 diem:
570 1461 681 1512 Similiter
691 1469 715 1509 et
724 1462 808 1524 reliqui
820 1476 886 1510 snum
896 1461 995 1522 quiaque
1003 1461 1066 1508 diem
1075 1461 1229 1525 imperabant,

122 1544 203 1590 donec
215 1549 305 1602 septem
315 1540 351 1588 iili
362 1539 413 1586 dies
424 1539 606 1600 complerentur.
637 1539 675 1601 ltu
686 1533 763 1595 fiebat,
776 1544 802 1585 ut
809 1544 858 1586 tres
869 1553 986 1594 enumero
995 1537 1171 1599 magistratuum
1182 1555 1228 1586 uon

122 1622 275 1682 imperarent
293 1617 462 1678 Unusquisque
471 1623 548 1664 autem
558 1615 707 1678 magistratus
719 1632 764 1665 nuo
775 1615 814 1662 die
824 1611 948 1662 ‘recabatur
957 1615 1092 1703 praelectus.¹
1111 1615 1160 1662 Gur
1170 1631 1227 1662 vero

122 1715 172 1748 uuo
181 1704 270 1744 tautum
279 1695 318 1742 ulia
327 1694 469 1756 imperabat
464 1694 472 1727 ²
484 1694 548 1754 Quia
555 1693 631 1744 claris
640 1693 700 1742 areis
709 1709 731 1740 es
723 1693 885 1750 chedebatur
892 1700 915 1738 et
924 1692 999 1740 omnis
1008 1690 1108 1754 pecunia
1116 1691 1226 1740 civitatis.

122 1780 164 1826 Ne
175 1777 247 1838 igitur
258 1789 354 1836 reguum
366 1773 494 1829 affectaret,
503 1772 571 1818 unius
581 1771 629 1818 diei
637 1771 798 1833 magistratum
809 1785 861 1818 esse
870 1771 1000 1818 voluerunt.
1017 1768 1141 1817 Sciendum
1151 1776 1226 1816 autem
1323 1827 1325 1832 ,

122 1865 171 1912 est,
181 1853 356 1916 quinquagenos
363 1850 417 1898 iilos
427 1856 521 1898 uocatos
531 1836 603 1898 inissa
612 1849 734 1898 curiones·
746 1850 820 1906 deuna
829 1848 951 1910 praesides,
962 1846 1013 1896 sire
1022 1861 1145 1908 proesrear
1158 1861 1227 1894 nuum

122 1934 201 1988 ilium,
213 1930 356 1992 praefectum.

158 2007 350 2058 Accedendum'
340 2023 394 2068 Jam·
406 2013 442 2053 eat
457 2008 485 2054 ad
497 2009 624 2069 propositus
640 2008 708 2056 nobis
720 2007 831 2056 orationis
848 2011 1015 2068 argumentum.
1039 2005 1115 2051 Moris
1133 2013 1190 2061 erat,
1202 2011 1228 2052 nt

123 2091 222 2138 adustus
232 2085 408 2148 quingentorum
428 2092 525 2145 accepta
537 2101 550 2132 e
561 2084 657 2147 publico
667 2085 774 2146 pecunie,
787 2099 857 2132 noras
867 2084 971 2134 triremes
985 2081 1148 2148 inbriearetnn
1164 2083 1227 2145 Lege

123 2168 183 2214 item
204 2163 329 2222 jubebatur
362 2168 500 2218 senatus,
530 2163 555 2210 si
585 2161 696 2224 popuii
720 2161 984 2224 approbationem
1005 2152 1040 2214 ,i'u
1068 2159 1227 2221 iungendo

125 2256 258 2292 munere
278 2240 448 2286 senatorio
474 2225 647 2287 meruisset
671 2255 783 2287 corona
803 2239 921 2286 donari.
948 2236 975 2285 la
992 2238 1064 2300 igitur
1081 2239 1229 2293 senatus,de

105 2317 176 2384 'quo
193 2319 317 2378 loquimur,
332 2331 462 2378 quenquam
479 2323 577 2379 accepta
591 2333 621 2363 ex
634 2317 716 2364 aerario
733 2316 842 2378 pecunia,
855 2315 961 2364 triremos
980 2331 1024 2362 uon
1037 2315 1137 2362 fecerat.
1153 2320 1229 2364 tamen
1275 2370 1279 2374 ,

126 2414 181 2446 cam
198 2397 224 2442 in
240 2395 328 2441 ceteris
344 2394 452 2441 omnibns
466 2395 528 2441 bene
541 2411 567 2441 se
582 2394 685 2456 gessisse
697 2393 826 2451 rideretur,
841 2392 953 2440 Androtio
970 2399 1057 2448 orator,
1076 2393 1125 2452 ejus
1140 2393 1229 2440 ordinis

127 2482 248 2537 patronus,
265 2472 385 2518 decretura
397 2461 604 2528 restauremus
615 2471 840 2519 coronatlcnaratnr
867 2470 896 2517 Iri
906 2469 1026 2518 raretum
1039 2476 1065 2516 nt
1075 2463 1155 2516 onnira
1166 2470 1230 2530 leges

108 2585 112 2592 .
125 2553 222 2607 iactum,
232 2549 346 2596 Euctemo
355 2554 380 2594 et
392 2548 532 2606 Diodorna'
526 2548 613 2596 mimici
605 2547 783 2604 'Androtiouia
792 2547 997 2610 reprehenderunt.
1014 2546 1101 2594 Status
1096 2547 1231 2608 negotialis

127 2637 175 2686 est,
183 2629 271 2690 scripto
283 2634 431 2685 consternet
442 2629 650 2680 considerationem
663 2628 732 2676 babet
741 2627 943 2689 tuturiteurporia,
956 2642 983 2674 an
994 2627 1039 2674 boe
1052 2626 1180 2676 laciendum
1191 2627 1230 2684 sit,

128 2723 156 2756 an
173 2706 218 2753 boc
230 2706 330 2753 dandum
343 2704 382 2760 sir,
398 2721 490 2753 necne.
507 2707 539 2752 Et
552 2705 658 2766 quonium
676 2705 703 2752 ud
717 2712 801 2754 statum
816 2703 926 2753 orationis
945 2703 1130 2766 intelligendum,
1147 2707 1230 2769 proba·

125 2783 218 2833 tionum
233 2775 337 2844 cognitio
349 2783 460 2844 prodeat:
479 2800 521 2846 aga
533 2783 556 2830 iu
569 2789 730 2832 accusatorum
742 2789 877 2844 argumenta
887 2783 987 2848 primum
998 2781 1151 2848 inquiramus.
1166 2841 1170 2849 ς
1182 2785 1230 2852 Ilu-
1297 2807 1301 2821 ·

126 2869 205 2909 ctemo
215 2855 287 2924 igitur
297 2865 320 2906 et
332 2860 452 2907 Diodorus
459 2867 557 2922 quatuor
565 2861 657 2928 legibus
664 2861 783 2908 ιιιιιιιιιιιιι
793 2860 973 2922 reprehendunt,
984 2875 1081 2922 quarum
1093 2861 1168 2922 prima
1179 2864 1216 2908 est
1227 2878 1232 2906 ι

125 2939 292 2986 siberctum
315 2937 384 2983 sine
414 2938 621 2986 austeritate
642 2943 777 2988 sanatus
803 2938 837 2984 ad
858 2933 1009 2998 populum
1032 2935 1067 2984 ne
1084 2933 1230 2986 teranto.

124 3017 189 3063 Cum
199 3013 260 3060 eu'nn
272 3013 353 3074 popuii
364 3013 495 3060 ¹rrrrrltitnsio
504 3028 587 3076 magna
603 3021 675 3071 estet,
686 3029 797 3076 saepeque
812 3013 969 3076 deciperetur,
980 3029 1024 3062 non
1036 3013 1231 3074 animadvertens,

108 3149 114 3154 ¹
126 3108 155 3139 an
167 3090 192 3138 in
204 3091 298 3136 decreto
310 3089 372 3134 {raus
384 3088 462 3148 aliqua
472 3090 565 3145 lateret,
575 3093 674 3152 primum
686 3092 710 3139 in
729 3098 832 3139 senatum
844 3091 1020 3154 quingentorum
1037 3091 1179 3147 mittebatur,
1192 3095 1231 3166 qni

125 3167 263 3228 indagabat,
279 3179 307 3211 ιιι
319 3163 467 3224 aliquunoxa
479 3168 519 3210 ant
529 3161 593 3212 fraus
604 3163 626 3211 i'n'
637 3181 665 3211 eo
677 3166 768 3222 lateret
784 3173 808 3213 et
818 3167 852 3213 sic
862 3169 893 3213 ad
904 3168 1017 3229 populum
1028 3169 1154 3216 ferebatur
1178 3169 1232 3218 'De-

125 3245 217 3294 enisset
227 3242 300 3303 igitur
311 3253 373 3295 eunt,
385 3242 505 3290 decretum
518 3244 607 3290 senatui
625 3257 756 3308 proponere
773 3243 798 3289 in
810 3243 902 3304 primia.
929 3245 982 3291 Non
999 3249 1074 3291 autem
1093 3248 1233 3308 proposuit

109 3319 184 3385 'quia
202 3320 262 3368 euim
281 3335 362 3367 reeens
373 3319 533 3380 magistratum
549 3319 634 3368 inierat
651 3327 754 3377 senatus,
766 3321 855 3368 ueritus
874 3321 927 3376 luit,
946 3327 976 3366 ιιι
992 3322 1108 3389 dissensio
1122 3324 1231 3374 oriretur.

125 3382 307 3460 Quisqueeriinr
319 3403 490 3446 antecessorem
508 3411 575 3446 suum
589 3413 638 3446 rem
654 3397 714 3446 maio
733 3397 837 3458 gessisse
853 3398 976 3446 ostendere
992 3382 1065 3460 cupii
1091 3401 1232 3464 Alteraiex,
1245 3450 1249 3458 ,

125 3480 266 3526 senatus
279 3474 334 3538 qui
350 3475 498 3522 trir'emes
516 3475 636 3522 feeerit
654 3475 814 3537 premium
832 3476 1003 3538 postulato.
1024 3476 1161 3536 Tartisiex,
1178 3481 1232 3542 qni

124 3553 311 3618 pudicitiam
333 3553 508 3614 prostituit
525 3567 538 3599 a
557 3555 665 3614 repub.
684 3553 820 3614 gerenda
836 3552 1011 3620 abstineto.
1033 3539 1232 3619 Androtioigitnr

123 3637 198 3684 homo
215 3634 355 3695 flagitiosus,
372 3633 513 3681 abstineata
528 3633 657 3696 republica.
675 3621 764 3696 Quarta
782 3633 835 3688 lex,
856 3634 909 3694 qni
929 3635 1075 3682 muletam
1098 3639 1231 3690 nondum

125 3712 273 3769 solvit,
265 3729 296 3760 ιιι
318 3711 489 3773 republica
511 3728 547 3759 ne
569 3719 735 3760 seruetur.
766 3712 842 3769 Quam
862 3718 898 3780 tu,
915 3711 1039 3769 Androtio,
1055 3729 1109 3760 oum
1130 3716 1230 3781 noudum

123 3783 254 3848 iniretis,
240 3783 270 3862 ιιι
281 3783 403 3853 republica
411 3790 500 3838 versari
510 3805 554 3837 nou
563 3791 642 3840 (lebes.
658 3791 712 3840 ism
721 3795 745 3838 et
752 3805 787 3837 ιιι
779 3790 1097 3852 'detensionesexplieemns
1115 3773 1231 3842 Androtin

114 3871 201 3932 ‘igitur
217 3857 297 3930 primae
312 3869 360 3930 legi
377 3857 567 3916 consuetudinem
580 3867 688 3932 opponit:
705 3869 739 3915 ait
755 3868 825 3925 onim,
843 3868 972 3920 obtinuisse
988 3867 1189 3925 consuetudinem,
1206 3878 1232 3920 ut

124 3947 253 3997 decreta·
236 3962 283 3993 arne
294 3946 433 3993 auctoritate
444 3950 538 3992 senatus
550 3946 579 3991 ad
596 3945 709 4007 populum
720 3946 830 3994 ittuntur.
856 3946 970 3994 Secundus
981 3945 1028 4008 legi
1045 3944 1112 3994 aliam
1122 3946 1198 4010 legem
1210 3957 1234 3996 et

121 4027 181 4088 lpse
193 4023 283 4084 ubuum,
294 4038 340 4084 qna
350 4023 460 4083 jubeatur
472 4029 574 4078 senatus,
591 4022 617 4070 si
635 4023 718 4072 bene
736 4026 864 4070 functus
884 4021 980 4068 officio
1000 4021 1231 4086 videaturque

121 4120 138 4150 c
148 4101 283 4150 oucioua
303 4117 415 4148 corona
436 4101 554 4151 donari.
581 4101 695 4162 Reliquas
707 4102 764 4148 duas
776 4100 916 4162 exceptione
926 4107 1054 4163 oppugnat,
1064 4115 1169 4164 asserens
1171 4107 1233 4165 ,jam

120 4196 172 4228 nou
186 4195 238 4226 esse
254 4177 315 4228 de
295 4193 329 4226 cra
347 4177 533 4238 disceptandum.
551 4178 653 4236 Quidam
670 4179 702 4226 ita
714 4185 841 4226 tractarunt
858 4179 918 4224 bauo
929 4177 1065 4233 orationem,
1077 4185 1103 4225 ut
1120 4179 1231 4242 abnego

117 4244 208 4328 liutem
219 4255 297 4318 legum
316 4257 500 4303 contrarietatem
512 4257 632 4324 relerrerrt.
650 4255 727 4308 Etiam
740 4255 792 4311 iric,¹
788 4254 913 4316 inquiunt,
924 4255 977 4301 duae
986 4254 1069 4316 leges
1062 4264 1124 4316 inter
1144 4273 1169 4304 se
1187 4270 1232 4318 pn·

122 4339 210 4397 gus'nt
212 4337 242 4380 ei
255 4332 440 4380 circumstantia.
459 4347 564 4394 quarum·
568 4333 641 4380 altera
651 4333 739 4380 uiolata
748 4340 793 4389 est,
804 4339 901 4393 propter
916 4331 1012 4386 citerius
1027 4333 1231 4390 confirmationem.

104 4443 108 4450 ·
122 4411 338 4474 Respondemus
331 4428 354 4460 ru
366 4410 476 4472 negotiali
494 4410 666 4468 constitutione,
683 4424 736 4458 uum
746 4411 776 4458 de
789 4408 911 4464 centrariis
921 4409 1012 4472 iegibus
1029 4409 1116 4472 agitur,
1126 4416 1230 4484 nentrum

120 4489 226 4548 violari,¹
235 4491 278 4558 seri
288 4489 431 4540 considerari
441 4495 514 4550 utram
528 4489 608 4549 nictari
620 4489 739 4566 oportent.
754 4491 781 4558 ΙιιΙ
793 4490 834 4538 bac
846 4497 922 4537 antem
935 4490 1079 4536 censualiter
1091 4489 1138 4534 fleri
1143 4473 1231 4578 ,quum
