2920 4950
401 305 557 366 orsurro
585 307 644 367 nn
665 255 956 366 cuursounso
1099 339 1100 344 a
1187 299 1226 364 ss

13 481 14 524 3
110 482 188 536 vero,
203 461 382 538 deliberatis,
396 463 499 544 inquit,
514 483 583 524 cum
602 463 761 526 Thebanos
775 461 805 521 in
820 461 917 522 insula
935 459 1081 536 habeatis,
1096 478 1162 540 qum
1176 479 1223 522 ru·

13 555 14 600 l
111 556 150 616 tio
159 555 291 616 ineunda
304 557 412 637 quidve
427 556 576 638 agendum
590 555 650 616 sit?
670 577 731 616 non
746 574 826 615 mare
834 554 1004 634 implebitis,
1013 553 1221 624 Athenienses,

13 643 14 650 '
111 649 296 710 triremibus?
317 670 378 710 non
398 651 460 731 jam
486 651 619 730 surgitis,¹
630 651 659 710 in
676 651 814 728 Pirreuru'
826 649 953 710 abituri?
976 669 1033 709 non
1052 648 1177 708 classem
1190 651 1221 712 in

112 762 191 803 mare
206 743 355 804 trahetis?
377 745 452 804 Haec
467 745 637 804 Timotheus
658 743 741 815 dixit,
756 764 808 804 vos
829 743 955 803 fecistis:
975 763 1041 823 quae
1058 763 1124 803 cum
1139 756 1221 804 utra-

111 855 165 916 que
187 837 451 916 conjungerentur,
476 857 521 896 res
546 837 680 898 confecta
703 847 758 896 est.
800 837 841 896 At
864 836 888 896 si
908 836 1037 916 isquam
1052 837 1172 916 optima,
1187 849 1221 899 ut

109 937 167 988 tum
184 929 270 1002 dixit,
284 931 419 1002 dixisset,
436 949 490 991 ros
504 950 573 991 vero
587 930 704 1009 ignavia
717 928 849 1010 impediti
870 949 931 988 non
951 930 1219 1009 obtemperassetis,

109 1035 225 1084 essetne
239 1024 351 1102 aliquid
363 1043 463 1084 eorum
478 1031 587 1097 actum,
597 1043 663 1102 quoe
672 1039 735 1083 turn
745 1023 854 1084 civitati
865 1022 1073 1102 contigerunt?
1086 1024 1147 1084 fieri
1158 1043 1231 1085 non¹

107 1125 215 1194 potest.
243 1182 245 1186 ,
259 1117 309 1177 Sic
319 1117 409 1196 igitur
415 1115 555 1196 quicquid
565 1116 616 1178 rel
630 1137 687 1197 ego
697 1133 789 1190 nune,
799 1101 846 1176 vei
854 1113 949 1194 quivis
960 1101 1035 1175 alius
1045 1115 1159 1191 dixerit,
1171 1137 1218 1178 res

109 1220 137 1268 et
149 1209 285 1270 actiones
300 1210 381 1290 apud
394 1209 588 1290 vosmetipsos
602 1211 766 1290 quoeritote,
780 1208 967 1270 utilissimum
985 1203 1141 1270 consilium
1160 1211 1219 1272 sci·

109 1312 191 1363 enter
205 1303 388 1383 explicatum
402 1303 482 1384 apud
498 1313 651 1366 oratorem.

148 1399 199 1456 18.
223 1394 285 1457 Sed
300 1397 350 1457 ubi
363 1397 525 1456 orationem
538 1415 634 1457 meam
647 1396 680 1452 in
690 1411 834 1452 summam
844 1401 874 1453 et
884 1393 984 1474 ,capita
998 1394 1134 1473 quedem
1148 1397 1216 1458 red-

108 1511 206 1570 egero,
223 1489 416 1551 descendam.
459 1489 576 1549 Censeo
589 1487 678 1567 igitur
691 1485 900 1546 conferendam
921 1506 987 1547 esse
1000 1491 1165 1567 pecuniam,
1185 1503 1217 1562 et

108 1585 269 1646 exercitum
278 1585 343 1664 jam
356 1591 556 1662 comparatum
577 1599 644 1640 osse
663 1580 907 1654 consertendum,
928 1590 1017 1660 atque
1032 1581 1056 1642 si
1070 1584 1141 1662 quid
1155 1605 1216 1649 non

107 1688 186 1740 recte
200 1677 267 1737 fieri
280 1675 426 1736 videbitur
435 1673 659 1752 corrigendum
685 1693 746 1734 non
759 1675 798 1733 ob
813 1674 942 1754 cujusvis
956 1673 1157 1746 cavillationes
1171 1687 1216 1738 to-

108 1781 169 1830 tum
183 1767 417 1831 destruendum:
438 1767 553 1846 legatos
569 1785 801 1846 quaquaversum
821 1785 886 1828 esse
899 1765 1070 1841 mittendos,
1091 1769 1141 1848 qui
1161 1770 1226 1844 do-¹

108 1875 204 1938 ceant,
224 1871 378 1935 moneant,
399 1861 556 1922 conficiant
575 1859 742 1940 reipublicee
764 1860 904 1940 quicquid
927 1871 1082 1940 poterunt:
1110 1861 1222 1942 preter*
1266 1864 1268 1868 ’

108 1960 184 2018 haec·
194 1958 306 2027 omnia,
325 1954 375 2036 qui
389 1956 517 2034 corrupti
530 1953 733 2036 largitionibus
755 1953 875 2033 negotia
887 1954 996 2034 perfide
1015 1967 1214 2036 corrumpunt,

108 2062 168 2111 tum
181 2049 337 2130 puniendi,
356 2057 417 2108 turn
432 2067 548 2127 semper
561 2057 592 2106 et
604 2047 712 2125 ubique
734 2045 803 2106 odio
815 2045 944 2106 habendi
963 2057 1044 2118 sunt,
1065 2057 1099 2106 ut
1113 2049 1214 2112 mode·

108 2146 162 2206 rati
175 2143 314 2206 homines
334 2153 366 2202 et
377 2141 448 2220 boni
460 2141 514 2201 viri
528 2149 607 2202 recte
621 2133 838 2220 prudenterque
851 2141 941 2199 vitam
955 2139 1129 2222 instituisse,
1148 2154 1212 2205 tum

82 2239 184 2313 -aliis,
209 2248 272 2297 tum
295 2233 481 2314 sibimetipsis
495 2233 658 2295 videantur.
699 2234 788 2300 Quod
812 2233 837 2294 si
858 2233 935 2293 hanc
960 2233 1102 2294 rationem
1121 2237 1216 2298 secuti

110 2333 262 2412 negligere
272 2329 372 2390 omnia
380 2327 534 2400 desieritis,
546 2327 680 2400 sortasse,
688 2326 822 2398 fortasse,
833 2327 992 2404 inpurum
1001 2328 1099 2389 adbuc
1108 2339 1216 2391 cetera

110 2425 215 2486 melius
231 2438 407 2484 successura
426 2440 493 2501 spes
515 2420 562 2480 sit.
605 2419 716 2480 Verum
739 2419 764 2480 si
784 2419 967 2492 deridebitis,
982 2421 1126 2482 hactenus
1139 2423 1216 2482 duna
1310 2495 1312 2501 s

109 2528 201 2592 texet,
212 2525 251 2578 ut'
258 2515 406 2596 plaudatis
420 2525 450 2574 et
462 2513 587 2576 laudetis
601 2514 762 2573 orationem
774 2512 937 2588 studentes,
952 2533 1018 2574 cum
1029 2533 1099 2574 vero
1111 2535 1216 2595 geren·
1254 2502 1257 2512 ¹

112 2613 210 2672 dares
226 2611 294 2684 erit,
307 2607 548 2690 tergiversemiui,
570 2607 680 2667 nullam
694 2607 831 2686 equidem
846 2608 930 2668 rideo
950 2608 1121 2683 orationem,
1136 2630 1215 2690 qum,
1254 2661 1258 2667 ,

68 2746 72 2757 s
111 2703 343 2766 detrectantibus
362 2701 446 2766 robis
467 2719 556 2784 agere
575 2717 642 2782 quae
665 2717 739 2781 opus
762 2710 841 2778 sunt,
869 2699 1078 2783 rempublicam
1100 2701 1215 2782 servare

111 2798 215 2878 possit.
