2886 4946
255 237 313 295 192
683 221 960 300 oeconomi:

254 391 358 451 Recita
370 410 439 451 vero
449 401 480 451 et
491 401 633 472 tempora,
644 395 752 488 quibus
766 395 830 456 haec
845 399 928 476 gesta
948 402 1035 458 sunt:
1055 413 1092 458 ea
1104 396 1182 462 enim
1195 395 1261 478 ipsa
1273 411 1351 474 sunt,

252 486 379 565 quibus'
371 498 434 548 rste
440 486 495 548 luit
508 477 679 568 Pylagoras.
718 491 834 550 Recita.

692 643 905 706 TEMPORA.

418 770 536 819 Archouto
547 771 700 827 Mnesithide,
711 772 799 820 mensis
810 771 998 821 Anthesterionis
1009 772 1100 820 decimo
1117 780 1194 821 sesto.

251 879 334 941 Cedo
347 881 417 943 mihi
431 892 461 942 et
473 883 570 944 literas
586 884 660 956 illas,
675 904 758 962 quas,
776 904 843 944 cum
862 885 888 944 ei
907 905 965 944 non
989 905 1096 945 murem
1112 885 1256 965 gesserint
1269 886 1349 946 The-

249 973 327 1044 bani,
339 975 417 1034 misit
425 975 464 1033 ad
477 977 572 1036 socios
582 995 652 1036 suos
663 975 693 1034 in
705 975 909 1056 Peloponneso
917 977 1083 1057 Philippus:
1097 987 1131 1037 ut
1139 999 1176 1040 ex
1185 979 1219 1039 iis
1231 1000 1350 1058 quoque

250 1069 439 1147 perspicietis,
454 1087 521 1128 eum
541 1087 748 1128 rerumrerum
761 1079 947 1146 suscepturum
961 1089 1091 1140 causam,
1111 1091 1216 1150 nempe
1232 1091 1263 1132 se
1282 1072 1349 1132 haec

249 1171 352 1219 contra
367 1159 512 1220 Graeciam
533 1171 562 1220 et
575 1160 731 1220 Thebanos
754 1171 783 1219 et
802 1180 853 1220 vos
872 1161 977 1233 moliri,
991 1161 1166 1235 occultasse,
1180 1164 1351 1223 communia

247 1272 317 1312 vero
330 1272 454 1332 quaeque
468 1254 504 1312 ab
518 1253 779 1334 Amphictyonibus
793 1254 1017 1315 decernerentur
1031 1273 1116 1332 agere
1130 1275 1163 1313 se
1181 1257 1348 1317 simulasse.

248 1345 411 1412 Quiautem
425 1344 518 1404 has
493 1364 520 1403 er
533 1355 563 1404 et
571 1346 805 1425 opportunitates
815 1356 845 1406 et
853 1365 966 1406 causas
963 1347 1204 1421 subministravit,
1217 1349 1273 1409 iste'
1282 1350 1349 1411 suit.

249 1435 361 1496 Recita

601 1583 768 1644 LITERAE
790 1583 980 1644 PHILIPPI.

276 1703 329 1748 Rex
339 1702 494 1749 Macedonum
504 1702 630 1764 Philippus
640 1703 863 1764 Peloponuesiorum
875 1703 914 1764 qui
927 1704 951 1750 iu
962 1701 1050 1748 loedere
1062 1699 1208 1748 eontinentur
1219 1700 1349 1763 magistra-

244 1777 309 1828 tibus
318 1785 343 1826 et
353 1777 529 1826 consessoribus
539 1778 684 1841 reliquisque
696 1779 767 1828 sooiis
779 1780 885 1828 omuibus
896 1781 922 1844 S,
941 1778 1059 1842 (luculum¹
1068 1778 1138 1825 Locri
1148 1777 1189 1838 qui
1200 1777 1351 1825 nominantur

180 1901 183 1906 ,
247 1854 336 1910 Osoloe,
346 1854 494 1916 Amphissam
505 1855 640 1913 incolentes,
650 1856 674 1902 in
686 1857 796 1918 templum
804 1855 920 1917 Apollinis
928 1854 1068 1916 Delphicum
1075 1853 1219 1914 delinquant,
1229 1849 1252 1900 e't
1259 1861 1350 1902 terrum

244 1946 332 1978 ssorum
344 1939 430 1979 umato
440 1948 508 1979 mauu
519 1917 638 1999 progressi
649 1933 798 1996 populantur,
809 1933 882 1980 habeo
892 1932 916 1979 in
932 1933 1007 1979 animo
1020 1931 1139 1979 vobiscum
1150 1930 1194 1977 deo
1210 1931 1353 1989 subuenire,

246 2023 332 2068 eosque
343 2009 382 2070 qui
394 2008 479 2070 aliquid
491 2009 604 2070 religiono
621 2009 683 2069 apud
693 2009 799 2056 homines
811 2007 969 2056 oonseoratu'm
982 2007 1068 2055 violant
1079 2005 1170 2053 ulcissi.
1196 2008 1352 2068 Quapropter

245 2083 315 2131 facito
325 2090 351 2130 ut
361 2084 416 2131 mihi
429 2100 480 2132 oum
491 2087 560 2134 armis
572 2087 600 2133 sd
613 2085 740 2134 Phocidem
752 2087 886 2144 occurratis,
898 2093 1025 2133 commeatu
1037 2083 1146 2132 instructi
1156 2084 1178 2131 in
1190 2085 1351 2147 quadraginta

244 2161 304 2218 die's,
312 2163 356 2209 hoo
368 2162 420 2224 ipso
429 2179 506 2211 mense
519 2165 587 2220 Laio,
598 2171 625 2212 nt
634 2181 678 2211 nos
689 2172 856 2226 computamus,
869 2172 894 2211 ut
905 2163 1069 2224 Athenienses,
1075 2162 1350 2218 Boedromious‚utCu·

245 2237 333 2294 rinthii,
346 2239 454 2286 Psuemo.
472 2241 558 2288 Eorum
571 2240 641 2302 igitur
647 2240 686 2302 qui
698 2241 764 2288 nobis
774 2255 825 2288 oum
835 2241 941 2288 omuibus
953 2240 1028 2302 copiis
1037 2239 1180 2286 occurrerint
1186 2245 1279 2286 utemur
1288 2256 1350 2287 oon·

244 2313 307 2372 silio,
318 2330 358 2362 eos
371 2331 426 2364 vero
443 2317 482 2377 qui
499 2333 524 2365 se
543 2317 662 2364 uobiscum
673 2333 719 2365 uon
730 2316 890 2377 conjunxerint
902 2317 1072 2364 mulctabimus.
1100 2315 1192 2363 Vslete.

285 2431 335 2487 52.
356 2429 480 2499 Videtis,
495 2440 529 2489 ut
547 2430 673 2509 privatas
687 2433 788 2507 incepti
801 2450 905 2491 causas
924 2430 1041 2504 devitet,
1062 2438 1093 2488 et
1115 2429 1153 2488 ad
1167 2430 1344 2512 Amphicty·
1396 2393 1398 2400 v

244 2522 345 2581 onioas
369 2523 526 2600 confugiat.
562 2524 634 2591 Quis
654 2524 743 2602 igitur
762 2524 803 2582 illi
823 2524 869 2583 his
896 2521 1099 2603 comparandis
1121 2521 1237 2602 adjutor
1263 2523 1343 2583 mitt
1440 2545 1441 2561 ι

244 2613 316 2682 Quis
329 2613 452 2672 latebras
467 2634 515 2673 eas
528 2614 745 2694 suppeditavit?
766 2617 839 2684 Quis
853 2615 995 2680 malorum
1014 2635 1080 2693 quae
1093 2614 1260 2676 inciderunt
1278 2636 1342 2678 nra-
1439 2647 1440 2659 ι

243 2706 319 2764 xime
340 2705 537 2766 architectus?
559 2707 628 2767 Non
645 2707 701 2767 iste
715 2707 782 2768 esti
805 2707 902 2767 Nolite
922 2708 1019 2786 igitur,
1042 2704 1340 2781 Athenienses,.inter
1438 2741 1439 2759 r

242 2798 487 2857 deambulandum
503 2799 610 2870 dicere,
632 2802 669 2859 ab
683 2820 742 2859 uno
755 2801 871 2860 homine
893 2800 1040 2860 Groeciam
1059 2799 1104 2860 his
1124 2800 1340 2864 calamitatibus

241 2910 307 2950 esse
320 2889 462 2950 affectam.
494 2890 562 2950 Non
577 2893 613 2951 ab
626 2912 695 2965 uno,
710 2892 762 2951 sed
776 2911 793 2951 a
805 2891 904 2951 multis
919 2900 1005 2970 atque
1019 2892 1158 2971 improbis
1172 2912 1224 2971 per
1239 2892 1339 2970 singu·

240 2985 285 3044 las
299 2983 442 3054 civitates,
456 3003 474 3043 o
488 2985 669 3066 terradiiqpe
682 2985 875 3044 immortales!
896 3004 1020 3063 quorum
1028 3004 1103 3044 unus
1113 2986 1161 3044 hic
1175 2995 1231 3056 est,
1242 3005 1338 3064 quem,
1435 2979 1436 2986 '

242 3078 266 3136 si
280 3078 396 3156 quidem
411 3097 510 3137 verum
525 3078 614 3138 libere
630 3078 784 3137 dicendum
795 3079 842 3150 sit,
856 3097 915 3136 non
925 3077 1080 3138 dubitarim
1090 3097 1145 3156 ego
1155 3096 1337 3137 communem

239 3171 334 3228 labem
358 3189 457 3228 eorum
479 3190 545 3248 quae
557 3181 660 3250 postea
678 3171 826 3251 perierunt
847 3159 975 3229 omniurn
997 3171 1157 3243 nominare,
1177 3170 1338 3241 hominum,

239 3261 380 3333 locorum,
399 3262 531 3321 urbium:
553 3263 684 3342 namqui
707 3283 807 3323 semen
825 3263 956 3342 praebuit,
972 3262 996 3320 is
1020 3264 1130 3340 segetis
1154 3271 1256 3321 auctor
1278 3273 1336 3321 est.

240 3355 336 3419 Quem
346 3354 440 3412 statim
452 3365 485 3413 ut
495 3351 676 3434 adspexistis‚
688 3375 746 3435 quo
759 3355 878 3415 tandem
887 3365 974 3433 pacto
989 3373 1048 3413 non
1061 3354 1124 3413 sitis
1136 3354 1270 3427 aversati,
1284 3354 1339 3412 de·

239 3445 338 3503 miror:
361 3445 412 3502 sed
425 3445 574 3506 immensae
587 3448 722 3525 quedam
746 3448 856 3507 scilicet
877 3445 956 3526 apud
973 3466 1026 3506 vos
1048 3449 1262 3507 tenebraesunt
1282 3449 1337 3506 ob·

233 3537 322 3617 jectae
336 3535 458 3595 veritati.
493 3539 624 3617 Contigit
640 3560 709 3618 ergo
725 3539 805 3616 mihi,
823 3549 857 3598 ut
872 3538 943 3599 dum
957 3559 1007 3600 eas
1021 3559 1067 3599 res
1082 3548 1178 3600 tracto
1191 3558 1260 3618 quas
1274 3539 1338 3599 iste

238 3639 341 3690 contra
352 3628 475 3708 patriam
489 3633 591 3708 gessit,
611 3632 648 3690 ad
667 3651 717 3692 eas
735 3631 823 3692 etiam
844 3631 1021 3710 pervenerim
1043 3650 1115 3709 quas
1137 3631 1172 3689 iis
1194 3631 1336 3690 resistens

236 3723 298 3802 ipse
312 3720 523 3780 administravi:
546 3742 619 3802 quas
633 3743 700 3782 cum
714 3723 813 3782 multis
827 3723 864 3782 de
875 3723 969 3784 causis
979 3723 1080 3782 merito
1088 3743 1125 3780 ex
1136 3741 1183 3781 me
1198 3719 1337 3794 audiatis,

235 3824 297 3874 tum
311 3816 349 3874 ob
362 3833 426 3874 eam
440 3813 585 3893 praecipue
597 3815 676 3892 quod
689 3825 772 3892 turpe
787 3825 842 3888 est,
857 3814 1061 3887 Athenienses,
1080 3809 1205 3892 quorum
1221 3832 1275 3892 ego
1291 3814 1337 3873 la-

235 3907 336 3966 borum
358 3905 504 3966 molestias
526 3906 604 3985 ipsas
628 3926 680 3985 pro
699 3907 782 3966 vobis
803 3907 979 3982 sustulerim,
1004 3927 1105 3967 eorum
1123 3926 1176 3966 vos
1194 3927 1230 3968 ne
1243 3909 1338 3966 verba

236 3997 353 4078 quidem
375 4000 451 4058 velle
474 3998 626 4060 sustinere.
667 3997 743 4058 Cum
761 3999 848 4076 igitur
868 3999 997 4059 viderem
1016 3999 1183 4069 Thebanos,
1203 4017 1236 4058 ac
1256 4017 1337 4076 pene

236 4088 332 4147 dicam
344 4092 483 4170 vosipsos
494 4092 663 4166 itaistorum
676 4090 826 4150 hominum
839 4092 890 4169 qui
903 4110 969 4151 cum
983 4091 1119 4171 Philippo
1130 4091 1297 4151 sentiebant
1307 4099 1339 4150 et

235 4182 328 4261 pretio
342 4184 419 4260 apud
433 4196 572 4265 utrosque
586 4184 714 4264 corrupti
723 4193 806 4244 eraut
814 4184 943 4244 consiliis
954 4185 1099 4244 adductos
1108 4203 1189 4254 esse,¹
1198 4191 1236 4251 ut,
1248 4181 1337 4260 quod

219 4283 299 4336 ⁴erat
312 4273 441 4350 utrisque
455 4277 669 4337 formidandum
683 4296 717 4336 ac
736 4297 912 4356 magnopere
926 4277 1098 4349 cavendum,
1113 4297 1149 4336 ne
1164 4273 1336 4353 Philippum

236 4383 368 4425 creseere
382 4365 517 4442 sineritis,
531 4370 561 4428 id
574 4370 728 4451 negligatis
748 4370 884 4451 nullaque
904 4373 935 4432 iu
949 4392 979 4446 re
998 4371 1136 4444 caveatis,
1157 4369 1193 4430 ad
1206 4367 1338 4428 iuimici-
