<?xml version="1.0" encoding="UTF-8"?>
<!DOCTYPE html PUBLIC "-//W3C//DTD XHTML 1.0 Transitional//EN"
    "http://www.w3.org/TR/xhtml1/DTD/xhtml1-transitional.dtd">
<html xmlns="http://www.w3.org/1999/xhtml" xml:lang="en" lang="en">
 <head>
  <title>
</title>
<meta http-equiv="Content-Type" content="text/html;charset=utf-8" />
  <meta name='ocr-system' content='tesseract 3.04.00' />
  <meta name='ocr-capabilities' content='ocr_page ocr_carea ocr_par ocr_line ocrx_word'/>
</head>
<body>
  <div class='ocr_page' id='page_1' title='image "./demosthenisetsc08ulpigoog_0242.png"; bbox 0 0 2946 4954; ppageno 0'>
   <div class='ocr_carea' id='block_1_1' title="bbox 409 241 1272 392">
    <p class='ocr_par' dir='ltr' id='par_1_1' title="bbox 409 241 1272 392">
     <span class='ocr_line' id='line_1_1' title="bbox 409 241 1272 392; baseline 0 -56"><span class='ocrx_word' id='word_1_1' title='bbox 409 277 464 358; x_wconf 81' lang='lat' dir='ltr'>pn</span> <span class='ocrx_word' id='word_1_2' title='bbox 486 277 598 368; x_wconf 74' lang='lat' dir='ltr'>Mnus</span> <span class='ocrx_word' id='word_1_3' title='bbox 620 241 757 367; x_wconf 66' lang='lat' dir='ltr'>cusan</span> <span class='ocrx_word' id='word_1_4' title='bbox 779 275 1032 392; x_wconf 70' lang='lat' dir='ltr'>uncnrrpua.</span> <span class='ocrx_word' id='word_1_5' title='bbox 1214 278 1272 338; x_wconf 79' lang='lat' dir='ltr'>aar</span> 
     </span>
    </p>
   </div>
   <div class='ocr_carea' id='block_1_2' title="bbox 152 427 1314 1899">
    <p class='ocr_par' dir='ltr' id='par_1_2' title="bbox 167 427 1314 965">
     <span class='ocr_line' id='line_1_2' title="bbox 167 427 1274 517; baseline -0.006 -22"><span class='ocrx_word' id='word_1_6' title='bbox 167 453 219 494; x_wconf 86' lang='lat' dir='ltr'>me</span> <span class='ocrx_word' id='word_1_7' title='bbox 231 451 267 492; x_wconf 86' lang='lat' dir='ltr'>ea</span> <span class='ocrx_word' id='word_1_8' title='bbox 280 447 379 508; x_wconf 87' lang='lat' dir='ltr'>neque</span> <span class='ocrx_word' id='word_1_9' title='bbox 394 429 479 502; x_wconf 91' lang='lat' dir='ltr'>scire,</span> <span class='ocrx_word' id='word_1_10' title='bbox 491 449 586 517; x_wconf 76' lang='lat' dir='ltr'>neque</span> <span class='ocrx_word' id='word_1_11' title='bbox 597 429 778 508; x_wconf 89' lang='lat' dir='ltr'>participare,</span> <span class='ocrx_word' id='word_1_12' title='bbox 792 439 823 489; x_wconf 93' lang='lat' dir='ltr'>et</span> <span class='ocrx_word' id='word_1_13' title='bbox 835 429 948 500; x_wconf 85' lang='lat' dir='ltr'>addidi,</span> <span class='ocrx_word' id='word_1_14' title='bbox 959 447 1056 506; x_wconf 89' lang='lat' dir='ltr'>neque</span> <span class='ocrx_word' id='word_1_15' title='bbox 1069 427 1157 488; x_wconf 86' lang='lat' dir='ltr'>etiam</span> <span class='ocrx_word' id='word_1_16' title='bbox 1172 446 1274 507; x_wconf 87' lang='lat' dir='ltr'>exspe-</span> 
     </span>
     <span class='ocr_line' id='line_1_3' title="bbox 171 519 1314 602; baseline -0.006 -16"><span class='ocrx_word' id='word_1_17' title='bbox 171 535 263 586; x_wconf 88' lang='lat' dir='ltr'>ctare.</span> <span class='ocrx_word' id='word_1_18' title='bbox 295 525 337 582; x_wconf 90' lang='lat' dir='ltr'>Ut</span> <span class='ocrx_word' id='word_1_19' title='bbox 353 530 452 581; x_wconf 88' lang='lat' dir='ltr'>autem</span> <span class='ocrx_word' id='word_1_20' title='bbox 470 541 522 580; x_wconf 87' lang='lat' dir='ltr'>vos</span> <span class='ocrx_word' id='word_1_21' title='bbox 544 521 617 580; x_wconf 88' lang='lat' dir='ltr'>illud</span> <span class='ocrx_word' id='word_1_22' title='bbox 630 523 751 582; x_wconf 85' lang='lat' dir='ltr'>verbum</span> <span class='ocrx_word' id='word_1_23' title='bbox 761 539 816 580; x_wconf 88' lang='lat' dir='ltr'>nec</span> <span class='ocrx_word' id='word_1_24' title='bbox 830 521 1029 602; x_wconf 83' lang='lat' dir='ltr'>exspectandi,</span> <span class='ocrx_word' id='word_1_25' title='bbox 1043 540 1121 600; x_wconf 80' lang='lat' dir='ltr'>aegre</span> <span class='ocrx_word' id='word_1_26' title='bbox 1134 519 1286 593; x_wconf 85' lang='lat' dir='ltr'>ferebatis,</span> <span class='ocrx_word' id='word_1_27' title='bbox 1312 563 1314 568; x_wconf 19' lang='grc' dir='ltr'>η</span> 
     </span>
     <span class='ocr_line' id='line_1_4' title="bbox 170 612 1286 693; baseline -0.004 -16"><span class='ocrx_word' id='word_1_28' title='bbox 170 619 276 688; x_wconf 85' lang='lat' dir='ltr'>facite,</span> <span class='ocrx_word' id='word_1_29' title='bbox 289 616 421 693; x_wconf 87' lang='lat' dir='ltr'>inquam,</span> <span class='ocrx_word' id='word_1_30' title='bbox 436 614 642 686; x_wconf 88' lang='lat' dir='ltr'>Athenienses,</span> <span class='ocrx_word' id='word_1_31' title='bbox 664 613 688 672; x_wconf 90' lang='lat' dir='ltr'>si</span> <span class='ocrx_word' id='word_1_32' title='bbox 702 613 773 692; x_wconf 90' lang='lat' dir='ltr'>quid</span> <span class='ocrx_word' id='word_1_33' title='bbox 785 615 907 673; x_wconf 88' lang='lat' dir='ltr'>istorum</span> <span class='ocrx_word' id='word_1_34' title='bbox 922 614 1033 674; x_wconf 87' lang='lat' dir='ltr'>facturn</span> <span class='ocrx_word' id='word_1_35' title='bbox 1046 613 1144 685; x_wconf 85' lang='lat' dir='ltr'>fuerit,</span> <span class='ocrx_word' id='word_1_36' title='bbox 1163 623 1197 672; x_wconf 89' lang='lat' dir='ltr'>ut</span> <span class='ocrx_word' id='word_1_37' title='bbox 1214 612 1286 673; x_wconf 87' lang='lat' dir='ltr'>istos</span> 
     </span>
     <span class='ocr_line' id='line_1_5' title="bbox 168 705 1287 786; baseline -0.002 -18"><span class='ocrx_word' id='word_1_38' title='bbox 168 708 318 780; x_wconf 90' lang='lat' dir='ltr'>laudetis,</span> <span class='ocrx_word' id='word_1_39' title='bbox 333 716 364 765; x_wconf 92' lang='lat' dir='ltr'>et</span> <span class='ocrx_word' id='word_1_40' title='bbox 378 705 543 778; x_wconf 71' lang='lat' dir='ltr'>ornetis,&#39;et</span> <span class='ocrx_word' id='word_1_41' title='bbox 566 705 681 766; x_wconf 90' lang='lat' dir='ltr'>coronis</span> <span class='ocrx_word' id='word_1_42' title='bbox 702 705 828 779; x_wconf 89' lang='lat' dir='ltr'>donetis,</span> <span class='ocrx_word' id='word_1_43' title='bbox 840 725 887 764; x_wconf 90' lang='lat' dir='ltr'>me</span> <span class='ocrx_word' id='word_1_44' title='bbox 900 724 969 766; x_wconf 87' lang='lat' dir='ltr'>vero</span> <span class='ocrx_word' id='word_1_45' title='bbox 990 725 1067 765; x_wconf 90' lang='lat' dir='ltr'>non:</span> <span class='ocrx_word' id='word_1_46' title='bbox 1090 705 1143 765; x_wconf 92' lang='lat' dir='ltr'>sed</span> <span class='ocrx_word' id='word_1_47' title='bbox 1165 707 1190 766; x_wconf 90' lang='lat' dir='ltr'>si</span> <span class='ocrx_word' id='word_1_48' title='bbox 1211 707 1287 786; x_wconf 83' lang='lat' dir='ltr'>quid</span> 
     </span>
     <span class='ocr_line' id='line_1_6' title="bbox 174 797 1284 880; baseline -0.001 -19"><span class='ocrx_word' id='word_1_49' title='bbox 174 819 266 861; x_wconf 88' lang='lat' dir='ltr'>secus</span> <span class='ocrx_word' id='word_1_50' title='bbox 277 797 428 868; x_wconf 91' lang='lat' dir='ltr'>acciderit,</span> <span class='ocrx_word' id='word_1_51' title='bbox 444 799 507 858; x_wconf 88' lang='lat' dir='ltr'>istis</span> <span class='ocrx_word' id='word_1_52' title='bbox 520 797 685 872; x_wconf 68' lang='lat' dir='ltr'>irascimini,</span> <span class='ocrx_word' id='word_1_53' title='bbox 698 817 754 879; x_wconf 84' lang='lat' dir='ltr'>ego</span> <span class='ocrx_word' id='word_1_54' title='bbox 767 819 836 865; x_wconf 74' lang='lat' dir='ltr'>vero</span> <span class='ocrx_word' id='word_1_55' title='bbox 850 798 934 860; x_wconf 87' lang='lat' dir='ltr'>cedo.</span> <span class='ocrx_word' id='word_1_56' title='bbox 965 797 1034 857; x_wconf 90' lang='lat' dir='ltr'>Non</span> <span class='ocrx_word' id='word_1_57' title='bbox 1054 818 1144 873; x_wconf 89' lang='lat' dir='ltr'>nunc,</span> <span class='ocrx_word' id='word_1_58' title='bbox 1168 801 1284 880; x_wconf 88' lang='lat' dir='ltr'>subjicit</span> 
     </span>
     <span class='ocr_line' id='line_1_7' title="bbox 174 891 1285 965; baseline 0.002 -13"><span class='ocrx_word' id='word_1_59' title='bbox 174 891 338 952; x_wconf 88' lang='lat' dir='ltr'>AEschines</span> <span class='ocrx_word' id='word_1_60' title='bbox 359 891 426 962; x_wconf 90' lang='lat' dir='ltr'>iste,</span> <span class='ocrx_word' id='word_1_61' title='bbox 441 909 502 950; x_wconf 89' lang='lat' dir='ltr'>non</span> <span class='ocrx_word' id='word_1_62' title='bbox 514 911 594 950; x_wconf 88' lang='lat' dir='ltr'>nunc</span> <span class='ocrx_word' id='word_1_63' title='bbox 608 891 691 965; x_wconf 87' lang='lat' dir='ltr'>cede,</span> <span class='ocrx_word' id='word_1_64' title='bbox 711 892 764 954; x_wconf 76' lang='lat' dir='ltr'>s&#39;ed</span> <span class='ocrx_word' id='word_1_65' title='bbox 782 891 849 952; x_wconf 87' lang='lat' dir='ltr'>vide</span> <span class='ocrx_word' id='word_1_66' title='bbox 861 912 899 952; x_wconf 88' lang='lat' dir='ltr'>ne</span> <span class='ocrx_word' id='word_1_67' title='bbox 912 901 988 952; x_wconf 87' lang='lat' dir='ltr'>tunc·</span> <span class='ocrx_word' id='word_1_68' title='bbox 1002 891 1055 952; x_wconf 87' lang='lat' dir='ltr'>tibi</span> <span class='ocrx_word' id='word_1_69' title='bbox 1067 892 1217 954; x_wconf 83' lang='lat' dir='ltr'>vendices.</span> <span class='ocrx_word' id='word_1_70' title='bbox 1239 895 1285 954; x_wconf 81' lang='lat' dir='ltr'>lta</span> 
     </span>
    </p>

    <p class='ocr_par' dir='ltr' id='par_1_3' title="bbox 152 982 1284 1347">
     <span class='ocr_line' id='line_1_8' title="bbox 152 982 1278 1066; baseline 0.004 -22"><span class='ocrx_word' id='word_1_71' title='bbox 152 1010 155 1014; x_wconf 90' lang='lat'>·</span> <span class='ocrx_word' id='word_1_72' title='bbox 173 987 241 1056; x_wconf 89' lang='lat' dir='ltr'>fiet,</span> <span class='ocrx_word' id='word_1_73' title='bbox 250 984 378 1062; x_wconf 85' lang='lat' dir='ltr'>inquam,</span> <span class='ocrx_word' id='word_1_74' title='bbox 391 982 448 1042; x_wconf 91' lang='lat' dir='ltr'>nisi</span> <span class='ocrx_word' id='word_1_75' title='bbox 460 983 548 1043; x_wconf 86' lang='lat' dir='ltr'>velim</span> <span class='ocrx_word' id='word_1_76' title='bbox 558 1003 623 1044; x_wconf 89' lang='lat' dir='ltr'>esse</span> <span class='ocrx_word' id='word_1_77' title='bbox 636 984 766 1066; x_wconf 88' lang='lat' dir='ltr'>injurius.</span> <span class='ocrx_word' id='word_1_78' title='bbox 782 985 827 1044; x_wconf 84' lang='lat' dir='ltr'>At</span> <span class='ocrx_word' id='word_1_79' title='bbox 836 983 1020 1045; x_wconf 72' lang='lat' dir='ltr'>Philocrates</span> <span class='ocrx_word' id='word_1_80' title='bbox 1034 995 1103 1062; x_wconf 88' lang='lat' dir='ltr'>post</span> <span class='ocrx_word' id='word_1_81' title='bbox 1117 985 1200 1044; x_wconf 91' lang='lat' dir='ltr'>illum</span> <span class='ocrx_word' id='word_1_82' title='bbox 1213 1006 1278 1048; x_wconf 91' lang='lat' dir='ltr'>sur·</span> 
     </span>
     <span class='ocr_line' id='line_1_9' title="bbox 175 1066 1278 1162; baseline 0.003 -26"><span class='ocrx_word' id='word_1_83' title='bbox 175 1096 255 1156; x_wconf 87' lang='lat' dir='ltr'>gens</span> <span class='ocrx_word' id='word_1_84' title='bbox 273 1075 359 1136; x_wconf 86' lang='lat' dir='ltr'>valde</span> <span class='ocrx_word' id='word_1_85' title='bbox 383 1075 550 1146; x_wconf 84' lang='lat' dir='ltr'>insolenter,</span> <span class='ocrx_word' id='word_1_86' title='bbox 574 1076 616 1135; x_wconf 89' lang='lat' dir='ltr'>nil</span> <span class='ocrx_word' id='word_1_87' title='bbox 633 1077 757 1162; x_wconf 28' lang='lat' dir='ltr'>nmirum,</span> <span class='ocrx_word' id='word_1_88' title='bbox 783 1076 887 1155; x_wconf 89' lang='lat' dir='ltr'>inquit,</span> <span class='ocrx_word' id='word_1_89' title='bbox 911 1085 967 1151; x_wconf 87' lang='lat' dir='ltr'>est,</span> <span class='ocrx_word' id='word_1_90' title='bbox 988 1066 1193 1150; x_wconf 79' lang='lat' dir='ltr'>Athenienses,</span> <span class='ocrx_word' id='word_1_91' title='bbox 1217 1099 1278 1139; x_wconf 88' lang='lat' dir='ltr'>nou</span> 
     </span>
     <span class='ocr_line' id='line_1_10' title="bbox 173 1167 1284 1252; baseline 0.005 -24"><span class='ocrx_word' id='word_1_92' title='bbox 173 1168 280 1228; x_wconf 87' lang='lat' dir='ltr'>eadem</span> <span class='ocrx_word' id='word_1_93' title='bbox 303 1167 395 1227; x_wconf 90' lang='lat' dir='ltr'>videri</span> <span class='ocrx_word' id='word_1_94' title='bbox 418 1169 489 1228; x_wconf 85' lang='lat' dir='ltr'>mihi</span> <span class='ocrx_word' id='word_1_95' title='bbox 506 1177 572 1250; x_wconf 81' lang='lat' dir='ltr'>quae</span> <span class='ocrx_word' id='word_1_96' title='bbox 585 1169 798 1239; x_wconf 89' lang='lat' dir='ltr'>Demostheni;</span> <span class='ocrx_word' id='word_1_97' title='bbox 819 1170 930 1230; x_wconf 85' lang='lat' dir='ltr'>nemis</span> <span class='ocrx_word' id='word_1_98' title='bbox 953 1169 1072 1250; x_wconf 88' lang='lat' dir='ltr'>quidem</span> <span class='ocrx_word' id='word_1_99' title='bbox 1091 1189 1208 1250; x_wconf 85' lang='lat' dir='ltr'>aquam,</span> <span class='ocrx_word' id='word_1_100' title='bbox 1223 1191 1284 1252; x_wconf 83' lang='lat' dir='ltr'>ego</span> 
     </span>
     <span class='ocr_line' id='line_1_11' title="bbox 177 1260 1253 1347; baseline 0.002 -27"><span class='ocrx_word' id='word_1_101' title='bbox 177 1262 362 1322; x_wconf 83' lang='lat' dir='ltr'>verorinum</span> <span class='ocrx_word' id='word_1_102' title='bbox 374 1260 454 1320; x_wconf 90' lang='lat' dir='ltr'>bibo.</span> <span class='ocrx_word' id='word_1_103' title='bbox 483 1261 592 1322; x_wconf 87' lang='lat' dir='ltr'>lbivos</span> <span class='ocrx_word' id='word_1_104' title='bbox 606 1262 756 1327; x_wconf 80' lang='lat' dir='ltr'>ridebatis.</span> <span class='ocrx_word' id='word_1_105' title='bbox 876 1337 879 1347; x_wconf 62' lang='lat'>.</span> <span class='ocrx_word' id='word_1_106' title='bbox 1249 1315 1253 1322; x_wconf 89' lang='lat'>.</span> 
     </span>
    </p>

    <p class='ocr_par' dir='ltr' id='par_1_4' title="bbox 224 1351 1301 1434">
     <span class='ocr_line' id='line_1_12' title="bbox 224 1351 1301 1434; baseline 0.002 -22"><span class='ocrx_word' id='word_1_107' title='bbox 224 1355 271 1412; x_wconf 91' lang='lat'>17.</span> <span class='ocrx_word' id='word_1_108' title='bbox 293 1353 362 1413; x_wconf 89' lang='lat' dir='ltr'>Jam</span> <span class='ocrx_word' id='word_1_109' title='bbox 377 1353 526 1412; x_wconf 88' lang='lat' dir='ltr'>decretum</span> <span class='ocrx_word' id='word_1_110' title='bbox 548 1353 743 1427; x_wconf 88' lang='lat' dir='ltr'>considerate,</span> <span class='ocrx_word' id='word_1_111' title='bbox 761 1351 963 1427; x_wconf 81' lang='lat' dir='ltr'>Athenienses,</span> <span class='ocrx_word' id='word_1_112' title='bbox 987 1353 1066 1432; x_wconf 88' lang='lat' dir='ltr'>quod</span> <span class='ocrx_word' id='word_1_113' title='bbox 1085 1363 1190 1434; x_wconf 82' lang='lat' dir='ltr'>postea</span> <span class='ocrx_word' id='word_1_114' title='bbox 1210 1357 1301 1418; x_wconf 51' lang='lat' dir='ltr'>scri»</span> 
     </span>
    </p>

    <p class='ocr_par' dir='ltr' id='par_1_5' title="bbox 175 1445 1286 1899">
     <span class='ocr_line' id='line_1_13' title="bbox 175 1445 1281 1526; baseline 0.003 -19"><span class='ocrx_word' id='word_1_115' title='bbox 175 1445 309 1507; x_wconf 89' lang='lat' dir='ltr'>bendum</span> <span class='ocrx_word' id='word_1_116' title='bbox 320 1447 431 1506; x_wconf 89' lang='lat' dir='ltr'>curavit</span> <span class='ocrx_word' id='word_1_117' title='bbox 443 1445 634 1506; x_wconf 76' lang='lat' dir='ltr'>Philocrates.</span> <span class='ocrx_word' id='word_1_118' title='bbox 649 1446 727 1506; x_wconf 89' lang='lat' dir='ltr'>Nam</span> <span class='ocrx_word' id='word_1_119' title='bbox 738 1447 830 1506; x_wconf 89' lang='lat' dir='ltr'>obiter</span> <span class='ocrx_word' id='word_1_120' title='bbox 838 1445 956 1524; x_wconf 89' lang='lat' dir='ltr'>quidem</span> <span class='ocrx_word' id='word_1_121' title='bbox 967 1445 1070 1506; x_wconf 91' lang='lat' dir='ltr'>auditu</span> <span class='ocrx_word' id='word_1_122' title='bbox 1080 1466 1148 1512; x_wconf 87' lang='lat' dir='ltr'>saue</span> <span class='ocrx_word' id='word_1_123' title='bbox 1159 1448 1281 1526; x_wconf 75' lang='lat' dir='ltr'>precla-</span> 
     </span>
     <span class='ocr_line' id='line_1_14' title="bbox 176 1537 1282 1618; baseline 0.002 -19"><span class='ocrx_word' id='word_1_124' title='bbox 176 1558 246 1600; x_wconf 88' lang='lat' dir='ltr'>rum</span> <span class='ocrx_word' id='word_1_125' title='bbox 265 1547 328 1598; x_wconf 86' lang='lat' dir='ltr'>est:</span> <span class='ocrx_word' id='word_1_126' title='bbox 351 1537 405 1598; x_wconf 89' lang='lat' dir='ltr'>sed</span> <span class='ocrx_word' id='word_1_127' title='bbox 416 1537 441 1598; x_wconf 91' lang='lat' dir='ltr'>si</span> <span class='ocrx_word' id='word_1_128' title='bbox 455 1537 519 1617; x_wconf 92' lang='lat' dir='ltr'>quis</span> <span class='ocrx_word' id='word_1_129' title='bbox 538 1547 671 1618; x_wconf 83' lang='lat' dir='ltr'>tempora</span> <span class='ocrx_word' id='word_1_130' title='bbox 683 1538 865 1618; x_wconf 87' lang='lat' dir='ltr'>computarit,</span> <span class='ocrx_word' id='word_1_131' title='bbox 879 1539 985 1616; x_wconf 91' lang='lat' dir='ltr'>quibus</span> <span class='ocrx_word' id='word_1_132' title='bbox 999 1539 1140 1618; x_wconf 84' lang='lat' dir='ltr'>scriptum</span> <span class='ocrx_word' id='word_1_133' title='bbox 1161 1540 1228 1612; x_wconf 83' lang='lat' dir='ltr'>fuit,</span> <span class='ocrx_word' id='word_1_134' title='bbox 1244 1551 1282 1616; x_wconf 83' lang='lat' dir='ltr'>et</span> 
     </span>
     <span class='ocr_line' id='line_1_15' title="bbox 176 1629 1286 1710; baseline 0.005 -23"><span class='ocrx_word' id='word_1_135' title='bbox 176 1630 404 1710; x_wconf 83' lang='lat' dir='ltr'>pollicitationes</span> <span class='ocrx_word' id='word_1_136' title='bbox 424 1649 497 1708; x_wconf 91' lang='lat' dir='ltr'>quas</span> <span class='ocrx_word' id='word_1_137' title='bbox 516 1630 574 1691; x_wconf 91' lang='lat' dir='ltr'>iste</span> <span class='ocrx_word' id='word_1_138' title='bbox 595 1639 658 1690; x_wconf 91' lang='lat' dir='ltr'>tum</span> <span class='ocrx_word' id='word_1_139' title='bbox 674 1629 825 1704; x_wconf 86' lang='lat' dir='ltr'>afferebat,</span> <span class='ocrx_word' id='word_1_140' title='bbox 844 1631 1000 1704; x_wconf 76' lang='lat' dir='ltr'>constabit,</span> <span class='ocrx_word' id='word_1_141' title='bbox 1017 1649 1068 1692; x_wconf 89' lang='lat' dir='ltr'>ecs</span> <span class='ocrx_word' id='word_1_142' title='bbox 1084 1631 1158 1692; x_wconf 89' lang='lat' dir='ltr'>nihil</span> <span class='ocrx_word' id='word_1_143' title='bbox 1178 1632 1286 1693; x_wconf 84' lang='lat' dir='ltr'>iecisse</span> 
     </span>
     <span class='ocr_line' id='line_1_16' title="bbox 179 1721 1282 1803; baseline 0.004 -23"><span class='ocrx_word' id='word_1_144' title='bbox 179 1721 272 1794; x_wconf 82' lang='lat' dir='ltr'>aliud,</span> <span class='ocrx_word' id='word_1_145' title='bbox 281 1741 371 1803; x_wconf 89' lang='lat' dir='ltr'>quam</span> <span class='ocrx_word' id='word_1_146' title='bbox 384 1721 541 1782; x_wconf 77' lang='lat' dir='ltr'>tradidisse</span> <span class='ocrx_word' id='word_1_147' title='bbox 555 1721 691 1802; x_wconf 88' lang='lat' dir='ltr'>Philippo</span> <span class='ocrx_word' id='word_1_148' title='bbox 700 1731 731 1782; x_wconf 91' lang='lat' dir='ltr'>et</span> <span class='ocrx_word' id='word_1_149' title='bbox 742 1721 889 1783; x_wconf 79' lang='lat' dir='ltr'>Thebanis</span> <span class='ocrx_word' id='word_1_150' title='bbox 903 1721 1082 1792; x_wconf 88' lang='lat' dir='ltr'>Phocenses,</span> <span class='ocrx_word' id='word_1_151' title='bbox 1093 1731 1208 1788; x_wconf 83' lang='lat' dir='ltr'>tantum</span> <span class='ocrx_word' id='word_1_152' title='bbox 1222 1743 1282 1784; x_wconf 87' lang='lat' dir='ltr'>non</span> 
     </span>
     <span class='ocr_line' id='line_1_17' title="bbox 180 1813 945 1899; baseline -0.001 -23"><span class='ocrx_word' id='word_1_153' title='bbox 180 1813 318 1898; x_wconf 81' lang='lat' dir='ltr'>manibus</span> <span class='ocrx_word' id='word_1_154' title='bbox 332 1823 402 1896; x_wconf 86' lang='lat' dir='ltr'>post</span> <span class='ocrx_word' id='word_1_155' title='bbox 410 1824 494 1895; x_wconf 81' lang='lat' dir='ltr'>terga</span> <span class='ocrx_word' id='word_1_156' title='bbox 502 1815 643 1899; x_wconf 82' lang='lat' dir='ltr'>religatis.</span> <span class='ocrx_word' id='word_1_157' title='bbox 666 1815 772 1876; x_wconf 85' lang='lat' dir='ltr'>Recita</span> <span class='ocrx_word' id='word_1_158' title='bbox 785 1816 945 1877; x_wconf 87' lang='lat' dir='ltr'>decretum.</span> 
     </span>
    </p>
   </div>
   <div class='ocr_carea' id='block_1_3' title="bbox 615 1978 861 2092">
    <p class='ocr_par' dir='ltr' id='par_1_6' title="bbox 615 1978 861 2092">
     <span class='ocr_line' id='line_1_18' title="bbox 615 1978 861 2092; baseline -0.012 0"><span class='ocrx_word' id='word_1_159' title='bbox 615 1978 861 2092; x_wconf 77' lang='lat' dir='ltr'>arceantur.</span> 
     </span>
    </p>
   </div>
   <div class='ocr_carea' id='block_1_4' title="bbox 94 2162 1426 4468">
    <p class='ocr_par' dir='ltr' id='par_1_7' title="bbox 94 2162 1426 4468">
     <span class='ocr_line' id='line_1_19' title="bbox 188 2162 1426 2250; baseline 0.005 -23"><span class='ocrx_word' id='word_1_160' title='bbox 188 2170 315 2243; x_wconf 88' lang='lat' dir='ltr'>Videtis,</span> <span class='ocrx_word' id='word_1_161' title='bbox 348 2171 556 2244; x_wconf 84' lang='lat' dir='ltr'>Athenienses,</span> <span class='ocrx_word' id='word_1_162' title='bbox 585 2172 735 2233; x_wconf 88' lang='lat' dir='ltr'>decretum</span> <span class='ocrx_word' id='word_1_163' title='bbox 758 2172 875 2250; x_wconf 90' lang='lat' dir='ltr'>quantis</span> <span class='ocrx_word' id='word_1_164' title='bbox 896 2170 1030 2231; x_wconf 81' lang='lat' dir='ltr'>laudibus</span> <span class='ocrx_word' id='word_1_165' title='bbox 1052 2179 1083 2230; x_wconf 88' lang='lat' dir='ltr'>et</span> <span class='ocrx_word' id='word_1_166' title='bbox 1108 2170 1290 2249; x_wconf 78' lang='lat' dir='ltr'>benignitate</span> <span class='ocrx_word' id='word_1_167' title='bbox 1423 2162 1426 2174; x_wconf 52' lang='lat'><em>⁴</em></span> 
     </span>
     <span class='ocr_line' id='line_1_20' title="bbox 185 2259 1291 2343; baseline 0 -21"><span class='ocrx_word' id='word_1_168' title='bbox 185 2264 342 2322; x_wconf 79' lang='lat' dir='ltr'>verborum</span> <span class='ocrx_word' id='word_1_169' title='bbox 363 2263 401 2323; x_wconf 91' lang='lat' dir='ltr'>sit</span> <span class='ocrx_word' id='word_1_170' title='bbox 421 2265 576 2334; x_wconf 81' lang='lat' dir='ltr'>refertum3</span> <span class='ocrx_word' id='word_1_171' title='bbox 600 2274 630 2324; x_wconf 91' lang='lat' dir='ltr'>et</span> <span class='ocrx_word' id='word_1_172' title='bbox 643 2283 699 2342; x_wconf 84' lang='lat' dir='ltr'>pax</span> <span class='ocrx_word' id='word_1_173' title='bbox 718 2265 833 2336; x_wconf 86' lang='lat' dir='ltr'>eadem,</span> <span class='ocrx_word' id='word_1_174' title='bbox 851 2259 955 2343; x_wconf 69' lang='lat' dir='ltr'>inquit,</span> <span class='ocrx_word' id='word_1_175' title='bbox 974 2271 1040 2321; x_wconf 91' lang='lat' dir='ltr'>esto</span> <span class='ocrx_word' id='word_1_176' title='bbox 1060 2281 1128 2339; x_wconf 86' lang='lat' dir='ltr'>quae</span> <span class='ocrx_word' id='word_1_177' title='bbox 1142 2260 1291 2341; x_wconf 90' lang='lat' dir='ltr'>Philippo,</span> 
     </span>
     <span class='ocr_line' id='line_1_21' title="bbox 185 2352 1317 2436; baseline 0 -22"><span class='ocrx_word' id='word_1_178' title='bbox 185 2353 276 2414; x_wconf 81' lang='lat' dir='ltr'>etiarn</span> <span class='ocrx_word' id='word_1_179' title='bbox 289 2357 414 2434; x_wconf 84' lang='lat' dir='ltr'>posteris</span> <span class='ocrx_word' id='word_1_180' title='bbox 428 2357 500 2436; x_wconf 89' lang='lat' dir='ltr'>ejus,</span> <span class='ocrx_word' id='word_1_181' title='bbox 517 2366 548 2416; x_wconf 93' lang='lat' dir='ltr'>et</span> <span class='ocrx_word' id='word_1_182' title='bbox 561 2356 704 2424; x_wconf 75' lang='lat' dir='ltr'>societasr</span> <span class='ocrx_word' id='word_1_183' title='bbox 726 2365 756 2416; x_wconf 90' lang='lat' dir='ltr'>et</span> <span class='ocrx_word' id='word_1_184' title='bbox 772 2354 910 2414; x_wconf 87' lang='lat' dir='ltr'>laudetur</span> <span class='ocrx_word' id='word_1_185' title='bbox 923 2352 1088 2432; x_wconf 88' lang='lat' dir='ltr'>Philippus,</span> <span class='ocrx_word' id='word_1_186' title='bbox 1102 2352 1182 2431; x_wconf 90' lang='lat' dir='ltr'>quod</span> <span class='ocrx_word' id='word_1_187' title='bbox 1205 2354 1292 2432; x_wconf 91' lang='lat' dir='ltr'>polli·</span> <span class='ocrx_word' id='word_1_188' title='bbox 1315 2377 1317 2382; x_wconf 49' lang='lat'><strong>¹</strong></span> 
     </span>
     <span class='ocr_line' id='line_1_22' title="bbox 186 2444 1293 2527; baseline 0 -21"><span class='ocrx_word' id='word_1_189' title='bbox 186 2456 273 2506; x_wconf 87' lang='lat' dir='ltr'>cetur</span> <span class='ocrx_word' id='word_1_190' title='bbox 287 2467 320 2507; x_wconf 89' lang='lat' dir='ltr'>se</span> <span class='ocrx_word' id='word_1_191' title='bbox 332 2449 478 2508; x_wconf 89' lang='lat' dir='ltr'>facturum</span> <span class='ocrx_word' id='word_1_192' title='bbox 491 2467 605 2527; x_wconf 88' lang='lat' dir='ltr'>eaquae</span> <span class='ocrx_word' id='word_1_193' title='bbox 619 2466 706 2525; x_wconf 90' lang='lat' dir='ltr'>aequa</span> <span class='ocrx_word' id='word_1_194' title='bbox 718 2447 786 2506; x_wconf 90' lang='lat' dir='ltr'>sint.</span> <span class='ocrx_word' id='word_1_195' title='bbox 810 2446 921 2506; x_wconf 90' lang='lat' dir='ltr'>Verum</span> <span class='ocrx_word' id='word_1_196' title='bbox 934 2445 1005 2505; x_wconf 91' lang='lat' dir='ltr'>nihil</span> <span class='ocrx_word' id='word_1_197' title='bbox 1019 2445 1068 2504; x_wconf 90' lang='lat' dir='ltr'>ille</span> <span class='ocrx_word' id='word_1_198' title='bbox 1078 2444 1196 2523; x_wconf 89' lang='lat' dir='ltr'>quidem</span> <span class='ocrx_word' id='word_1_199' title='bbox 1205 2445 1293 2524; x_wconf 89' lang='lat' dir='ltr'>polli-</span> 
     </span>
     <span class='ocr_line' id='line_1_23' title="bbox 186 2530 1374 2624; baseline -0.002 -24"><span class='ocrx_word' id='word_1_200' title='bbox 186 2540 273 2600; x_wconf 90' lang='lat' dir='ltr'>citus</span> <span class='ocrx_word' id='word_1_201' title='bbox 281 2541 386 2614; x_wconf 88' lang='lat' dir='ltr'>fuerat,</span> <span class='ocrx_word' id='word_1_202' title='bbox 399 2541 453 2603; x_wconf 90' lang='lat' dir='ltr'>sed</span> <span class='ocrx_word' id='word_1_203' title='bbox 466 2550 580 2602; x_wconf 91' lang='lat' dir='ltr'>tantum</span> <span class='ocrx_word' id='word_1_204' title='bbox 594 2530 696 2614; x_wconf 86' lang='lat' dir='ltr'>aberat</span> <span class='ocrx_word' id='word_1_205' title='bbox 710 2560 726 2601; x_wconf 90' lang='lat' dir='ltr'>e</span> <span class='ocrx_word' id='word_1_206' title='bbox 740 2539 918 2624; x_wconf 87' lang='lat' dir='ltr'>pollicendo,</span> <span class='ocrx_word' id='word_1_207' title='bbox 931 2547 965 2598; x_wconf 92' lang='lat' dir='ltr'>ut</span> <span class='ocrx_word' id='word_1_208' title='bbox 977 2558 1010 2599; x_wconf 91' lang='lat' dir='ltr'>se</span> <span class='ocrx_word' id='word_1_209' title='bbox 1021 2539 1156 2616; x_wconf 85' lang='lat' dir='ltr'>ignorare</span> <span class='ocrx_word' id='word_1_210' title='bbox 1171 2537 1292 2612; x_wconf 90' lang='lat' dir='ltr'>diceret,</span> <span class='ocrx_word' id='word_1_211' title='bbox 1370 2533 1374 2540; x_wconf 84' lang='grc'><em>’</em></span> 
     </span>
     <span class='ocr_line' id='line_1_24' title="bbox 186 2629 1292 2713; baseline 0 -23"><span class='ocrx_word' id='word_1_212' title='bbox 186 2651 250 2710; x_wconf 87' lang='lat' dir='ltr'>qua</span> <span class='ocrx_word' id='word_1_213' title='bbox 264 2652 296 2692; x_wconf 89' lang='lat' dir='ltr'>re</span> <span class='ocrx_word' id='word_1_214' title='bbox 317 2634 398 2693; x_wconf 88' lang='lat' dir='ltr'>vobis</span> <span class='ocrx_word' id='word_1_215' title='bbox 413 2633 646 2713; x_wconf 77' lang='lat' dir='ltr'>gratificareturr</span> <span class='ocrx_word' id='word_1_216' title='bbox 667 2632 723 2692; x_wconf 91' lang='lat' dir='ltr'>iste</span> <span class='ocrx_word' id='word_1_217' title='bbox 737 2641 835 2692; x_wconf 83' lang='lat' dir='ltr'>autern</span> <span class='ocrx_word' id='word_1_218' title='bbox 848 2649 902 2712; x_wconf 89' lang='lat' dir='ltr'>pro</span> <span class='ocrx_word' id='word_1_219' title='bbox 914 2649 953 2692; x_wconf 88' lang='lat' dir='ltr'>eo</span> <span class='ocrx_word' id='word_1_220' title='bbox 966 2631 1150 2713; x_wconf 84' lang='lat' dir='ltr'>loquebatur,</span> <span class='ocrx_word' id='word_1_221' title='bbox 1163 2639 1194 2691; x_wconf 91' lang='lat' dir='ltr'>et</span> <span class='ocrx_word' id='word_1_222' title='bbox 1205 2629 1292 2710; x_wconf 88' lang='lat' dir='ltr'>polli-</span> 
     </span>
     <span class='ocr_line' id='line_1_25' title="bbox 186 2723 1294 2804; baseline -0.002 -20"><span class='ocrx_word' id='word_1_223' title='bbox 186 2723 526 2785; x_wconf 70' lang='lat' dir='ltr'>cebatur.‘Phdocrates</span> <span class='ocrx_word' id='word_1_224' title='bbox 554 2724 643 2804; x_wconf 81' lang='lat' dir='ltr'>igitur</span> <span class='ocrx_word' id='word_1_225' title='bbox 659 2725 761 2803; x_wconf 24' lang='lat' dir='ltr'>rosqin</span> <span class='ocrx_word' id='word_1_226' title='bbox 782 2723 865 2785; x_wconf 88' lang='lat' dir='ltr'>istius</span> <span class='ocrx_word' id='word_1_227' title='bbox 886 2724 976 2784; x_wconf 83' lang='lat' dir='ltr'>verba</span> <span class='ocrx_word' id='word_1_228' title='bbox 995 2740 1157 2804; x_wconf 85' lang='lat' dir='ltr'>propensos</span> <span class='ocrx_word' id='word_1_229' title='bbox 1177 2731 1294 2798; x_wconf 84' lang='lat' dir='ltr'>nactus,</span> 
     </span>
     <span class='ocr_line' id='line_1_26' title="bbox 124 2814 1293 2897; baseline -0.002 -21"><span class='ocrx_word' id='word_1_230' title='bbox 124 2843 136 2853; x_wconf 65' lang='lat'>=</span> <span class='ocrx_word' id='word_1_231' title='bbox 186 2814 264 2876; x_wconf 89' lang='lat' dir='ltr'>illud</span> <span class='ocrx_word' id='word_1_232' title='bbox 274 2816 404 2877; x_wconf 89' lang='lat' dir='ltr'>inscribit</span> <span class='ocrx_word' id='word_1_233' title='bbox 414 2817 549 2885; x_wconf 75' lang='lat' dir='ltr'>decretor</span> <span class='ocrx_word' id='word_1_234' title='bbox 565 2815 646 2897; x_wconf 87' lang='lat' dir='ltr'>quod</span> <span class='ocrx_word' id='word_1_235' title='bbox 656 2817 714 2876; x_wconf 88' lang='lat' dir='ltr'>nisi</span> <span class='ocrx_word' id='word_1_236' title='bbox 722 2817 846 2877; x_wconf 84' lang='lat' dir='ltr'>fecerint</span> <span class='ocrx_word' id='word_1_237' title='bbox 854 2817 1024 2878; x_wconf 86' lang='lat' dir='ltr'>Phocenses</span> <span class='ocrx_word' id='word_1_238' title='bbox 1034 2835 1069 2875; x_wconf 88' lang='lat' dir='ltr'>ea</span> <span class='ocrx_word' id='word_1_239' title='bbox 1079 2835 1145 2894; x_wconf 82' lang='lat' dir='ltr'>quae</span> <span class='ocrx_word' id='word_1_240' title='bbox 1156 2815 1293 2888; x_wconf 86' lang='lat' dir='ltr'>debeant,</span> 
     </span>
     <span class='ocr_line' id='line_1_27' title="bbox 189 2905 1294 2988; baseline 0.001 -23"><span class='ocrx_word' id='word_1_241' title='bbox 189 2924 249 2966; x_wconf 90' lang='lat' dir='ltr'>nec</span> <span class='ocrx_word' id='word_1_242' title='bbox 273 2905 533 2988; x_wconf 78' lang='lat' dir='ltr'>Amphictyonibus</span> <span class='ocrx_word' id='word_1_243' title='bbox 554 2908 695 2988; x_wconf 88' lang='lat' dir='ltr'>templum</span> <span class='ocrx_word' id='word_1_244' title='bbox 716 2908 897 2976; x_wconf 87' lang='lat' dir='ltr'>tradiderint,</span> <span class='ocrx_word' id='word_1_245' title='bbox 919 2908 1059 2988; x_wconf 88' lang='lat' dir='ltr'>populum</span> <span class='ocrx_word' id='word_1_246' title='bbox 1075 2906 1294 2967; x_wconf 78' lang='lat' dir='ltr'>Atheniensem</span> 
     </span>
     <span class='ocr_line' id='line_1_28' title="bbox 189 2998 1304 3081; baseline 0.003 -26"><span class='ocrx_word' id='word_1_247' title='bbox 189 2998 301 3072; x_wconf 77' lang='lat' dir='ltr'>auxilia</span> <span class='ocrx_word' id='word_1_248' title='bbox 313 3001 467 3074; x_wconf 87' lang='lat' dir='ltr'>missurum</span> <span class='ocrx_word' id='word_1_249' title='bbox 481 3010 586 3062; x_wconf 78' lang='lat' dir='ltr'>conus</span> <span class='ocrx_word' id='word_1_250' title='bbox 599 3021 661 3075; x_wconf 92' lang='lat' dir='ltr'>eos,</span> <span class='ocrx_word' id='word_1_251' title='bbox 674 3020 726 3081; x_wconf 90' lang='lat' dir='ltr'>per</span> <span class='ocrx_word' id='word_1_252' title='bbox 738 3020 814 3080; x_wconf 90' lang='lat' dir='ltr'>quos</span> <span class='ocrx_word' id='word_1_253' title='bbox 829 3010 898 3075; x_wconf 87' lang='lat' dir='ltr'>stet,</span> <span class='ocrx_word' id='word_1_254' title='bbox 911 3001 1080 3079; x_wconf 88' lang='lat' dir='ltr'>quominus</span> <span class='ocrx_word' id='word_1_255' title='bbox 1094 3019 1130 3060; x_wconf 88' lang='lat' dir='ltr'>ea</span> <span class='ocrx_word' id='word_1_256' title='bbox 1143 3001 1224 3058; x_wconf 87' lang='lat' dir='ltr'>fiant.</span> <span class='ocrx_word' id='word_1_257' title='bbox 1303 3041 1304 3048; x_wconf 57' lang='lat'>.</span> 
     </span>
     <span class='ocr_line' id='line_1_29' title="bbox 231 3092 1292 3172; baseline -0.002 -18"><span class='ocrx_word' id='word_1_258' title='bbox 231 3093 283 3154; x_wconf 92' lang='lat' dir='ltr'>·l8.</span> <span class='ocrx_word' id='word_1_259' title='bbox 306 3093 420 3172; x_wconf 90' lang='lat' dir='ltr'>ltaque,</span> <span class='ocrx_word' id='word_1_260' title='bbox 433 3095 638 3162; x_wconf 86' lang='lat' dir='ltr'>Athenienses,</span> <span class='ocrx_word' id='word_1_261' title='bbox 653 3094 736 3154; x_wconf 88' lang='lat' dir='ltr'>vobis</span> <span class='ocrx_word' id='word_1_262' title='bbox 751 3094 831 3154; x_wconf 90' lang='lat' dir='ltr'>domi</span> <span class='ocrx_word' id='word_1_263' title='bbox 845 3093 1029 3153; x_wconf 90' lang='lat' dir='ltr'>manentibus</span> <span class='ocrx_word' id='word_1_264' title='bbox 1040 3099 1070 3147; x_wconf 90' lang='lat' dir='ltr'>et</span> <span class='ocrx_word' id='word_1_265' title='bbox 1082 3108 1143 3148; x_wconf 91' lang='lat' dir='ltr'>non</span> <span class='ocrx_word' id='word_1_266' title='bbox 1157 3092 1292 3166; x_wconf 81' lang='lat' dir='ltr'>egressis,</span> 
     </span>
     <span class='ocr_line' id='line_1_30' title="bbox 183 3180 1296 3262; baseline 0.003 -21"><span class='ocrx_word' id='word_1_267' title='bbox 183 3191 224 3256; x_wconf 66' lang='lat' dir='ltr'>et</span> <span class='ocrx_word' id='word_1_268' title='bbox 235 3184 375 3262; x_wconf 79' lang='lat' dir='ltr'>regressis</span> <span class='ocrx_word' id='word_1_269' title='bbox 389 3185 622 3246; x_wconf 76' lang='lat' dir='ltr'>Lacedaemoniis</span> <span class='ocrx_word' id='word_1_270' title='bbox 636 3184 741 3248; x_wconf 78' lang='lat' dir='ltr'>fraude</span> <span class='ocrx_word' id='word_1_271' title='bbox 756 3185 969 3254; x_wconf 82' lang='lat' dir='ltr'>animadversa,</span> <span class='ocrx_word' id='word_1_272' title='bbox 983 3189 1014 3242; x_wconf 92' lang='lat' dir='ltr'>et</span> <span class='ocrx_word' id='word_1_273' title='bbox 1023 3180 1140 3240; x_wconf 90' lang='lat' dir='ltr'>nemine</span> <span class='ocrx_word' id='word_1_274' title='bbox 1154 3181 1212 3242; x_wconf 90' lang='lat' dir='ltr'>alio</span> <span class='ocrx_word' id='word_1_275' title='bbox 1222 3183 1296 3244; x_wconf 87' lang='lat' dir='ltr'>Am·</span> 
     </span>
     <span class='ocr_line' id='line_1_31' title="bbox 187 3271 1294 3354; baseline 0.006 -23"><span class='ocrx_word' id='word_1_276' title='bbox 187 3272 382 3354; x_wconf 83' lang='lat' dir='ltr'>phictyonum</span> <span class='ocrx_word' id='word_1_277' title='bbox 403 3287 546 3354; x_wconf 86' lang='lat' dir='ltr'>praesente</span> <span class='ocrx_word' id='word_1_278' title='bbox 559 3284 664 3354; x_wconf 81' lang='lat' dir='ltr'>praeter</span> <span class='ocrx_word' id='word_1_279' title='bbox 683 3271 842 3354; x_wconf 81' lang='lat' dir='ltr'>Thessalos</span> <span class='ocrx_word' id='word_1_280' title='bbox 857 3283 888 3334; x_wconf 93' lang='lat' dir='ltr'>et</span> <span class='ocrx_word' id='word_1_281' title='bbox 900 3273 1068 3347; x_wconf 87' lang='lat' dir='ltr'>Thebanos,</span> <span class='ocrx_word' id='word_1_282' title='bbox 1086 3272 1206 3335; x_wconf 87' lang='lat' dir='ltr'>minima</span> <span class='ocrx_word' id='word_1_283' title='bbox 1225 3295 1294 3338; x_wconf 86' lang='lat' dir='ltr'>cum</span> 
     </span>
     <span class='ocr_line' id='line_1_32' title="bbox 187 3364 1294 3448; baseline 0.004 -23"><span class='ocrx_word' id='word_1_284' title='bbox 187 3364 362 3438; x_wconf 84' lang='lat' dir='ltr'>offensione,</span> <span class='ocrx_word' id='word_1_285' title='bbox 382 3376 413 3426; x_wconf 93' lang='lat' dir='ltr'>et</span> <span class='ocrx_word' id='word_1_286' title='bbox 424 3367 623 3448; x_wconf 87' lang='lat' dir='ltr'>moderatione</span> <span class='ocrx_word' id='word_1_287' title='bbox 638 3385 752 3426; x_wconf 89' lang='lat' dir='ltr'>summa</span> <span class='ocrx_word' id='word_1_288' title='bbox 766 3365 890 3444; x_wconf 87' lang='lat' dir='ltr'>scripsit.</span> <span class='ocrx_word' id='word_1_289' title='bbox 905 3365 1048 3445; x_wconf 88' lang='lat' dir='ltr'>templum</span> <span class='ocrx_word' id='word_1_290' title='bbox 1066 3366 1124 3426; x_wconf 91' lang='lat' dir='ltr'>illis</span> <span class='ocrx_word' id='word_1_291' title='bbox 1146 3386 1212 3442; x_wconf 82' lang='lat' dir='ltr'>esse</span> <span class='ocrx_word' id='word_1_292' title='bbox 1232 3377 1294 3430; x_wconf 90' lang='lat' dir='ltr'>tra·</span> 
     </span>
     <span class='ocr_line' id='line_1_33' title="bbox 189 3457 1295 3541; baseline 0.003 -24"><span class='ocrx_word' id='word_1_293' title='bbox 189 3457 333 3532; x_wconf 89' lang='lat' dir='ltr'>dendum,</span> <span class='ocrx_word' id='word_1_294' title='bbox 348 3479 415 3520; x_wconf 91' lang='lat' dir='ltr'>cum</span> <span class='ocrx_word' id='word_1_295' title='bbox 428 3459 604 3541; x_wconf 76' lang='lat' dir='ltr'>uadendum</span> <span class='ocrx_word' id='word_1_296' title='bbox 616 3477 681 3519; x_wconf 84' lang='lat' dir='ltr'>esse</span> <span class='ocrx_word' id='word_1_297' title='bbox 697 3458 861 3537; x_wconf 89' lang='lat' dir='ltr'>scripsisset</span> <span class='ocrx_word' id='word_1_298' title='bbox 868 3458 1142 3538; x_wconf 86' lang='lat' dir='ltr'>Amphictyonibus.</span> <span class='ocrx_word' id='word_1_299' title='bbox 1159 3459 1295 3528; x_wconf 83' lang='lat' dir='ltr'>Quibusl</span> 
     </span>
     <span class='ocr_line' id='line_1_34' title="bbox 94 3549 1401 3630; baseline 0.002 -20"><span class='ocrx_word' id='word_1_300' title='bbox 94 3559 98 3564; x_wconf 83' lang='lat'><em>&#39;</em></span> <span class='ocrx_word' id='word_1_301' title='bbox 187 3568 289 3628; x_wconf 88' lang='lat' dir='ltr'>neque</span> <span class='ocrx_word' id='word_1_302' title='bbox 309 3552 384 3612; x_wconf 90' lang='lat' dir='ltr'>enim</span> <span class='ocrx_word' id='word_1_303' title='bbox 406 3562 489 3613; x_wconf 89' lang='lat' dir='ltr'>erant</span> <span class='ocrx_word' id='word_1_304' title='bbox 512 3551 551 3612; x_wconf 91' lang='lat' dir='ltr'>ibi</span> <span class='ocrx_word' id='word_1_305' title='bbox 574 3551 631 3624; x_wconf 80' lang='lat' dir='ltr'>alii,</span> <span class='ocrx_word' id='word_1_306' title='bbox 653 3569 741 3629; x_wconf 89' lang='lat' dir='ltr'>quam</span> <span class='ocrx_word' id='word_1_307' title='bbox 763 3549 893 3609; x_wconf 89' lang='lat' dir='ltr'>Thebani</span> <span class='ocrx_word' id='word_1_308' title='bbox 905 3560 935 3617; x_wconf 89' lang='lat' dir='ltr'>et</span> <span class='ocrx_word' id='word_1_309' title='bbox 949 3550 1093 3611; x_wconf 88' lang='lat' dir='ltr'>Thessali.</span> <span class='ocrx_word' id='word_1_310' title='bbox 1118 3552 1178 3611; x_wconf 89' lang='lat' dir='ltr'>Sed</span> <span class='ocrx_word' id='word_1_311' title='bbox 1197 3572 1292 3630; x_wconf 88' lang='lat' dir='ltr'>neque</span> <span class='ocrx_word' id='word_1_312' title='bbox 1391 3553 1401 3562; x_wconf 79' lang='grc'><em>“</em></span> 
     </span>
     <span class='ocr_line' id='line_1_35' title="bbox 187 3639 1291 3723; baseline 0.002 -21"><span class='ocrx_word' id='word_1_313' title='bbox 187 3643 348 3702; x_wconf 87' lang='lat' dir='ltr'>convocari</span> <span class='ocrx_word' id='word_1_314' title='bbox 361 3643 449 3723; x_wconf 89' lang='lat' dir='ltr'>jussit</span> <span class='ocrx_word' id='word_1_315' title='bbox 471 3641 712 3722; x_wconf 86' lang='lat' dir='ltr'>Amphictyones,</span> <span class='ocrx_word' id='word_1_316' title='bbox 735 3639 829 3723; x_wconf 80' lang='lat' dir='ltr'>neque</span> <span class='ocrx_word' id='word_1_317' title='bbox 851 3641 961 3702; x_wconf 84' lang='lat' dir='ltr'>differri</span> <span class='ocrx_word' id='word_1_318' title='bbox 980 3641 1050 3702; x_wconf 90' lang='lat' dir='ltr'>dum</span> <span class='ocrx_word' id='word_1_319' title='bbox 1072 3645 1291 3715; x_wconf 82' lang='lat' dir='ltr'>convenissent,</span> 
     </span>
     <span class='ocr_line' id='line_1_36' title="bbox 188 3733 1294 3815; baseline 0.006 -24"><span class='ocrx_word' id='word_1_320' title='bbox 188 3752 290 3810; x_wconf 86' lang='lat' dir='ltr'>neque</span> <span class='ocrx_word' id='word_1_321' title='bbox 304 3733 469 3794; x_wconf 85' lang='lat' dir='ltr'>Proxenum</span> <span class='ocrx_word' id='word_1_322' title='bbox 478 3736 554 3796; x_wconf 82' lang='lat' dir='ltr'>ferre</span> <span class='ocrx_word' id='word_1_323' title='bbox 567 3754 652 3814; x_wconf 90' lang='lat' dir='ltr'>opem</span> <span class='ocrx_word' id='word_1_324' title='bbox 667 3735 879 3807; x_wconf 88' lang='lat' dir='ltr'>Phocensibus,</span> <span class='ocrx_word' id='word_1_325' title='bbox 889 3755 986 3815; x_wconf 91' lang='lat' dir='ltr'>neque</span> <span class='ocrx_word' id='word_1_326' title='bbox 996 3735 1121 3796; x_wconf 87' lang='lat' dir='ltr'>educere</span> <span class='ocrx_word' id='word_1_327' title='bbox 1132 3735 1294 3798; x_wconf 84' lang='lat' dir='ltr'>exercitum</span> 
     </span>
     <span class='ocr_line' id='line_1_37' title="bbox 189 3825 1400 3907; baseline 0.001 -21"><span class='ocrx_word' id='word_1_328' title='bbox 189 3825 401 3901; x_wconf 85' lang='lat' dir='ltr'>Athenienses,</span> <span class='ocrx_word' id='word_1_329' title='bbox 412 3848 508 3905; x_wconf 88' lang='lat' dir='ltr'>neque</span> <span class='ocrx_word' id='word_1_330' title='bbox 527 3828 585 3887; x_wconf 78' lang='lat' dir='ltr'>tale</span> <span class='ocrx_word' id='word_1_331' title='bbox 600 3827 766 3907; x_wconf 85' lang='lat' dir='ltr'>quicquam.</span> <span class='ocrx_word' id='word_1_332' title='bbox 796 3827 875 3896; x_wconf 87' lang='lat' dir='ltr'>Quin</span> <span class='ocrx_word' id='word_1_333' title='bbox 889 3838 919 3888; x_wconf 92' lang='lat' dir='ltr'>et</span> <span class='ocrx_word' id='word_1_334' title='bbox 932 3829 1030 3889; x_wconf 89' lang='lat' dir='ltr'>literas</span> <span class='ocrx_word' id='word_1_335' title='bbox 1044 3825 1121 3886; x_wconf 87' lang='lat' dir='ltr'>misit</span> <span class='ocrx_word' id='word_1_336' title='bbox 1139 3825 1295 3906; x_wconf 87' lang='lat' dir='ltr'>Philippus</span> <span class='ocrx_word' id='word_1_337' title='bbox 1397 3855 1400 3861; x_wconf 93' lang='lat'>·</span> 
     </span>
     <span class='ocr_line' id='line_1_38' title="bbox 187 3917 1296 4000; baseline 0.001 -22"><span class='ocrx_word' id='word_1_338' title='bbox 187 3919 289 3989; x_wconf 87' lang='lat' dir='ltr'>binas,</span> <span class='ocrx_word' id='word_1_339' title='bbox 301 3940 367 3998; x_wconf 87' lang='lat' dir='ltr'>quae</span> <span class='ocrx_word' id='word_1_340' title='bbox 380 3923 597 3994; x_wconf 84' lang='lat' dir='ltr'>vocabantvos,</span> <span class='ocrx_word' id='word_1_341' title='bbox 608 3939 669 3984; x_wconf 88' lang='lat' dir='ltr'>non</span> <span class='ocrx_word' id='word_1_342' title='bbox 678 3930 712 3978; x_wconf 93' lang='lat' dir='ltr'>ut</span> <span class='ocrx_word' id='word_1_343' title='bbox 720 3919 849 3980; x_wconf 81' lang='lat' dir='ltr'>exiretis.</span> <span class='ocrx_word' id='word_1_344' title='bbox 874 3921 1078 4000; x_wconf 88' lang='lat' dir='ltr'>Nequaquam.</span> <span class='ocrx_word' id='word_1_345' title='bbox 1102 3917 1206 3994; x_wconf 89' lang='lat' dir='ltr'>Neque</span> <span class='ocrx_word' id='word_1_346' title='bbox 1217 3920 1296 3994; x_wconf 87' lang='lat' dir='ltr'>enim</span> 
     </span>
     <span class='ocr_line' id='line_1_39' title="bbox 188 4009 1295 4092; baseline 0 -20"><span class='ocrx_word' id='word_1_347' title='bbox 188 4009 323 4092; x_wconf 86' lang='lat' dir='ltr'>spatium</span> <span class='ocrx_word' id='word_1_348' title='bbox 337 4011 514 4082; x_wconf 88' lang='lat' dir='ltr'>sustulisset,</span> <span class='ocrx_word' id='word_1_349' title='bbox 533 4031 592 4090; x_wconf 91' lang='lat' dir='ltr'>quo</span> <span class='ocrx_word' id='word_1_350' title='bbox 604 4012 685 4071; x_wconf 88' lang='lat' dir='ltr'>exire</span> <span class='ocrx_word' id='word_1_351' title='bbox 699 4013 878 4090; x_wconf 89' lang='lat' dir='ltr'>potuissetis,</span> <span class='ocrx_word' id='word_1_352' title='bbox 892 4020 923 4071; x_wconf 93' lang='lat' dir='ltr'>et</span> <span class='ocrx_word' id='word_1_353' title='bbox 935 4022 998 4070; x_wconf 90' lang='lat' dir='ltr'>tum</span> <span class='ocrx_word' id='word_1_354' title='bbox 1017 4009 1134 4088; x_wconf 83' lang='lat' dir='ltr'>demum</span> <span class='ocrx_word' id='word_1_355' title='bbox 1148 4021 1295 4090; x_wconf 85' lang='lat' dir='ltr'>vocasset,</span> 
     </span>
     <span class='ocr_line' id='line_1_40' title="bbox 149 4101 1297 4188; baseline -0.002 -23"><span class='ocrx_word' id='word_1_356' title='bbox 149 4175 159 4188; x_wconf 45' lang='grc'><em>,</em></span> <span class='ocrx_word' id='word_1_357' title='bbox 183 4122 289 4180; x_wconf 87' lang='lat' dir='ltr'>neque</span> <span class='ocrx_word' id='word_1_358' title='bbox 302 4123 348 4165; x_wconf 88' lang='lat' dir='ltr'>me</span> <span class='ocrx_word' id='word_1_359' title='bbox 362 4103 422 4164; x_wconf 92' lang='lat' dir='ltr'>huc</span> <span class='ocrx_word' id='word_1_360' title='bbox 435 4103 639 4182; x_wconf 85' lang='lat' dir='ltr'>navigaturum</span> <span class='ocrx_word' id='word_1_361' title='bbox 654 4104 835 4174; x_wconf 84' lang='lat' dir='ltr'>detinuisset,</span> <span class='ocrx_word' id='word_1_362' title='bbox 851 4109 947 4181; x_wconf 87' lang='lat' dir='ltr'>neque</span> <span class='ocrx_word' id='word_1_363' title='bbox 969 4101 1039 4162; x_wconf 88' lang='lat' dir='ltr'>talia</span> <span class='ocrx_word' id='word_1_364' title='bbox 1053 4102 1141 4161; x_wconf 90' lang='lat' dir='ltr'>istum</span> <span class='ocrx_word' id='word_1_365' title='bbox 1150 4105 1240 4181; x_wconf 78' lang='lat' dir='ltr'>verba</span> <span class='ocrx_word' id='word_1_366' title='bbox 1253 4103 1297 4163; x_wconf 80' lang='lat' dir='ltr'>ia·</span> 
     </span>
     <span class='ocr_line' id='line_1_41' title="bbox 185 4192 1296 4276; baseline -0.002 -21"><span class='ocrx_word' id='word_1_367' title='bbox 185 4213 263 4264; x_wconf 86' lang='lat' dir='ltr'>cere</span> <span class='ocrx_word' id='word_1_368' title='bbox 273 4192 422 4272; x_wconf 83' lang='lat' dir='ltr'>jussisset,</span> <span class='ocrx_word' id='word_1_369' title='bbox 431 4196 536 4276; x_wconf 87' lang='lat' dir='ltr'>quibus</span> <span class='ocrx_word' id='word_1_370' title='bbox 547 4195 668 4256; x_wconf 88' lang='lat' dir='ltr'>adducti</span> <span class='ocrx_word' id='word_1_371' title='bbox 682 4217 734 4256; x_wconf 92' lang='lat' dir='ltr'>vos</span> <span class='ocrx_word' id='word_1_372' title='bbox 746 4197 863 4254; x_wconf 86' lang='lat' dir='ltr'>minime</span> <span class='ocrx_word' id='word_1_373' title='bbox 874 4194 980 4254; x_wconf 88' lang='lat' dir='ltr'>exituri</span> <span class='ocrx_word' id='word_1_374' title='bbox 993 4195 1099 4254; x_wconf 89' lang='lat' dir='ltr'>eratis:</span> <span class='ocrx_word' id='word_1_375' title='bbox 1122 4196 1175 4255; x_wconf 92' lang='lat' dir='ltr'>sed</span> <span class='ocrx_word' id='word_1_376' title='bbox 1189 4196 1219 4254; x_wconf 94' lang='lat' dir='ltr'>id</span> <span class='ocrx_word' id='word_1_377' title='bbox 1230 4215 1296 4273; x_wconf 92' lang='lat' dir='ltr'>spe·</span> 
     </span>
     <span class='ocr_line' id='line_1_42' title="bbox 182 4284 1334 4368; baseline -0.007 -17"><span class='ocrx_word' id='word_1_378' title='bbox 182 4287 295 4358; x_wconf 85' lang='lat' dir='ltr'>ctavit,</span> <span class='ocrx_word' id='word_1_379' title='bbox 310 4297 344 4348; x_wconf 92' lang='lat' dir='ltr'>ut</span> <span class='ocrx_word' id='word_1_380' title='bbox 366 4309 431 4360; x_wconf 86' lang='lat' dir='ltr'>vos,</span> <span class='ocrx_word' id='word_1_381' title='bbox 444 4298 583 4368; x_wconf 87' lang='lat' dir='ltr'>putantes</span> <span class='ocrx_word' id='word_1_382' title='bbox 597 4309 664 4348; x_wconf 90' lang='lat' dir='ltr'>eum</span> <span class='ocrx_word' id='word_1_383' title='bbox 679 4289 824 4348; x_wconf 85' lang='lat' dir='ltr'>facturum</span> <span class='ocrx_word' id='word_1_384' title='bbox 838 4303 903 4364; x_wconf 82' lang='lat' dir='ltr'>quae</span> <span class='ocrx_word' id='word_1_385' title='bbox 918 4284 1043 4361; x_wconf 82' lang='lat' dir='ltr'>velletis,</span> <span class='ocrx_word' id='word_1_386' title='bbox 1056 4286 1128 4346; x_wconf 92' lang='lat' dir='ltr'>nihil</span> <span class='ocrx_word' id='word_1_387' title='bbox 1142 4288 1169 4354; x_wconf 85' lang='lat' dir='ltr'>ei</span> <span class='ocrx_word' id='word_1_388' title='bbox 1182 4295 1297 4346; x_wconf 88' lang='lat' dir='ltr'>contra·</span> <span class='ocrx_word' id='word_1_389' title='bbox 1333 4308 1334 4312; x_wconf 44' lang='lat'>¹</span> 
     </span>
     <span class='ocr_line' id='line_1_43' title="bbox 181 4377 1296 4468; baseline -0.008 -22"><span class='ocrx_word' id='word_1_390' title='bbox 181 4383 268 4446; x_wconf 88' lang='lat' dir='ltr'>rium</span> <span class='ocrx_word' id='word_1_391' title='bbox 289 4380 495 4467; x_wconf 77' lang='lat' dir='ltr'>decerneretis,</span> <span class='ocrx_word' id='word_1_392' title='bbox 511 4390 542 4444; x_wconf 91' lang='lat' dir='ltr'>et</span> <span class='ocrx_word' id='word_1_393' title='bbox 556 4381 725 4447; x_wconf 88' lang='lat' dir='ltr'>Phocenses</span> <span class='ocrx_word' id='word_1_394' title='bbox 739 4380 795 4442; x_wconf 83' lang='lat' dir='ltr'>vim</span> <span class='ocrx_word' id='word_1_395' title='bbox 810 4399 870 4457; x_wconf 86' lang='lat' dir='ltr'>non</span> <span class='ocrx_word' id='word_1_396' title='bbox 884 4379 1097 4461; x_wconf 76' lang='lat' dir='ltr'>propulsarent,</span> <span class='ocrx_word' id='word_1_397' title='bbox 1112 4377 1296 4468; x_wconf 62' lang='lat' dir='ltr'>nequeresi-</span> 
     </span>
    </p>
   </div>
   <div class='ocr_carea' id='block_1_5' title="bbox 0 0 1487 4954">
    <p class='ocr_par' dir='ltr' id='par_1_8' title="bbox 0 0 1487 4954">
     <span class='ocr_line' id='line_1_44' title="bbox 0 0 1487 4954; baseline 0 0"><span class='ocrx_word' id='word_1_398' title='bbox 0 0 1487 4954; x_wconf 95' lang='lat' dir='ltr'> </span> 
     </span>
    </p>
   </div>
  </div>
 </body>
</html>
