2948 4954
216 287 273 360 198
301 283 304 286 ’
633 295 689 364 DE
708 296 892 365 CORONA

215 424 282 504 quis
296 425 342 486 uel
354 441 433 492 nune
446 424 573 504 denique
586 424 690 490 melius
711 425 821 504 aliquid
840 423 933 506 possit
952 428 1115 496 ostendere.
1129 435 1182 490 aut
1199 427 1225 487 si
1239 427 1310 506 quid

208 507 333 578 omnino
347 516 426 576 aliud
440 519 522 596 sequi
535 517 618 577 licuit
639 527 834 598 praeterquam
855 538 892 579 ea
913 537 981 598 quse
999 519 1097 600 deligi,
1110 537 1250 598 peccasse
1264 537 1311 580 me

214 611 363 670 confitear.
406 609 437 669 Si
451 609 521 689 quid
532 611 608 668 enim
624 610 758 690 estquod
771 631 849 677 nuno
861 611 1013 691 quisquam
1025 613 1205 692 profuturum
1219 613 1311 673 fuisse

213 701 321 774 videat,
335 701 359 760 si
373 712 444 768 tune
454 701 559 761 suisset
572 703 691 774 factum,
706 703 737 761 id
746 724 801 782 ego
812 723 858 763 me
871 703 936 762 dico
947 724 1004 764 non
1015 704 1150 764 debuisse
1160 686 1308 788 ignorare:

213 793 258 859 sin
272 814 366 872 neque
380 804 426 860 est
440 814 533 873 neque
543 794 609 860 -iuit
621 815 715 874 neque
730 795 856 874 proferre
869 797 1023 876 quisquam
1037 816 1074 856 ne
1088 797 1174 856 hodie
1188 799 1308 875 quidem

212 887 316 967 possit,
332 887 402 966 quid
416 907 481 954 eum
494 887 546 966 qui
558 887 814 948 consiliumdabat
825 889 922 949 lacere
936 890 1112 968 oportebat?
1132 888 1191 949 non
1204 911 1305 950 eorum

211 1000 276 1059 qnae
300 981 330 1038 in
350 989 484 1059 promptu
508 989 595 1057 atque
617 979 648 1038 in
664 989 811 1059 potestate
825 991 906 1040 erant
921 983 1030 1062 optima
1044 981 1195 1060 deligere?
1238 982 1305 1042 Hoc

210 1073 297 1154 igitur
306 1091 361 1152 ego
370 1071 581 1152 feci,praecone
595 1073 800 1151 interrogante,
809 1073 957 1147 AEsohine,
971 1075 1052 1153 quis
1074 1074 1305 1134 concionari

209 1167 305 1240 vult,
326 1186 385 1226 uon
405 1167 493 1246 quis
515 1159 567 1227 ¹de
597 1165 821 1246 praeteritis
847 1183 1053 1240 accusare,
1074 1178 1124 1231 eut
1145 1167 1235 1246 quis
1257 1166 1304 1238 de

208 1259 363 1324 tuturis
385 1277 620 1336 sponsorem
639 1258 735 1320 fieri.
777 1258 822 1318 Te
837 1268 936 1322 autem
950 1270 1031 1322 rnuto
1050 1261 1226 1338 temporibus
1247 1260 1303 1323 illis
1379 1322 1381 1334 ,

206 1353 236 1410 in
261 1351 452 1412 concionibus
477 1351 608 1420 sedente,
632 1370 688 1428 ego
711 1351 864 1429 prodibam
880 1359 919 1411 'et
947 1352 1150 1412 concionabar.
1191 1351 1302 1411 Verum

136 1501 138 1506 ,
206 1445 344 1523 quoniam
366 1444 397 1503 id
418 1455 480 1503 tum
501 1465 560 1504 nou
564 1443 676 1523 fecisti,
691 1462 770 1504 nunc
784 1445 887 1504 saltem
903 1446 1035 1506 ostende.
1078 1446 1144 1518 Die,
1159 1445 1301 1522 quae'ora·

205 1538 257 1614 tio,
272 1557 360 1618 quarn
381 1557 427 1596 me
448 1537 614 1620 excogitare
635 1538 814 1608 convenerit,
837 1558 903 1616 quoe
924 1539 993 1617 reip.
1009 1537 1085 1597 utilis
1100 1537 1300 1624 opportunitas

206 1651 283 1698 ome
297 1632 353 1700 luit
364 1629 576 1711 praetermissa?
596 1650 663 1707 quae
685 1632 821 1703 sociatae,
835 1651 900 1708 quae
922 1633 1009 1704 nebo,
1034 1632 1072 1692 ad
1094 1651 1181 1710 quarn
1204 1634 1300 1711 potius

204 1725 264 1785 hoe
273 1726 430 1805 perducere
441 1745 487 1783 me
500 1723 682 1803 oportueriti

245 1823 294 1878 57.
316 1819 406 1898 Atqui
429 1819 574 1897 praeterita
587 1820 624 1876 ab
638 1818 771 1877 omnibus
790 1837 905 1900 semper
924 1819 1121 1898 negliguntur,
1145 1839 1240 1900 neque
1260 1821 1296 1880 de

203 1912 238 1974 iis
261 1912 413 1996 quisquam
437 1931 561 1990 usquam
586 1911 820 1971 deliberationem
844 1911 984 1972 instituit:
1006 1911 1104 1972 lutura.
1127 1923 1225 1972 autem
1249 1922 1299 1972 aut

204 2003 359 2085 praesentia
370 2003 527 2084 consiliarii
537 2014 633 2082 partes
647 2004 806 2084 requirunt.
848 2005 893 2064 Eo
907 2005 993 2084 igitur
1006 2015 1135 2084 tempore
1150 2004 1296 2074 calamita·

203 2108 266 2162 tum
280 2097 353 2170 etia,
367 2107 399 2160 ut
413 2099 581 2176 apparebat,
595 2097 701 2162 fatue
716 2099 885 2170 etaetatis
901 2103 961 2174 jam
975 2099 1131 2176 urgebant,
1146 2099 1176 2159 in
1191 2098 1296 2177 quibus

202 2210 299 2250 meum
319 2191 350 2249 in
375 2209 437 2268 rep.
459 2189 688 2254 administranda
709 2190 874 2249 institutum
891 2201 1005 2269 speetu,
1025 2209 1085 2258 non
1100 2199 1204 2250 eventa
1217 2190 1297 2253 calu-

202 2284 321 2350 mniare.
364 2282 499 2363 Namque
513 2283 606 2342 exitus
621 2301 716 2341 rerum
730 2282 1125 2362 omnium,quemadmodnrn
1136 2283 1193 2342 deo
1201 2282 1295 2357 libuit,

201 2380 378 2460 perducitur,
391 2379 544 2440 consilium
559 2390 655 2440 autem
675 2390 704 2440 et
725 2382 913 2460 propositum,
924 2381 954 2439 id
968 2399 1035 2440 vero
1046 2379 1200 2439 consiliarii
1214 2402 1295 2440 men-

201 2463 260 2550 tera
274 2473 415 2534 declarat.
456 2472 554 2542 Quare
568 2493 604 2532 ne
618 2473 687 2534 mihi
699 2473 775 2534 hane
784 2471 905 2552 culpam
919 2473 1022 2545 tribue,
1032 2473 1056 2531 si
1072 2472 1101 2535 in
1115 2473 1177 2540 acie
1190 2473 1293 2534 vicisse

200 2568 325 2645 contigit
339 2565 491 2644 Philippo:
513 2566 543 2623 in
556 2565 612 2626 deu
622 2567 699 2626 enirn
713 2567 789 2626 illius
803 2567 892 2646 prelii
906 2567 1001 2630 exitus
1014 2565 1126 2645 positus
1146 2578 1219 2639 erat,
1234 2588 1292 2630 non

200 2660 229 2718 in
245 2676 310 2718 me:
332 2658 386 2717 sed
396 2677 442 2715 me
456 2668 507 2716 aut
522 2677 581 2716 non
596 2659 702 2731 omnia,
718 2678 784 2736 quae
802 2659 931 2719 humano
951 2659 1073 2718 consilio
1086 2660 1230 2738 provideri
1241 2679 1292 2739 po·

199 2762 306 2824 terant,
320 2749 476 2827 delegisse,
490 2759 520 2808 et
532 2761 611 2810 recte
625 2751 688 2810 haeo
705 2751 857 2830 diligenter
878 2763 908 2812 et
931 2753 1074 2812 laboriose
1097 2753 1184 2812 etiarn
1204 2773 1293 2832 supra

200 2846 276 2906 vires
294 2841 453 2927 peregisse,
464 2850 515 2906 aut
527 2862 572 2901 res
587 2843 682 2905 minus
698 2844 836 2904 honestas
853 2865 888 2914 ac
898 2847 1014 2905 civitate
1028 2845 1162 2926 indignas
1175 2845 1291 2906 institu-

199 2938 258 3004 isse
278 2934 454 3012 minimeque
472 2937 664 3010 necessarias,
688 2937 752 3000 hee
776 2937 846 2998 mihi
868 2939 1002 3010 ostende,
1026 2949 1057 2998 et
1078 2949 1149 2998 tunc
1165 2939 1290 3020 denique

198 3049 246 3089 me
260 3029 370 3089 incuss.
413 3027 464 3096 ¹Sin
477 3038 573 3086 sutem
593 3029 729 3106 procellae
743 3029 820 3088 illius
835 3049 902 3108 ques
917 3040 979 3090 tum
994 3040 1094 3096 coorta
1107 3031 1218 3110 ostris,
1232 3052 1291 3097 non

198 3141 252 3182 nos
267 3123 372 3194 solum,
384 3139 482 3179 verum
498 3121 585 3178 etiam
595 3121 721 3200 reliquos
735 3135 835 3181 ornnes
848 3121 972 3182 Graecos
985 3123 1112 3202 perculit
1125 3134 1155 3183 et
1169 3143 1290 3203 supera-

121 3271 124 3280 ,
197 3214 249 3282 vit,
265 3213 336 3290 quid
351 3213 429 3272 facto
454 3231 531 3291 opus
541 3212 610 3271 esti
632 3235 715 3292 egone
729 3217 894 3274 accusandus
909 3215 989 3274 rum?
1030 3217 1071 3275 Ut
1086 3218 1188 3296 siquis
1208 3221 1290 3278 nari·

197 3305 339 3372 celarium
351 3305 400 3383 qui
411 3306 509 3377 omnia
523 3325 590 3384 quse
610 3307 649 3366 ad
668 3307 791 3369 salutern
809 3309 987 3387 pertinerent
1004 3308 1131 3383 iecisset,
1145 3312 1290 3392 rebusque

196 3399 331 3459 omnibus
349 3399 531 3461 instruxisset
548 3401 704 3480 mvlginm,
719 3401 824 3480 quibus
841 3402 871 3464 id
889 3403 995 3464 serrari
1015 3423 1104 3481 posse
1121 3405 1289 3478 confideret,

196 3501 300 3572 postea
317 3499 488 3569 tempestate
501 3493 711 3569 conflictatum,
726 3506 756 3554 st
772 3495 975 3556 fatiscentibus
990 3496 1016 3558 ei
1030 3499 1111 3558 navis
1125 3519 1288 3562 ermamen-

195 3587 234 3644 tis
255 3588 307 3644 sut
319 3601 436 3662 prorsus
458 3584 544 3642 etiam
564 3587 730 3661 minitantis,
743 3588 1023 3666 naufragiiaeousst.
1065 3591 1139 3650 Sed
1162 3613 1288 3672 neque

196 3697 329 3738 navem
352 3675 633 3754 gubernabam,
654 3679 1063 3758 dicatille,qnemadmodum
1073 3686 1288 3762 usqueesersis

195 3769 504 3844 tumduuebsmego,
535 3787 664 3848 neque
697 3771 872 3832 fortunus
907 3774 1157 3846 dominabor.
1189 3778 1286 3856 quin

148 3921 152 3932 ,
194 3865 269 3926 illa
287 3861 482 3923 amnibus.
527 3863 636 3921 Verum
651 3863 724 3922 illud
738 3865 805 3924 milii
821 3865 886 3925 ride
898 3879 929 3926 et
941 3867 1103 3931 considera,
1145 3869 1286 3942 ainosis.

193 3955 340 4014 Thebanis
361 3955 515 4015 nobiscum
538 3956 569 4014 in
594 3955 654 4014 acie
675 3957 829 4031 stantibus,
849 3960 895 4019 ita
915 3979 976 4018 rem
991 3980 1092 4040 gerere
1107 3961 1196 4026 beate
1211 3975 1286 4041 eret,

192 4047 264 4127 quid
275 4047 506 4125 exspectandum
520 4049 584 4118 fuit,
596 4048 624 4108 si
643 4048 700 4108 bns
715 4051 810 4110 socios
833 4071 891 4110 nnn
916 4051 1101 4125 haberemus,
1113 4056 1167 4116 sed
1183 4057 1207 4116 ii
1220 4077 1286 4122 sess

193 4158 260 4200 eum
270 4138 403 4216 Philippo
416 4141 645 4215 subjunxissent,
662 4141 741 4219 quod
760 4151 793 4200 ut
803 4142 888 4202 fieret
900 4145 1073 4206 omnimodis
1086 4156 1149 4208 bum
1158 4135 1292 4214 tltersn'

191 4233 237 4292 bis
251 4230 424 4294 laborabat?
436 4225 442 4236 ““
465 4232 502 4292 Et
517 4233 541 4292 si
555 4252 634 4294 nunc
649 4233 736 4294 tridui
749 4233 850 4301 itinere
861 4237 898 4296 ab
908 4236 1008 4298 Attica
1020 4239 1121 4317 pr'reiio
1130 4241 1286 4306 omnim·

192 4335 396 4392 tmassterror
408 4335 578 4406 tentumque
599 4329 761 4409 periculum
785 4332 932 4393 civitatens
954 4332 1177 4414 incessitque,
1191 4336 1285 4406 sicubi

190 4421 221 4482 in
248 4419 366 4498 regione
390 4427 491 4486 mire
511 4420 612 4480 sedern
634 4422 733 4484 eludes
756 4423 923 4498 recidisset,
945 4428 1175 4506 exspectandum
1194 4428 1284 4492 »nobis
