2886 4946
515 342 830 430 rnvurrrcrrv.
895 399 900 405 .
1169 347 1228 413 roo

92 566 94 574 ,
126 499 339 584 proPlrilippn
380 501 624 584 ltequeistomn
643 503 1053 590 aliqniemenilicipropests
1069 506 1227 585 iactixsttnt

123 593 247 666 divitosr
261 615 300 654 ex
309 595 488 676 ignobilibus
498 605 530 658 et
541 598 686 673 obscuris,
696 598 769 658 clari
782 609 871 679 etque
881 601 1030 662 illustres:
1045 615 1098 661 tos
1109 611 1224 674 contra,

124 685 242 748 colaris
256 688 386 762 obsemi
407 709 425 749 e
444 689 640 770 locupletibus
663 689 804 770 egentes:
824 709 893 752 nam
917 692 1085 774 reipublice
1106 692 1226 772 quidem

121 798 193 860 opes
208 801 267 862 ego
278 798 346 843 esse
359 782 505 858 existimo,
518 783 624 857 socios,
640 783 741 857 tidem,
760 786 1004 859 benevolentiam,
1026 781 1153 866 quornm
1167 778 1227 848 ¹vos

121 874 255 934 omnium
269 875 341 936 estis
355 876 478 956 inoposr
497 876 650 957 quosquis.
661 877 823 958 negligitis,
839 889 871 940 et
883 879 921 938 sd
934 880 1022 938 istum
1042 873 1164 938 modurn
1177 871 1224 942 'rot

119 965 189 1041 ferri
202 967 310 1042 sinitis,
329 969 432 1031 ut'ille
445 971 549 1032 beatus
563 971 593 1030 'et
606 987 731 1050 mugnus
754 980 786 1031 st
797 960 1005 1032 formidolosus
1022 983 1070 1032 est
1088 973 1224 1031 omnibus

121 1056 238 1120 Gmeeis
257 1069 291 1122 et
310 1062 460 1132 barbanu
482 1061 525 1124 ita
543 1082 595 1124 vos
614 1063 723 1124 deserti
742 1073 777 1124 'et
801 1063 934 1140 humiles,
956 1081 1053 1124 rerum
1076 1064 1224 1125 venalium

119 1155 257 1214 ubertate
272 1154 429 1235 splendidi,
444 1175 547 1218 eorum
559 1167 701 1238 apparete
715 1177 782 1236 qum
795 1155 870 1238 'opns
883 1167 966 1218 erent
977 1155 1103 1218 ridiculi.

162 1248 212 1306 17.
242 1246 314 1314 Non
341 1259 439 1309 autem
466 1249 570 1310 eodem
596 1250 687 1310 rnodo
708 1249 791 1310 vobis
815 1259 846 1310 et
868 1250 1053 1332 sibimetipsis
1077 1250 1223 1332 quosdam

117 1348 254 1399 oratores
274 1341 428 1402 consulere
449 1341 553 1402 video:
574 1343 657 1402 vobis
681 1341 759 1402 enirn
784 1340 995 1420 quiescendum
1019 1362 1085 1403 esse
1110 1342 1223 1416 dicunt,

118 1432 235 1492 etiamsi
245 1434 393 1495 violemini
405 1459 414 1506 ;
433 1435 489 1515 ipsi
501 1454 571 1496 vcro
582 1435 660 1514 opud
669 1455 719 1497 vos
726 1435 881 1514 ‘quiescere
893 1455 952 1496 non
961 1448 1095 1516 possunt,
1105 1437 1224 1498 tametsi

118 1545 207 1586 nemo
221 1525 264 1586 eis
278 1527 412 1608 injuriam
426 1527 525 1612 iaciat.
567 1530 744 1610 Quanquam
758 1529 781 1589 si
795 1529 859 1608 quis
875 1529 949 1590 citra
958 1529 1121 1590 convicium
1130 1539 1223 1610 roget,

120 1617 177 1680 Dic
192 1619 277 1693 mihi,
291 1623 491 1699 quamobrem,
508 1642 576 1682 cum
597 1623 780 1702 exploratum
799 1623 920 1697 babeas,
935 1623 1223 1698 Aristodeme,-ne-

118 1731 168 1772 mo
182 1713 265 1772 enim
277 1713 348 1774 talia
358 1714 559 1794 ignorat—ut
572 1717 749 1796 privatorum
761 1715 911 1776 bominum
924 1717 1012 1777 vitam
1034 1736 1110 1791 esse,
1130 1727 1225 1778 tutam

119 1815 149 1864 et
162 1805 293 1866 otiosam
315 1816 345 1866 et
357 1817 441 1867 extra
453 1807 613 1888 periculum
627 1809 752 1890 positam
764 1831 773 1878 ς
794 1808 838 1868 sic
851 1829 951 1869 eorum
964 1811 1015 1888 qui
1027 1820 1181 1870 versantur
1195 1812 1225 1870 in

118 1897 284 1977 republica,
297 1887 544 1960 criminationibus
558 1902 714 1986 obnoxiam
735 1913 766 1963 et
788 1902 930 1963 lubricam
944 1913 974 1962 et
988 1901 1224 1982 quotidianorum

119 1991 317 2053 certaminum
331 1992 514 2053 etmalorum
528 1994 657 2076 plenem,
671 2015 731 2055 non
745 1999 874 2076 quietam
889 2005 920 2056 et
933 1995 1067 2068 obesam,
1082 1996 1134 2058 sed
1148 1996 1224 2075 peri·

120 2084 268 2158 culosam,
279 2085 485 2164 amplecteris?
506 2086 577 2166 quid
588 2089 785 2166 respondeas?
827 2088 962 2161 Nam-si,
984 2089 1063 2166 quod
1083 2090 1224 2168 optimum

121 2175 221 2237 dicere
235 2196 351 2256 posses,
365 2177 397 2237 id
410 2189 439 2239 te
450 2199 518 2239 vere
532 2179 627 2246 dicere
641 2182 880 2254 concederemus,
901 2189 931 2240 te
948 2179 1066 2240 honoris
1080 2191 1110 2241 et
1123 2175 1223 2260 gloriae
1278 2219 1284 2230 x

120 2271 221 2332 studio
236 2270 296 2331 ista
315 2271 413 2332 facere
431 2273 541 2348 omnia,
563 2273 687 2334 demiror
706 2275 852 2354 equidem,
866 2293 919 2333 cur
932 2274 983 2333 tibi
997 2273 1119 2333 istorum
1133 2294 1223 2336 causa

120 2365 259 2425 facienda
269 2385 336 2427 esse
346 2366 444 2426 omnia
457 2387 695 2446 censeamusque
708 2367 801 2426 ullum
811 2367 858 2428 vel
866 2367 995 2426 laborem
1006 2365 1052 2427 vel
1062 2367 1223 2447 periculum

120 2458 320 2518 recusandum
331 2479 339 2528 ;
361 2459 474 2538 reipub.
485 2470 582 2519 autem
597 2461 637 2519 sis
652 2461 762 2532 auctor,
774 2459 840 2520 hoec
853 2479 905 2538 per
916 2458 1087 2519 socordiam.
1095 2468 1128 2519 ut
1139 2461 1225 2520 amit-

124 2548 191 2609 tati
231 2549 335 2631 Neque
349 2551 427 2610 enim
440 2551 513 2612 illud
530 2553 620 2626 dices,
634 2562 663 2612 te
685 2564 819 2632 oportere
840 2553 870 2611 in
895 2551 996 2630 repub.
1018 2570 1084 2611 esse
1105 2554 1223 2632 conspif

122 2662 224 2716 cuum,
234 2643 348 2723 reipub.
358 2643 469 2704 nullam
477 2664 542 2704 esse
554 2657 689 2724 oportere
697 2645 777 2725 opud
788 2645 910 2708 Graecos
920 2644 1102 2722 dignitatern.
1144 2645 1224 2711 Quin

108 2746 177 2796 'nec
192 2737 267 2796 illud
281 2737 378 2808 video,
393 2738 504 2818 reipub.
518 2747 614 2797 tutum
628 2758 693 2798 esse
707 2747 791 2798 suuni
803 2756 889 2817 agere
911 2737 1069 2814 negotium,
1083 2738 1136 2797 tibi
1147 2739 1224 2818 peri-

120 2830 307 2899 culosum,·si
322 2829 414 2889 nihilo
426 2831 529 2910 magis,
541 2849 629 2910 quom
642 2832 701 2903 alii,
719 2831 849 2891 curiosus
863 2830 914 2891 sis.
956 2831 1019 2889 lmo
1032 2840 1149 2898 contra3
1171 2832 1225 2891 tibi

121 2943 159 2983 ex
171 2923 261 2983 factis
276 2923 333 2983 tuis
344 2933 375 2982 et
388 2923 557 2982 curiositate
572 2933 701 2984 extrema
714 2922 882 3002 impendere
901 2922 1038 3000 pericula,
1047 2978 1051 2986 ,
1061 2922 1172 3001 reipub.
1187 2945 1223 2983 ex

121 3015 194 3076 otio.
237 3015 411 3074 Athercule
425 3024 469 3075 est
488 3015 539 3074 tibi
562 3015 640 3074 avita
663 3025 694 3074 et
714 3015 809 3094 patria
831 3015 931 3092 gloria,
955 3033 1043 3092 quam
1066 3015 1223 3095 tibi-turpe

121 3109 210 3170 inerit
224 3109 368 3168 amittere.
409 3107 590 3188 Reipublicae
603 3128 673 3168 vero
688 3108 786 3168 omnin
800 3109 923 3167 obscura
936 3119 966 3166 et
978 3106 1118 3184 ignobilia
1131 3126 1149 3166 a
1163 3129 1224 3168 ma-

116 3203 234 3284 joribus
249 3200 450 3260 devenerunt?
491 3201 551 3260 Sed
570 3220 608 3259 ne
632 3201 690 3261 hoc
703 3200 820 3281 quidem
843 3201 884 3260 ito
908 3220 940 3258 sc
963 3198 1068 3257 habet:
1090 3219 1156 3259 nam
1172 3201 1225 3261 tibi

120 3295 246 3374 quidem
260 3294 307 3353 inr
317 3304 402 3373 pater
416 3291 481 3366 suit,
497 3292 522 3353 si
535 3295 578 3354 tui
591 3294 647 3354 fuit
661 3293 781 3362 similis;
803 3293 873 3372 reip.
889 3311 959 3352 vero
973 3301 1080 3350 nostrae
1095 3295 1225 3369 q'usmodi

119 3389 358 3468 mojanacense
373 3406 475 3446 omnes
489 3375 721 3460 nbrunt'Graeci,
733 3387 810 3446 biso
826 3385 957 3464 maximis
972 3383 1107 3464 periculis
1120 3399 1147 3444 'a
1170 3380 1223 3466 pa'-

119 3482 214 3542 tribus
229 3479 338 3540 nostris
352 3479 452 3560 erepti.
496 3479 558 3539 Sed
571 3499 630 3540 non
644 3497 731 3558 aequa
745 3477 922 3548 conditione,
941 3487 997 3536 nec
1015 3475 1137 3536 civiliter
1150 3498 1224 3538 non-

25 3625 29 3638 ,
120 3573 195 3634 nulli
210 3591 283 3632 suas
297 3571 422 3632 rationes
439 3578 471 3630 et‘
483 3571 616 3652 publicas
627 3580 863 3652 persequuntur:
885 3569 935 3647 qui
949 3569 1027 3630 enim
1042 3589 1157 3648 aequum
1168 3581 1224 3643 est,

118 3668 248 3726 istorum
269 3665 414 3744 quosdam
427 3684 444 3724 e
458 3681 578 3725 carcere
592 3683 773 3744 progressos,
788 3663 960 3742 semetipsos
974 3661 1126 3741 ignorum
1148 3683 1223 3722 rem-

118 3765 192 3843 pub.
209 3756 409 3841 antem,'quae
433 3760 547 3820 coeteris
568 3759 681 3820 Graecis
700 3759 843 3820 hactenus
863 3758 989 3839 praefuit,
1013 3767 1043 3816 et
1064 3757 1223 3838 principem

118 3857 221 3918 locum
235 3854 371 3926 obtinuit,
383 3873 460 3913 nunc
473 3853 504 3914 in
515 3853 693 3914 obscuritate
706 3852 784 3913 omni
797 3862 827 3913 et
836 3851 999 3914 humilitate
1010 3847 1141 3910 versarii

163 3951 214 4009 18.
237 3949 303 4008 Etsi
316 3957 413 4008 autem
427 3948 522 4008 habeo
539 3957 680 4026 praeterea
698 3965 765 4024 quse
790 3945 885 4004 dicam
899 3943 993 4002 multa
1006 3952 1035 4001 et
1058 3940 1095 4002 de
1114 3943 1225 4020 multis,

91 4047 93 4050 ’
120 4044 278 4104 desinam:
293 4059 388 4120 neque
398 4040 475 4101 enim
486 4039 608 4119 penuria
616 4041 771 4100 verborum
781 4039 826 4099 vel
837 4057 925 4108 nunc,
940 4035 987 4095 vel
1002 4029 1131 4114 uinquam
1140 4037 1224 4113 alias,

119 4135 219 4196 malus
232 4132 301 4192 mihi
312 4153 409 4192 rerum
422 4153 489 4194 esse
498 4141 591 4192 status
604 4132 732 4201 videtum
753 4131 808 4191 sed
817 4151 885 4191 cum
898 4149 949 4190 vos
960 4127 1111 4190 audivistis
1125 4130 1224 4191 omnia

118 4251 190 4311 quae
200 4229 371 4309 expediunt,
385 4238 415 4288 et
433 4229 464 4287 in
478 4247 513 4290 eo
526 4228 709 4302 consentitis,
722 4237 849 4288 sarecte
862 4226 931 4299 dici,
944 4247 1005 4299 eos,
1018 4227 1068 4306 qui
1088 4225 1224 4286 intertur-

119 4329 194 4389 bare
208 4323 261 4382 illa
279 4333 309 4382 et
321 4331 483 4403 pervertere
498 4322 636 4392 student,
645 4341 682 4407 ex
702 4339 787 4398 nequo
807 4319 838 4378 in
860 4321 919 4380 hoc
943 4341 1083 4381 consessu
1105 4321 1224 4389 auditis,

121 4439 193 4479 cum
206 4437 268 4476 non
283 4415 422 4496 ignoretis
437 4434 563 4484 eos;-e
578 4415 675 4496 ptimo
693 4414 770 4474 enirn
793 4412 933 4494 adspectu
949 4423 1030 4474 certo
1051 4413 1141 4486 scitis,
1157 4413 1223 4491 quis
