<?xml version="1.0" encoding="UTF-8"?>
<!DOCTYPE html PUBLIC "-//W3C//DTD XHTML 1.0 Transitional//EN"
    "http://www.w3.org/TR/xhtml1/DTD/xhtml1-transitional.dtd">
<html xmlns="http://www.w3.org/1999/xhtml" xml:lang="en" lang="en">
 <head>
  <title>
</title>
<meta http-equiv="Content-Type" content="text/html;charset=utf-8" />
  <meta name='ocr-system' content='tesseract 3.04.00' />
  <meta name='ocr-capabilities' content='ocr_page ocr_carea ocr_par ocr_line ocrx_word'/>
</head>
<body>
  <div class='ocr_page' id='page_1' title='image "./demosthenisetsc08ulpigoog/demosthenisetsc08ulpigoog_0466.png"; bbox 0 0 2912 4946; ppageno 0'>
   <div class='ocr_carea' id='block_1_1' title="bbox 375 237 1424 387">
    <p class='ocr_par' dir='ltr' id='par_1_1' title="bbox 375 237 1424 387">
     <span class='ocr_line' id='line_1_1' title="bbox 375 237 1424 387; baseline 0.01 -45"><span class='ocrx_word' id='word_1_1' title='bbox 375 283 545 344; x_wconf 80' lang='lat' dir='ltr'>CONTRA</span> <span class='ocrx_word' id='word_1_2' title='bbox 567 281 920 362; x_wconf 83' lang='lat' dir='ltr'><strong>ARISTOGITONEM</strong></span> <span class='ocrx_word' id='word_1_3' title='bbox 943 283 966 343; x_wconf 89' lang='lat' dir='ltr'><strong>l.</strong></span> <span class='ocrx_word' id='word_1_4' title='bbox 1115 287 1220 368; x_wconf 69' lang='lat'><strong>²4⁵5,</strong></span> <span class='ocrx_word' id='word_1_5' title='bbox 1327 237 1330 242; x_wconf 28' lang='grc' dir='ltr'>Ι</span> <span class='ocrx_word' id='word_1_6' title='bbox 1421 378 1424 387; x_wconf 65' lang='lat'><strong>,</strong></span> 
     </span>
    </p>
   </div>
   <div class='ocr_carea' id='block_1_2' title="bbox 114 429 1226 1726">
    <p class='ocr_par' dir='ltr' id='par_1_2' title="bbox 114 429 1226 1726">
     <span class='ocr_line' id='line_1_2' title="bbox 116 429 1219 537; baseline 0.004 -33"><span class='ocrx_word' id='word_1_7' title='bbox 116 453 175 526; x_wconf 81' lang='lat' dir='ltr'><strong>trus</strong></span> <span class='ocrx_word' id='word_1_8' title='bbox 187 453 309 514; x_wconf 86' lang='lat' dir='ltr'><strong>evertat,</strong></span> <span class='ocrx_word' id='word_1_9' title='bbox 325 445 350 504; x_wconf 86' lang='lat' dir='ltr'><strong>si</strong></span> <span class='ocrx_word' id='word_1_10' title='bbox 363 429 559 526; x_wconf 82' lang='lat' dir='ltr'><strong>consequntur</strong></span> <span class='ocrx_word' id='word_1_11' title='bbox 574 447 776 506; x_wconf 87' lang='lat' dir='ltr'><strong>auctoritatem</strong></span> <span class='ocrx_word' id='word_1_12' title='bbox 790 455 820 506; x_wconf 91' lang='lat' dir='ltr'><strong>et</strong></span> <span class='ocrx_word' id='word_1_13' title='bbox 832 444 1012 524; x_wconf 77' lang='lat' dir='ltr'><strong>potentiani</strong></span> <span class='ocrx_word' id='word_1_14' title='bbox 1054 446 1160 507; x_wconf 82' lang='lat' dir='ltr'>Nonne</span> <span class='ocrx_word' id='word_1_15' title='bbox 1175 449 1219 537; x_wconf 62' lang='lat' dir='ltr'><strong>vi,</strong></span> 
     </span>
     <span class='ocr_line' id='line_1_3' title="bbox 114 537 1216 618; baseline 0.004 -23"><span class='ocrx_word' id='word_1_16' title='bbox 114 537 270 618; x_wconf 74' lang='lat' dir='ltr'><strong>detis&#39;ejus</strong></span> <span class='ocrx_word' id='word_1_17' title='bbox 281 539 433 617; x_wconf 80' lang='lat' dir='ltr'><strong>ingenium</strong></span> <span class='ocrx_word' id='word_1_18' title='bbox 448 551 478 598; x_wconf 88' lang='lat' dir='ltr'><strong>et</strong></span> <span class='ocrx_word' id='word_1_19' title='bbox 496 539 636 610; x_wconf 75' lang='lat' dir='ltr'>actiones,</span> <span class='ocrx_word' id='word_1_20' title='bbox 661 559 720 597; x_wconf 91' lang='lat' dir='ltr'><strong>non</strong></span> <span class='ocrx_word' id='word_1_21' title='bbox 734 539 857 608; x_wconf 89' lang='lat' dir='ltr'><strong>ratione,</strong></span> <span class='ocrx_word' id='word_1_22' title='bbox 880 557 940 600; x_wconf 90' lang='lat' dir='ltr'><strong>non</strong></span> <span class='ocrx_word' id='word_1_23' title='bbox 958 537 1018 597; x_wconf 87' lang='lat' dir='ltr'><strong>nlla</strong></span> <span class='ocrx_word' id='word_1_24' title='bbox 1030 541 1216 613; x_wconf 78' lang='lat' dir='ltr'><strong>verecundia,</strong></span> 
     </span>
     <span class='ocr_line' id='line_1_4' title="bbox 116 625 1217 718; baseline 0.003 -29"><span class='ocrx_word' id='word_1_25' title='bbox 116 632 170 690; x_wconf 87' lang='lat' dir='ltr'><strong>sed</strong></span> <span class='ocrx_word' id='word_1_26' title='bbox 185 651 246 690; x_wconf 85' lang='lat' dir='ltr'><strong>una·</strong></span> <span class='ocrx_word' id='word_1_27' title='bbox 252 625 459 711; x_wconf 86' lang='lat' dir='ltr'><strong>desperatione</strong></span> <span class='ocrx_word' id='word_1_28' title='bbox 469 631 644 709; x_wconf 72' lang='lat' dir='ltr'><strong>gubernarit</strong></span> <span class='ocrx_word' id='word_1_29' title='bbox 667 632 730 690; x_wconf 91' lang='lat' dir='ltr'><strong>lmo</strong></span> <span class='ocrx_word' id='word_1_30' title='bbox 744 651 846 718; x_wconf 80' lang='lat' dir='ltr'><strong>omnes</strong></span> <span class='ocrx_word' id='word_1_31' title='bbox 858 631 921 710; x_wconf 73' lang='lat' dir='ltr'><strong>ejus</strong></span> <span class='ocrx_word' id='word_1_32' title='bbox 935 631 1064 692; x_wconf 84' lang='lat' dir='ltr'>actiones</span> <span class='ocrx_word' id='word_1_33' title='bbox 1079 653 1137 693; x_wconf 86' lang='lat' dir='ltr'><strong>non</strong></span> <span class='ocrx_word' id='word_1_34' title='bbox 1152 653 1217 694; x_wconf 86' lang='lat' dir='ltr'><strong>esse</strong></span> 
     </span>
     <span class='ocr_line' id='line_1_5' title="bbox 118 723 1224 805; baseline 0.003 -22"><span class='ocrx_word' id='word_1_35' title='bbox 118 725 211 795; x_wconf 90' lang='lat' dir='ltr'><strong>aliud,</strong></span> <span class='ocrx_word' id='word_1_36' title='bbox 227 727 314 804; x_wconf 85' lang='lat' dir='ltr'><strong>qnam</strong></span> <span class='ocrx_word' id='word_1_37' title='bbox 331 725 586 805; x_wconf 71' lang='lat' dir='ltr'><strong>desperationem?</strong></span> <span class='ocrx_word' id='word_1_38' title='bbox 605 727 682 791; x_wconf 82' lang='lat' dir='ltr'><strong>Quae</strong></span> <span class='ocrx_word' id='word_1_39' title='bbox 696 745 762 783; x_wconf 90' lang='lat' dir='ltr'><strong>cnm</strong></span> <span class='ocrx_word' id='word_1_40' title='bbox 782 727 809 784; x_wconf 91' lang='lat' dir='ltr'><strong>ei</strong></span> <span class='ocrx_word' id='word_1_41' title='bbox 827 725 954 783; x_wconf 87' lang='lat' dir='ltr'><strong>maximo</strong></span> <span class='ocrx_word' id='word_1_42' title='bbox 971 723 1026 802; x_wconf 89' lang='lat' dir='ltr'><strong>ipsi</strong></span> <span class='ocrx_word' id='word_1_43' title='bbox 1046 727 1123 786; x_wconf 90' lang='lat' dir='ltr'><strong>malo</strong></span> <span class='ocrx_word' id='word_1_44' title='bbox 1133 729 1175 787; x_wconf 83' lang='lat' dir='ltr'><strong>&#39;sit</strong></span> <span class='ocrx_word' id='word_1_45' title='bbox 1187 729 1224 787; x_wconf 77' lang='lat' dir='ltr'><strong>in¹</strong></span> 
     </span>
     <span class='ocr_line' id='line_1_6' title="bbox 117 817 1226 896; baseline 0.002 -20"><span class='ocrx_word' id='word_1_46' title='bbox 117 829 176 896; x_wconf 84' lang='lat' dir='ltr'><strong>quo</strong></span> <span class='ocrx_word' id='word_1_47' title='bbox 191 826 246 888; x_wconf 86' lang='lat' dir='ltr'><strong>est,</strong></span> <span class='ocrx_word' id='word_1_48' title='bbox 269 828 331 878; x_wconf 90' lang='lat' dir='ltr'><strong>tum</strong></span> <span class='ocrx_word' id='word_1_49' title='bbox 347 819 453 878; x_wconf 88' lang='lat' dir='ltr'><strong>acerba</strong></span> <span class='ocrx_word' id='word_1_50' title='bbox 467 829 497 878; x_wconf 90' lang='lat' dir='ltr'><strong>et</strong></span> <span class='ocrx_word' id='word_1_51' title='bbox 510 820 607 896; x_wconf 83' lang='lat' dir='ltr'><strong>gravis</strong></span> <span class='ocrx_word' id='word_1_52' title='bbox 626 828 672 876; x_wconf 90' lang='lat' dir='ltr'><strong>est</strong></span> <span class='ocrx_word' id='word_1_53' title='bbox 694 818 839 888; x_wconf 85' lang='lat' dir='ltr'><strong>omnibus,</strong></span> <span class='ocrx_word' id='word_1_54' title='bbox 850 827 889 876; x_wconf 82' lang='lat' dir='ltr'><strong>et</strong></span> <span class='ocrx_word' id='word_1_55' title='bbox 901 817 1068 895; x_wconf 75' lang='lat' dir='ltr'><strong>reipublicae</strong></span> <span class='ocrx_word' id='word_1_56' title='bbox 1081 820 1226 882; x_wconf 70' lang='lat' dir='ltr'><strong>intolera-&#39;</strong></span> 
     </span>
     <span class='ocr_line' id='line_1_7' title="bbox 116 897 1225 991; baseline 0.001 -21"><span class='ocrx_word' id='word_1_57' title='bbox 116 911 196 970; x_wconf 89' lang='lat' dir='ltr'><strong>bilis.</strong></span> <span class='ocrx_word' id='word_1_58' title='bbox 239 910 343 970; x_wconf 91' lang='lat' dir='ltr'><strong>Omnis</strong></span> <span class='ocrx_word' id='word_1_59' title='bbox 357 912 436 984; x_wconf 85' lang='lat' dir='ltr'><strong>enim</strong></span> <span class='ocrx_word' id='word_1_60' title='bbox 444 911 532 971; x_wconf 89' lang='lat' dir='ltr'><strong>homo</strong></span> <span class='ocrx_word' id='word_1_61' title='bbox 545 911 716 990; x_wconf 83' lang='lat' dir='ltr'><strong>profligatus</strong></span> <span class='ocrx_word' id='word_1_62' title='bbox 731 905 958 988; x_wconf 73' lang='lat' dir='ltr'><strong>etsemetipsum</strong></span> <span class='ocrx_word' id='word_1_63' title='bbox 973 911 1094 989; x_wconf 89' lang='lat' dir='ltr'><strong>projicit,</strong></span> <span class='ocrx_word' id='word_1_64' title='bbox 1108 923 1139 972; x_wconf 87' lang='lat' dir='ltr'><strong>et</strong></span> <span class='ocrx_word' id='word_1_65' title='bbox 1152 897 1225 991; x_wconf 66' lang='lat' dir='ltr'><strong>dune·</strong></span> 
     </span>
     <span class='ocr_line' id='line_1_8' title="bbox 117 1000 1220 1084; baseline 0.004 -23"><span class='ocrx_word' id='word_1_66' title='bbox 117 1003 243 1061; x_wconf 85' lang='lat' dir='ltr'><strong>consilio</strong></span> <span class='ocrx_word' id='word_1_67' title='bbox 257 1002 373 1063; x_wconf 85' lang='lat' dir='ltr'><strong>retineri</strong></span> <span class='ocrx_word' id='word_1_68' title='bbox 387 1012 496 1083; x_wconf 88' lang='lat' dir='ltr'><strong>potest,</strong></span> <span class='ocrx_word' id='word_1_69' title='bbox 516 1003 763 1062; x_wconf 86' lang='lat' dir='ltr'><strong>incolumitatem:</strong></span> <span class='ocrx_word' id='word_1_70' title='bbox 785 1000 838 1060; x_wconf 90' lang='lat' dir='ltr'><strong>sed</strong></span> <span class='ocrx_word' id='word_1_71' title='bbox 853 1002 1057 1062; x_wconf 79' lang='lat' dir='ltr'><strong>admirabiliter</strong></span> <span class='ocrx_word' id='word_1_72' title='bbox 1070 1013 1101 1062; x_wconf 91' lang='lat' dir='ltr'><strong>et</strong></span> <span class='ocrx_word' id='word_1_73' title='bbox 1113 1018 1220 1084; x_wconf 78' lang='lat' dir='ltr'><strong>prester</strong></span> 
     </span>
     <span class='ocr_line' id='line_1_9' title="bbox 118 1093 1226 1172; baseline 0.005 -20"><span class='ocrx_word' id='word_1_74' title='bbox 118 1094 273 1164; x_wconf 88' lang='lat' dir='ltr'><strong>rationem,</strong></span> <span class='ocrx_word' id='word_1_75' title='bbox 288 1094 312 1152; x_wconf 91' lang='lat' dir='ltr'><strong>si</strong></span> <span class='ocrx_word' id='word_1_76' title='bbox 328 1095 402 1154; x_wconf 82' lang='lat' dir='ltr'><strong>sorte</strong></span> <span class='ocrx_word' id='word_1_77' title='bbox 415 1095 550 1165; x_wconf 79' lang='lat' dir='ltr'><strong>evaserit,</strong></span> <span class='ocrx_word' id='word_1_78' title='bbox 565 1104 761 1155; x_wconf 84' lang='lat' dir='ltr'><strong>conservatur.</strong></span> <span class='ocrx_word' id='word_1_79' title='bbox 784 1093 855 1161; x_wconf 85' lang='lat' dir='ltr'><strong>Quis</strong></span> <span class='ocrx_word' id='word_1_80' title='bbox 875 1095 962 1172; x_wconf 87' lang='lat' dir='ltr'><strong>igitur</strong></span> <span class='ocrx_word' id='word_1_81' title='bbox 981 1095 1069 1155; x_wconf 90' lang='lat' dir='ltr'><strong>homo</strong></span> <span class='ocrx_word' id='word_1_82' title='bbox 1082 1097 1226 1157; x_wconf 62' lang='lat' dir='ltr'><strong>cordatus*</strong></span> 
     </span>
     <span class='ocr_line' id='line_1_10' title="bbox 118 1186 1219 1266; baseline 0.003 -20"><span class='ocrx_word' id='word_1_83' title='bbox 118 1187 309 1265; x_wconf 81' lang='lat' dir='ltr'><strong>semetipsum</strong></span> <span class='ocrx_word' id='word_1_84' title='bbox 330 1196 382 1245; x_wconf 90' lang='lat' dir='ltr'><strong>aut</strong></span> <span class='ocrx_word' id='word_1_85' title='bbox 406 1187 561 1247; x_wconf 87' lang='lat' dir='ltr'><strong>commoda</strong></span> <span class='ocrx_word' id='word_1_86' title='bbox 585 1187 751 1266; x_wconf 77' lang='lat' dir='ltr'><strong>reipublicae</strong></span> <span class='ocrx_word' id='word_1_87' title='bbox 772 1186 820 1246; x_wconf 87' lang='lat' dir='ltr'><strong>isti</strong></span> <span class='ocrx_word' id='word_1_88' title='bbox 843 1186 1040 1246; x_wconf 70' lang='lat' dir='ltr'><strong>commiserit?</strong></span> <span class='ocrx_word' id='word_1_89' title='bbox 1065 1187 1138 1256; x_wconf 87' lang='lat' dir='ltr'><strong>Quis</strong></span> <span class='ocrx_word' id='word_1_90' title='bbox 1159 1209 1219 1249; x_wconf 90' lang='lat' dir='ltr'><strong>non</strong></span> 
     </span>
     <span class='ocr_line' id='line_1_11' title="bbox 119 1277 1221 1360; baseline 0.005 -25"><span class='ocrx_word' id='word_1_91' title='bbox 119 1287 264 1356; x_wconf 90' lang='lat' dir='ltr'><strong>quantum</strong></span> <span class='ocrx_word' id='word_1_92' title='bbox 278 1280 381 1357; x_wconf 88' lang='lat' dir='ltr'><strong>possit,</strong></span> <span class='ocrx_word' id='word_1_93' title='bbox 395 1297 430 1340; x_wconf 86' lang='lat' dir='ltr'><strong>ea</strong></span> <span class='ocrx_word' id='word_1_94' title='bbox 443 1279 598 1358; x_wconf 73' lang='lat' dir='ltr'><strong>praeditum</strong></span> <span class='ocrx_word' id='word_1_95' title='bbox 621 1279 725 1357; x_wconf 81' lang='lat' dir='ltr'><strong>fugiat,</strong></span> <span class='ocrx_word' id='word_1_96' title='bbox 743 1288 775 1336; x_wconf 91' lang='lat' dir='ltr'><strong>et</strong></span> <span class='ocrx_word' id='word_1_97' title='bbox 788 1277 872 1336; x_wconf 87' lang='lat' dir='ltr'><strong>tollat</strong></span> <span class='ocrx_word' id='word_1_98' title='bbox 885 1297 902 1336; x_wconf 92' lang='lat' dir='ltr'><strong>e</strong></span> <span class='ocrx_word' id='word_1_99' title='bbox 923 1279 1030 1350; x_wconf 90' lang='lat' dir='ltr'><strong>medio,</strong></span> <span class='ocrx_word' id='word_1_100' title='bbox 1050 1299 1087 1340; x_wconf 86' lang='lat' dir='ltr'><strong>na</strong></span> <span class='ocrx_word' id='word_1_101' title='bbox 1101 1283 1221 1360; x_wconf 91' lang='lat' dir='ltr'><strong>quando</strong></span> 
     </span>
     <span class='ocr_line' id='line_1_12' title="bbox 118 1370 1224 1450; baseline 0.005 -22"><span class='ocrx_word' id='word_1_102' title='bbox 118 1370 226 1430; x_wconf 87' lang='lat' dir='ltr'><strong>invitus</strong></span> <span class='ocrx_word' id='word_1_103' title='bbox 239 1372 270 1429; x_wconf 85' lang='lat' dir='ltr'><strong>in</strong></span> <span class='ocrx_word' id='word_1_104' title='bbox 285 1391 352 1431; x_wconf 92' lang='lat' dir='ltr'><strong>enm</strong></span> <span class='ocrx_word' id='word_1_105' title='bbox 366 1371 495 1432; x_wconf 80' lang='lat' dir='ltr'><strong>incidatl</strong></span> <span class='ocrx_word' id='word_1_106' title='bbox 524 1373 572 1431; x_wconf 90' lang='lat' dir='ltr'><strong>De</strong></span> <span class='ocrx_word' id='word_1_107' title='bbox 587 1373 681 1431; x_wconf 88' lang='lat' dir='ltr'><strong>salute</strong></span> <span class='ocrx_word' id='word_1_108' title='bbox 694 1371 860 1450; x_wconf 73' lang='lat' dir='ltr'><strong>reipublicae</strong></span> <span class='ocrx_word' id='word_1_109' title='bbox 874 1371 1112 1445; x_wconf 80' lang='lat' dir='ltr'><strong>deliberantibus,</strong></span> <span class='ocrx_word' id='word_1_110' title='bbox 1126 1376 1224 1435; x_wconf 58' lang='lat' dir='ltr'><strong>Athe-⁴</strong></span> 
     </span>
     <span class='ocr_line' id='line_1_13' title="bbox 119 1457 1221 1546; baseline 0.005 -26"><span class='ocrx_word' id='word_1_111' title='bbox 119 1462 247 1534; x_wconf 79' lang='lat' dir='ltr'><strong>aienses,</strong></span> <span class='ocrx_word' id='word_1_112' title='bbox 270 1483 330 1522; x_wconf 88' lang='lat' dir='ltr'><strong>non</strong></span> <span class='ocrx_word' id='word_1_113' title='bbox 344 1457 520 1542; x_wconf 80' lang='lat' dir='ltr'><strong>qnaerendns</strong></span> <span class='ocrx_word' id='word_1_114' title='bbox 534 1465 559 1523; x_wconf 90' lang='lat' dir='ltr'><strong>is</strong></span> <span class='ocrx_word' id='word_1_115' title='bbox 580 1475 635 1536; x_wconf 90' lang='lat' dir='ltr'><strong>est,</strong></span> <span class='ocrx_word' id='word_1_116' title='bbox 658 1465 743 1542; x_wconf 87' lang='lat' dir='ltr'><strong>cujus</strong></span> <span class='ocrx_word' id='word_1_117' title='bbox 765 1462 976 1541; x_wconf 83' lang='lat' dir='ltr'><strong>desperationis</strong></span> <span class='ocrx_word' id='word_1_118' title='bbox 995 1465 1065 1524; x_wconf 89' lang='lat' dir='ltr'><strong>socii</strong></span> <span class='ocrx_word' id='word_1_119' title='bbox 1084 1466 1142 1525; x_wconf 91' lang='lat' dir='ltr'><strong>sint</strong></span> <span class='ocrx_word' id='word_1_120' title='bbox 1154 1467 1221 1546; x_wconf 89' lang='lat' dir='ltr'><strong>ipsi,</strong></span> 
     </span>
     <span class='ocr_line' id='line_1_14' title="bbox 120 1555 1222 1639; baseline 0.005 -25"><span class='ocrx_word' id='word_1_121' title='bbox 120 1555 173 1614; x_wconf 90' lang='lat' dir='ltr'><strong>sed</strong></span> <span class='ocrx_word' id='word_1_122' title='bbox 190 1556 214 1614; x_wconf 92' lang='lat' dir='ltr'><strong>is</strong></span> <span class='ocrx_word' id='word_1_123' title='bbox 229 1556 335 1634; x_wconf 90' lang='lat' dir='ltr'><strong>potius,</strong></span> <span class='ocrx_word' id='word_1_124' title='bbox 357 1557 583 1636; x_wconf 79' lang='lat' dir='ltr'><strong>cujusmentem</strong></span> <span class='ocrx_word' id='word_1_125' title='bbox 597 1571 625 1615; x_wconf 87' lang='lat' dir='ltr'><strong>et</strong></span> <span class='ocrx_word' id='word_1_126' title='bbox 639 1555 747 1634; x_wconf 84' lang='lat' dir='ltr'><strong>ingenii</strong></span> <span class='ocrx_word' id='word_1_127' title='bbox 767 1557 938 1626; x_wconf 82' lang='lat' dir='ltr'><strong>bonitatem,</strong></span> <span class='ocrx_word' id='word_1_128' title='bbox 954 1567 985 1615; x_wconf 90' lang='lat' dir='ltr'><strong>et</strong></span> <span class='ocrx_word' id='word_1_129' title='bbox 1003 1563 1222 1639; x_wconf 85' lang='lat' dir='ltr'><strong>magnam&#39;pro-</strong></span> 
     </span>
     <span class='ocr_line' id='line_1_15' title="bbox 119 1647 1222 1726; baseline 0.006 -21"><span class='ocrx_word' id='word_1_130' title='bbox 119 1647 280 1707; x_wconf 82' lang='lat' dir='ltr'><strong>ridentiam</strong></span> <span class='ocrx_word' id='word_1_131' title='bbox 296 1647 454 1709; x_wconf 85' lang='lat' dir='ltr'><strong>imitentur.</strong></span> <span class='ocrx_word' id='word_1_132' title='bbox 477 1647 555 1708; x_wconf 89' lang='lat' dir='ltr'><strong>Nam</strong></span> <span class='ocrx_word' id='word_1_133' title='bbox 572 1647 636 1707; x_wconf 83' lang='lat' dir='ltr'><strong>haec</strong></span> <span class='ocrx_word' id='word_1_134' title='bbox 650 1649 689 1707; x_wconf 89' lang='lat' dir='ltr'><strong>ad</strong></span> <span class='ocrx_word' id='word_1_135' title='bbox 708 1647 877 1707; x_wconf 80' lang='lat' dir='ltr'><strong>felicitatem</strong></span> <span class='ocrx_word' id='word_1_136' title='bbox 897 1647 1062 1726; x_wconf 87' lang='lat' dir='ltr'><strong>perducunt</strong></span> <span class='ocrx_word' id='word_1_137' title='bbox 1083 1652 1222 1712; x_wconf 82' lang='lat' dir='ltr'><strong>mortales</strong></span> 
     </span>
    </p>
   </div>
   <div class='ocr_carea' id='block_1_3' title="bbox 14 1731 1222 1820">
    <p class='ocr_par' dir='ltr' id='par_1_3' title="bbox 14 1731 1222 1820">
     <span class='ocr_line' id='line_1_16' title="bbox 14 1731 1222 1820; baseline 0.003 -20"><span class='ocrx_word' id='word_1_138' title='bbox 14 1731 18 1743; x_wconf 79' lang='grc'>’</span> <span class='ocrx_word' id='word_1_139' title='bbox 120 1759 243 1801; x_wconf 86' lang='lat' dir='ltr'><strong>omnes:</strong></span> <span class='ocrx_word' id='word_1_140' title='bbox 264 1741 315 1799; x_wconf 87' lang='lat' dir='ltr'><strong>illa</strong></span> <span class='ocrx_word' id='word_1_141' title='bbox 328 1760 374 1810; x_wconf 87' lang='lat' dir='ltr'><strong>eo,</strong></span> <span class='ocrx_word' id='word_1_142' title='bbox 388 1760 448 1820; x_wconf 91' lang='lat' dir='ltr'><strong>quo</strong></span> <span class='ocrx_word' id='word_1_143' title='bbox 461 1741 550 1800; x_wconf 88' lang='lat' dir='ltr'><strong>istum</strong></span> <span class='ocrx_word' id='word_1_144' title='bbox 564 1740 755 1800; x_wconf 79' lang='lat' dir='ltr'><strong>abire&#39;decet.</strong></span> <span class='ocrx_word' id='word_1_145' title='bbox 778 1740 871 1819; x_wconf 93' lang='lat' dir='ltr'><strong>ldque</strong></span> <span class='ocrx_word' id='word_1_146' title='bbox 883 1740 1026 1800; x_wconf 81' lang='lat' dir='ltr'><strong>aestimate</strong></span> <span class='ocrx_word' id='word_1_147' title='bbox 1043 1762 1102 1801; x_wconf 91' lang='lat' dir='ltr'><strong>non</strong></span> <span class='ocrx_word' id='word_1_148' title='bbox 1116 1762 1134 1803; x_wconf 89' lang='lat' dir='ltr'><strong>e</strong></span> <span class='ocrx_word' id='word_1_149' title='bbox 1149 1745 1222 1805; x_wconf 87' lang='lat' dir='ltr'><strong>meis</strong></span> 
     </span>
    </p>
   </div>
   <div class='ocr_carea' id='block_1_4' title="bbox 120 1834 1269 3209">
    <p class='ocr_par' dir='ltr' id='par_1_4' title="bbox 120 1834 1269 2816">
     <span class='ocr_line' id='line_1_17' title="bbox 122 1834 1224 1905; baseline 0.005 -11"><span class='ocrx_word' id='word_1_150' title='bbox 122 1836 231 1905; x_wconf 80' lang='lat' dir='ltr'><strong>verbis,</strong></span> <span class='ocrx_word' id='word_1_151' title='bbox 253 1835 350 1894; x_wconf 89' lang='lat' dir='ltr'><strong>sedin</strong></span> <span class='ocrx_word' id='word_1_152' title='bbox 366 1853 467 1894; x_wconf 87' lang='lat' dir='ltr'><strong>omnes</strong></span> <span class='ocrx_word' id='word_1_153' title='bbox 484 1835 634 1894; x_wconf 86' lang='lat' dir='ltr'><strong>hominnm</strong></span> <span class='ocrx_word' id='word_1_154' title='bbox 652 1853 748 1895; x_wconf 88' lang='lat' dir='ltr'><strong>mores</strong></span> <span class='ocrx_word' id='word_1_155' title='bbox 768 1835 924 1892; x_wconf 82' lang='lat' dir='ltr'><strong>intuentes.</strong></span> <span class='ocrx_word' id='word_1_156' title='bbox 946 1834 1091 1894; x_wconf 88' lang='lat' dir='ltr'><strong>Omnibus</strong></span> <span class='ocrx_word' id='word_1_157' title='bbox 1105 1838 1224 1899; x_wconf 89' lang='lat' dir='ltr'><strong>urbibus</strong></span> 
     </span>
     <span class='ocr_line' id='line_1_18' title="bbox 121 1925 1224 2008; baseline 0.005 -21"><span class='ocrx_word' id='word_1_158' title='bbox 121 1943 182 1987; x_wconf 79' lang='lat' dir='ltr'><strong>aroe</strong></span> <span class='ocrx_word' id='word_1_159' title='bbox 195 1935 266 1987; x_wconf 89' lang='lat' dir='ltr'><strong>sunt</strong></span> <span class='ocrx_word' id='word_1_160' title='bbox 278 1937 308 1987; x_wconf 88' lang='lat' dir='ltr'><strong>et</strong></span> <span class='ocrx_word' id='word_1_161' title='bbox 325 1925 393 1986; x_wconf 78' lang='lat' dir='ltr'><strong>lana</strong></span> <span class='ocrx_word' id='word_1_162' title='bbox 413 1926 534 1986; x_wconf 89' lang='lat' dir='ltr'><strong>deornm</strong></span> <span class='ocrx_word' id='word_1_163' title='bbox 554 1926 693 1998; x_wconf 86' lang='lat' dir='ltr'><strong>omnium,</strong></span> <span class='ocrx_word' id='word_1_164' title='bbox 712 1936 800 2004; x_wconf 89' lang='lat' dir='ltr'><strong>atque</strong></span> <span class='ocrx_word' id='word_1_165' title='bbox 822 1927 897 1985; x_wconf 85' lang='lat' dir='ltr'><strong>inter</strong></span> <span class='ocrx_word' id='word_1_166' title='bbox 916 1945 967 1986; x_wconf 91' lang='lat' dir='ltr'><strong>eos</strong></span> <span class='ocrx_word' id='word_1_167' title='bbox 990 1929 1080 1987; x_wconf 88' lang='lat' dir='ltr'><strong>etiam</strong></span> <span class='ocrx_word' id='word_1_168' title='bbox 1093 1932 1224 2008; x_wconf 68' lang='lat' dir='ltr'><strong>providas</strong></span> 
     </span>
     <span class='ocr_line' id='line_1_19' title="bbox 122 2017 1224 2098; baseline 0.003 -19"><span class='ocrx_word' id='word_1_169' title='bbox 122 2020 278 2090; x_wconf 85' lang='lat' dir='ltr'><strong>Minervae,</strong></span> <span class='ocrx_word' id='word_1_170' title='bbox 294 2029 329 2077; x_wconf 89' lang='lat' dir='ltr'><strong>nt</strong></span> <span class='ocrx_word' id='word_1_171' title='bbox 347 2037 462 2097; x_wconf 81' lang='lat' dir='ltr'><strong>magnae</strong></span> <span class='ocrx_word' id='word_1_172' title='bbox 481 2029 511 2078; x_wconf 88' lang='lat' dir='ltr'><strong>et</strong></span> <span class='ocrx_word' id='word_1_173' title='bbox 533 2021 700 2096; x_wconf 85' lang='lat' dir='ltr'><strong>praestantis</strong></span> <span class='ocrx_word' id='word_1_174' title='bbox 723 2019 800 2088; x_wconf 86' lang='lat' dir='ltr'><strong>deae,</strong></span> <span class='ocrx_word' id='word_1_175' title='bbox 821 2029 851 2078; x_wconf 89' lang='lat' dir='ltr'><strong>et</strong></span> <span class='ocrx_word' id='word_1_176' title='bbox 869 2017 955 2096; x_wconf 85' lang='lat' dir='ltr'><strong>juxta</strong></span> <span class='ocrx_word' id='word_1_177' title='bbox 968 2019 1134 2098; x_wconf 86' lang='lat' dir='ltr'><strong>Apollinem</strong></span> <span class='ocrx_word' id='word_1_178' title='bbox 1149 2023 1224 2082; x_wconf 89' lang='lat' dir='ltr'><strong>Del-</strong></span> 
     </span>
     <span class='ocr_line' id='line_1_20' title="bbox 120 2110 1224 2192; baseline 0.003 -22"><span class='ocrx_word' id='word_1_179' title='bbox 120 2113 242 2192; x_wconf 89' lang='lat' dir='ltr'><strong>phicum</strong></span> <span class='ocrx_word' id='word_1_180' title='bbox 256 2110 452 2192; x_wconf 88' lang='lat' dir='ltr'><strong>pulcherrima</strong></span> <span class='ocrx_word' id='word_1_181' title='bbox 464 2120 495 2170; x_wconf 90' lang='lat' dir='ltr'><strong>et</strong></span> <span class='ocrx_word' id='word_1_182' title='bbox 508 2111 633 2170; x_wconf 88' lang='lat' dir='ltr'><strong>maxima</strong></span> <span class='ocrx_word' id='word_1_183' title='bbox 647 2111 727 2170; x_wconf 86' lang='lat' dir='ltr'><strong>aedes</strong></span> <span class='ocrx_word' id='word_1_184' title='bbox 741 2111 839 2169; x_wconf 87' lang='lat' dir='ltr'><strong>statim</strong></span> <span class='ocrx_word' id='word_1_185' title='bbox 859 2110 908 2168; x_wconf 93' lang='lat' dir='ltr'><strong>ubi</strong></span> <span class='ocrx_word' id='word_1_186' title='bbox 923 2111 1062 2190; x_wconf 89' lang='lat' dir='ltr'><strong>templum</strong></span> <span class='ocrx_word' id='word_1_187' title='bbox 1078 2112 1224 2192; x_wconf 80' lang='lat' dir='ltr'><strong>ingressus</strong></span> 
     </span>
     <span class='ocr_line' id='line_1_21' title="bbox 120 2201 1224 2285; baseline 0.003 -22"><span class='ocrx_word' id='word_1_188' title='bbox 120 2204 222 2276; x_wconf 80' lang='lat' dir='ltr'><strong>fueris,</strong></span> <span class='ocrx_word' id='word_1_189' title='bbox 246 2204 300 2281; x_wconf 82' lang='lat' dir='ltr'><strong>qni</strong></span> <span class='ocrx_word' id='word_1_190' title='bbox 313 2202 530 2263; x_wconf 76' lang='lat' dir='ltr'><strong>comet-deus</strong></span> <span class='ocrx_word' id='word_1_191' title='bbox 553 2214 583 2262; x_wconf 90' lang='lat' dir='ltr'><strong>et</strong></span> <span class='ocrx_word' id='word_1_192' title='bbox 599 2213 682 2262; x_wconf 88' lang='lat' dir='ltr'><strong>vates</strong></span> <span class='ocrx_word' id='word_1_193' title='bbox 705 2204 753 2272; x_wconf 88' lang='lat' dir='ltr'><strong>sit,</strong></span> <span class='ocrx_word' id='word_1_194' title='bbox 777 2212 900 2279; x_wconf 89' lang='lat' dir='ltr'><strong>utraque</strong></span> <span class='ocrx_word' id='word_1_195' title='bbox 921 2201 1033 2262; x_wconf 88' lang='lat' dir='ltr'><strong>ratione</strong></span> <span class='ocrx_word' id='word_1_196' title='bbox 1055 2205 1135 2264; x_wconf 88' lang='lat' dir='ltr'><strong>novit</strong></span> <span class='ocrx_word' id='word_1_197' title='bbox 1153 2209 1224 2285; x_wconf 84' lang='lat' dir='ltr'><strong>quid</strong></span> 
     </span>
     <span class='ocr_line' id='line_1_22' title="bbox 122 2289 1225 2375; baseline 0.003 -19"><span class='ocrx_word' id='word_1_198' title='bbox 122 2297 248 2374; x_wconf 68' lang='lat' dir='ltr'><strong>manime</strong></span> <span class='ocrx_word' id='word_1_199' title='bbox 268 2297 421 2375; x_wconf 86' lang='lat' dir='ltr'><strong>expediat:</strong></span> <span class='ocrx_word' id='word_1_200' title='bbox 458 2313 517 2354; x_wconf 91' lang='lat' dir='ltr'><strong>non</strong></span> <span class='ocrx_word' id='word_1_201' title='bbox 542 2289 835 2374; x_wconf 71' lang='lat' dir='ltr'><strong>Desperationis.‘,et</strong></span> <span class='ocrx_word' id='word_1_202' title='bbox 860 2293 1061 2372; x_wconf 88' lang='lat' dir='ltr'><strong>lmpudentiee.</strong></span> <span class='ocrx_word' id='word_1_203' title='bbox 1095 2298 1174 2365; x_wconf 88' lang='lat' dir='ltr'><strong>Quin</strong></span> <span class='ocrx_word' id='word_1_204' title='bbox 1193 2309 1225 2359; x_wconf 89' lang='lat' dir='ltr'><strong>et</strong></span> 
     </span>
     <span class='ocr_line' id='line_1_23' title="bbox 121 2384 1261 2466; baseline 0.002 -18"><span class='ocrx_word' id='word_1_205' title='bbox 121 2388 263 2460; x_wconf 75' lang='lat' dir='ltr'><strong>lustitiae,</strong></span> <span class='ocrx_word' id='word_1_206' title='bbox 277 2399 307 2448; x_wconf 88' lang='lat' dir='ltr'><strong>et</strong></span> <span class='ocrx_word' id='word_1_207' title='bbox 319 2387 484 2466; x_wconf 85' lang='lat' dir='ltr'><strong>AEquitatis,</strong></span> <span class='ocrx_word' id='word_1_208' title='bbox 501 2397 531 2445; x_wconf 92' lang='lat' dir='ltr'><strong>et</strong></span> <span class='ocrx_word' id='word_1_209' title='bbox 540 2384 731 2444; x_wconf 78' lang='lat' dir='ltr'><strong>verecundiae</strong></span> <span class='ocrx_word' id='word_1_210' title='bbox 745 2384 916 2443; x_wconf 87' lang='lat' dir='ltr'><strong>mortalibus</strong></span> <span class='ocrx_word' id='word_1_211' title='bbox 930 2387 1064 2445; x_wconf 88' lang='lat' dir='ltr'><strong>omnibns</strong></span> <span class='ocrx_word' id='word_1_212' title='bbox 1074 2406 1131 2447; x_wconf 82' lang='lat' dir='ltr'><strong>arse</strong></span> <span class='ocrx_word' id='word_1_213' title='bbox 1144 2399 1224 2465; x_wconf 91' lang='lat' dir='ltr'><strong>sunt,</strong></span> <span class='ocrx_word' id='word_1_214' title='bbox 1252 2441 1261 2456; x_wconf 66' lang='lat'>„</span> 
     </span>
     <span class='ocr_line' id='line_1_24' title="bbox 122 2477 1228 2559; baseline 0.004 -19"><span class='ocrx_word' id='word_1_215' title='bbox 122 2481 190 2540; x_wconf 83' lang='lat' dir='ltr'><strong>aliae</strong></span> <span class='ocrx_word' id='word_1_216' title='bbox 198 2480 408 2559; x_wconf 84' lang='lat' dir='ltr'><strong>pulcherrimae,</strong></span> <span class='ocrx_word' id='word_1_217' title='bbox 419 2489 450 2538; x_wconf 89' lang='lat' dir='ltr'><strong>et</strong></span> <span class='ocrx_word' id='word_1_218' title='bbox 464 2479 657 2538; x_wconf 64' lang='lat' dir='ltr'><strong>sanctissima*</strong></span> <span class='ocrx_word' id='word_1_219' title='bbox 669 2477 698 2536; x_wconf 92' lang='lat' dir='ltr'><strong>in</strong></span> <span class='ocrx_word' id='word_1_220' title='bbox 710 2477 806 2536; x_wconf 89' lang='lat' dir='ltr'><strong>animo</strong></span> <span class='ocrx_word' id='word_1_221' title='bbox 817 2477 960 2556; x_wconf 89' lang='lat' dir='ltr'><strong>cujusque</strong></span> <span class='ocrx_word' id='word_1_222' title='bbox 974 2487 1005 2538; x_wconf 87' lang='lat' dir='ltr'><strong>et</strong></span> <span class='ocrx_word' id='word_1_223' title='bbox 1018 2479 1144 2558; x_wconf 58' lang='lat' dir='ltr'><strong>ingenio,</strong></span> <span class='ocrx_word' id='word_1_224' title='bbox 1160 2485 1228 2544; x_wconf 76' lang='lat' dir='ltr'><strong>alise</strong></span> 
     </span>
     <span class='ocr_line' id='line_1_25' title="bbox 122 2570 1269 2654; baseline 0.003 -22"><span class='ocrx_word' id='word_1_225' title='bbox 122 2593 226 2651; x_wconf 85' lang='lat' dir='ltr'><strong>eaeque</strong></span> <span class='ocrx_word' id='word_1_226' title='bbox 240 2591 409 2632; x_wconf 89' lang='lat' dir='ltr'><strong>communes</strong></span> <span class='ocrx_word' id='word_1_227' title='bbox 430 2571 566 2630; x_wconf 89' lang='lat' dir='ltr'><strong>omnibus</strong></span> <span class='ocrx_word' id='word_1_228' title='bbox 588 2570 626 2629; x_wconf 92' lang='lat' dir='ltr'><strong>ad</strong></span> <span class='ocrx_word' id='word_1_229' title='bbox 643 2572 754 2629; x_wconf 88' lang='lat' dir='ltr'><strong>cultum</strong></span> <span class='ocrx_word' id='word_1_230' title='bbox 775 2570 956 2648; x_wconf 77' lang='lat' dir='ltr'><strong>propositaet-</strong></span> <span class='ocrx_word' id='word_1_231' title='bbox 972 2571 1025 2631; x_wconf 93' lang='lat' dir='ltr'><strong>sed</strong></span> <span class='ocrx_word' id='word_1_232' title='bbox 1044 2591 1103 2632; x_wconf 89' lang='lat' dir='ltr'><strong>non</strong></span> <span class='ocrx_word' id='word_1_233' title='bbox 1124 2575 1224 2654; x_wconf 90' lang='lat' dir='ltr'><strong>lmpn·</strong></span> <span class='ocrx_word' id='word_1_234' title='bbox 1262 2647 1269 2654; x_wconf 68' lang='lat'><strong>,</strong></span> 
     </span>
     <span class='ocr_line' id='line_1_26' title="bbox 121 2660 1235 2744; baseline 0.004 -20"><span class='ocrx_word' id='word_1_235' title='bbox 121 2665 242 2735; x_wconf 85' lang='lat' dir='ltr'><strong>dentiae,</strong></span> <span class='ocrx_word' id='word_1_236' title='bbox 256 2673 308 2722; x_wconf 89' lang='lat' dir='ltr'><strong>ant</strong></span> <span class='ocrx_word' id='word_1_237' title='bbox 321 2663 494 2736; x_wconf 77' lang='lat' dir='ltr'><strong>calumniae,</strong></span> <span class='ocrx_word' id='word_1_238' title='bbox 509 2681 567 2722; x_wconf 89' lang='lat' dir='ltr'><strong>non</strong></span> <span class='ocrx_word' id='word_1_239' title='bbox 584 2660 714 2741; x_wconf 85' lang='lat' dir='ltr'><strong>Perjnrii,</strong></span> <span class='ocrx_word' id='word_1_240' title='bbox 729 2681 788 2722; x_wconf 87' lang='lat' dir='ltr'><strong>non</strong></span> <span class='ocrx_word' id='word_1_241' title='bbox 805 2661 903 2721; x_wconf 86' lang='lat' dir='ltr'><strong>Animi</strong></span> <span class='ocrx_word' id='word_1_242' title='bbox 917 2662 1033 2743; x_wconf 84' lang='lat' dir='ltr'><strong>ingrati,</strong></span> <span class='ocrx_word' id='word_1_243' title='bbox 1049 2683 1116 2744; x_wconf 83' lang='lat' dir='ltr'><strong>quse</strong></span> <span class='ocrx_word' id='word_1_244' title='bbox 1127 2669 1235 2730; x_wconf 58' lang='lat' dir='ltr'><strong>omnia*</strong></span> 
     </span>
     <span class='ocr_line' id='line_1_27' title="bbox 124 2757 301 2816; baseline -0.017 0"><span class='ocrx_word' id='word_1_245' title='bbox 124 2757 175 2816; x_wconf 87' lang='lat' dir='ltr'><strong>isti</strong></span> <span class='ocrx_word' id='word_1_246' title='bbox 190 2757 301 2815; x_wconf 89' lang='lat' dir='ltr'><strong>insunt.</strong></span> 
     </span>
    </p>

    <p class='ocr_par' dir='ltr' id='par_1_5' title="bbox 121 2847 1226 3209">
     <span class='ocr_line' id='line_1_28' title="bbox 127 2847 1222 2917; baseline 0.008 -9"><span class='ocrx_word' id='word_1_247' title='bbox 127 2881 131 2890; x_wconf 89' lang='lat'><em>·</em></span> <span class='ocrx_word' id='word_1_248' title='bbox 165 2851 196 2908; x_wconf 88' lang='grc'><strong>9.</strong></span> <span class='ocrx_word' id='word_1_249' title='bbox 219 2849 281 2908; x_wconf 89' lang='lat' dir='ltr'><strong>Etsi</strong></span> <span class='ocrx_word' id='word_1_250' title='bbox 295 2857 392 2907; x_wconf 81' lang='lat' dir='ltr'><strong>antem</strong></span> <span class='ocrx_word' id='word_1_251' title='bbox 408 2847 468 2910; x_wconf 90' lang='lat' dir='ltr'><strong>scio</strong></span> <span class='ocrx_word' id='word_1_252' title='bbox 490 2850 579 2908; x_wconf 89' lang='lat' dir='ltr'><strong>istum</strong></span> <span class='ocrx_word' id='word_1_253' title='bbox 601 2859 709 2910; x_wconf 87' lang='lat' dir='ltr'><strong>rectam</strong></span> <span class='ocrx_word' id='word_1_254' title='bbox 722 2859 753 2909; x_wconf 91' lang='lat' dir='ltr'><strong>et</strong></span> <span class='ocrx_word' id='word_1_255' title='bbox 766 2868 861 2910; x_wconf 80' lang='lat' dir='ltr'><strong>veram</strong></span> <span class='ocrx_word' id='word_1_256' title='bbox 885 2851 1063 2912; x_wconf 79' lang='lat' dir='ltr'><strong>defensionis</strong></span> <span class='ocrx_word' id='word_1_257' title='bbox 1078 2853 1155 2914; x_wconf 87' lang='lat' dir='ltr'><strong>viam</strong></span> <span class='ocrx_word' id='word_1_258' title='bbox 1170 2857 1222 2917; x_wconf 90' lang='lat' dir='ltr'><strong>de-</strong></span> 
     </span>
     <span class='ocr_line' id='line_1_29' title="bbox 121 2942 1224 3032; baseline 0.006 -29"><span class='ocrx_word' id='word_1_259' title='bbox 121 2943 308 3013; x_wconf 84' lang='lat' dir='ltr'><strong>clinaturum,</strong></span> <span class='ocrx_word' id='word_1_260' title='bbox 329 2953 359 3001; x_wconf 87' lang='lat' dir='ltr'><strong>ct</strong></span> <span class='ocrx_word' id='word_1_261' title='bbox 381 2942 563 3002; x_wconf 87' lang='lat' dir='ltr'><strong>extrinsecus</strong></span> <span class='ocrx_word' id='word_1_262' title='bbox 588 2943 718 3020; x_wconf 88' lang='lat' dir='ltr'><strong>undique</strong></span> <span class='ocrx_word' id='word_1_263' title='bbox 741 2943 931 3005; x_wconf 89' lang='lat' dir='ltr'><strong>circuiturnm</strong></span> <span class='ocrx_word' id='word_1_264' title='bbox 960 2945 1170 3026; x_wconf 83' lang='lat' dir='ltr'><strong>conviciantem</strong></span> <span class='ocrx_word' id='word_1_265' title='bbox 1188 2963 1224 3032; x_wconf 46' lang='lat' dir='ltr'><strong>&#39;et</strong></span> 
     </span>
     <span class='ocr_line' id='line_1_30' title="bbox 123 3034 1224 3119; baseline 0.006 -24"><span class='ocrx_word' id='word_1_266' title='bbox 123 3035 362 3104; x_wconf 81' lang='lat' dir='ltr'><strong>calumniantem,</strong></span> <span class='ocrx_word' id='word_1_267' title='bbox 372 3044 402 3094; x_wconf 86' lang='lat' dir='ltr'><strong>et</strong></span> <span class='ocrx_word' id='word_1_268' title='bbox 414 3034 621 3113; x_wconf 87' lang='lat' dir='ltr'><strong>pollicitantem</strong></span> <span class='ocrx_word' id='word_1_269' title='bbox 634 3055 667 3094; x_wconf 90' lang='lat' dir='ltr'><strong>se</strong></span> <span class='ocrx_word' id='word_1_270' title='bbox 681 3045 896 3106; x_wconf 90' lang='lat' dir='ltr'><strong>accusaturum,</strong></span> <span class='ocrx_word' id='word_1_271' title='bbox 911 3036 940 3094; x_wconf 90' lang='lat' dir='ltr'><strong>in</strong></span> <span class='ocrx_word' id='word_1_272' title='bbox 951 3037 1001 3115; x_wconf 89' lang='lat' dir='ltr'><strong>jns</strong></span> <span class='ocrx_word' id='word_1_273' title='bbox 1017 3038 1224 3119; x_wconf 87' lang='lat' dir='ltr'><strong>adducturum,</strong></span> 
     </span>
     <span class='ocr_line' id='line_1_31' title="bbox 124 3127 1226 3209; baseline 0.007 -22"><span class='ocrx_word' id='word_1_274' title='bbox 124 3127 299 3187; x_wconf 90' lang='lat' dir='ltr'><strong>traditurum</strong></span> <span class='ocrx_word' id='word_1_275' title='bbox 314 3127 507 3204; x_wconf 85' lang='lat' dir='ltr'><strong>magistratui,</strong></span> <span class='ocrx_word' id='word_1_276' title='bbox 521 3133 551 3186; x_wconf 88' lang='lat' dir='ltr'><strong>et</strong></span> <span class='ocrx_word' id='word_1_277' title='bbox 561 3128 623 3208; x_wconf 87' lang='lat' dir='ltr'><strong>ejus</strong></span> <span class='ocrx_word' id='word_1_278' title='bbox 635 3128 750 3206; x_wconf 85' lang='lat' dir='ltr'><strong>generis</strong></span> <span class='ocrx_word' id='word_1_279' title='bbox 764 3127 830 3197; x_wconf 89' lang='lat' dir='ltr'><strong>alia,</strong></span> <span class='ocrx_word' id='word_1_280' title='bbox 847 3138 953 3196; x_wconf 88' lang='lat' dir='ltr'><strong>tamen,</strong></span> <span class='ocrx_word' id='word_1_281' title='bbox 969 3129 992 3188; x_wconf 89' lang='lat' dir='ltr'><strong>si</strong></span> <span class='ocrx_word' id='word_1_282' title='bbox 1003 3147 1055 3188; x_wconf 87' lang='lat' dir='ltr'><strong>vos</strong></span> <span class='ocrx_word' id='word_1_283' title='bbox 1066 3134 1226 3209; x_wconf 85' lang='lat' dir='ltr'><strong>prudenter</strong></span> 
     </span>
    </p>
   </div>
   <div class='ocr_carea' id='block_1_5' title="bbox 110 3311 1232 4498">
    <p class='ocr_par' dir='ltr' id='par_1_6' title="bbox 110 3311 1232 4498">
     <span class='ocr_line' id='line_1_32' title="bbox 123 3311 1228 3394; baseline 0.007 -21"><span class='ocrx_word' id='word_1_284' title='bbox 123 3333 204 3392; x_wconf 78' lang='lat' dir='ltr'><strong>saepe</strong></span> <span class='ocrx_word' id='word_1_285' title='bbox 232 3313 261 3370; x_wconf 87' lang='lat' dir='ltr'><strong>in</strong></span> <span class='ocrx_word' id='word_1_286' title='bbox 286 3313 419 3371; x_wconf 88' lang='lat' dir='ltr'><strong>omnibns</strong></span> <span class='ocrx_word' id='word_1_287' title='bbox 443 3311 528 3390; x_wconf 85' lang='lat' dir='ltr'><strong>quale</strong></span> <span class='ocrx_word' id='word_1_288' title='bbox 548 3321 636 3381; x_wconf 90' lang='lat' dir='ltr'><strong>esset,</strong></span> <span class='ocrx_word' id='word_1_289' title='bbox 665 3312 876 3390; x_wconf 87' lang='lat' dir='ltr'><strong>deprehensum</strong></span> <span class='ocrx_word' id='word_1_290' title='bbox 901 3312 968 3370; x_wconf 77' lang='lat' dir='ltr'><strong>est?</strong></span> <span class='ocrx_word' id='word_1_291' title='bbox 1000 3313 1044 3372; x_wconf 93' lang='lat' dir='ltr'><strong>Ac</strong></span> <span class='ocrx_word' id='word_1_292' title='bbox 1072 3320 1228 3394; x_wconf 84' lang='lat' dir='ltr'><strong>praeteribo</strong></span> 
     </span>
     <span class='ocr_line' id='line_1_33' title="bbox 125 3402 1227 3482; baseline 0.005 -17"><span class='ocrx_word' id='word_1_293' title='bbox 125 3415 234 3476; x_wconf 81' lang='lat' dir='ltr'><strong>cetera,</strong></span> <span class='ocrx_word' id='word_1_294' title='bbox 249 3415 291 3475; x_wconf 90' lang='lat' dir='ltr'><strong>tn,</strong></span> <span class='ocrx_word' id='word_1_295' title='bbox 308 3402 483 3482; x_wconf 76' lang='lat' dir='ltr'><strong>Aristogito,</strong></span> <span class='ocrx_word' id='word_1_296' title='bbox 506 3419 554 3462; x_wconf 86' lang='lat' dir='ltr'><strong>roe</strong></span> <span class='ocrx_word' id='word_1_297' title='bbox 573 3405 680 3482; x_wconf 90' lang='lat' dir='ltr'><strong>septies</strong></span> <span class='ocrx_word' id='word_1_298' title='bbox 694 3405 855 3482; x_wconf 87' lang='lat' dir='ltr'><strong>majestatis</strong></span> <span class='ocrx_word' id='word_1_299' title='bbox 870 3403 956 3482; x_wconf 81' lang='lat' dir='ltr'><strong>egisti</strong></span> <span class='ocrx_word' id='word_1_300' title='bbox 971 3423 1062 3478; x_wconf 85' lang='lat' dir='ltr'><strong>reum,</strong></span> <span class='ocrx_word' id='word_1_301' title='bbox 1076 3427 1227 3472; x_wconf 88' lang='lat' dir='ltr'><strong>mercena·</strong></span> 
     </span>
     <span class='ocr_line' id='line_1_34' title="bbox 124 3495 1227 3576; baseline 0.007 -20"><span class='ocrx_word' id='word_1_302' title='bbox 124 3498 185 3556; x_wconf 88' lang='lat' dir='ltr'><strong>rins</strong></span> <span class='ocrx_word' id='word_1_303' title='bbox 199 3515 310 3566; x_wconf 90' lang='lat' dir='ltr'><strong>eorum,</strong></span> <span class='ocrx_word' id='word_1_304' title='bbox 332 3497 460 3576; x_wconf 88' lang='lat' dir='ltr'><strong>quitum</strong></span> <span class='ocrx_word' id='word_1_305' title='bbox 484 3495 611 3574; x_wconf 89' lang='lat' dir='ltr'><strong>Philippi</strong></span> <span class='ocrx_word' id='word_1_306' title='bbox 631 3496 778 3572; x_wconf 86' lang='lat' dir='ltr'><strong>negotium</strong></span> <span class='ocrx_word' id='word_1_307' title='bbox 798 3497 934 3574; x_wconf 84' lang='lat' dir='ltr'><strong>agebant,</strong></span> <span class='ocrx_word' id='word_1_308' title='bbox 956 3507 1063 3568; x_wconf 88' lang='lat' dir='ltr'><strong>orator,</strong></span> <span class='ocrx_word' id='word_1_309' title='bbox 1079 3509 1109 3559; x_wconf 87' lang='lat' dir='ltr'><strong>et</strong></span> <span class='ocrx_word' id='word_1_310' title='bbox 1122 3521 1168 3563; x_wconf 91' lang='lat' dir='ltr'><strong>me</strong></span> <span class='ocrx_word' id='word_1_311' title='bbox 1182 3505 1227 3565; x_wconf 59' lang='lat' dir='ltr'><strong>rass</strong></span> 
     </span>
     <span class='ocr_line' id='line_1_35' title="bbox 124 3588 1228 3671; baseline 0.005 -22"><span class='ocrx_word' id='word_1_312' title='bbox 124 3589 221 3649; x_wconf 82' lang='lat' dir='ltr'><strong>tiones</strong></span> <span class='ocrx_word' id='word_1_313' title='bbox 241 3589 416 3648; x_wconf 80' lang='lat' dir='ltr'><strong>referentem</strong></span> <span class='ocrx_word' id='word_1_314' title='bbox 431 3588 477 3647; x_wconf 91' lang='lat' dir='ltr'><strong>bis</strong></span> <span class='ocrx_word' id='word_1_315' title='bbox 498 3588 649 3647; x_wconf 87' lang='lat' dir='ltr'><strong>accusasti.</strong></span> <span class='ocrx_word' id='word_1_316' title='bbox 682 3589 726 3646; x_wconf 90' lang='lat' dir='ltr'><strong>Ac</strong></span> <span class='ocrx_word' id='word_1_317' title='bbox 748 3607 804 3666; x_wconf 87' lang='lat' dir='ltr'><strong>ego</strong></span> <span class='ocrx_word' id='word_1_318' title='bbox 828 3590 955 3664; x_wconf 90' lang='lat' dir='ltr'><strong>quidem,</strong></span> <span class='ocrx_word' id='word_1_319' title='bbox 977 3593 1026 3668; x_wconf 91' lang='lat' dir='ltr'><strong>qui</strong></span> <span class='ocrx_word' id='word_1_320' title='bbox 1051 3592 1137 3653; x_wconf 87' lang='lat' dir='ltr'><strong>homo</strong></span> <span class='ocrx_word' id='word_1_321' title='bbox 1151 3615 1228 3671; x_wconf 91' lang='lat' dir='ltr'><strong>sum,</strong></span> 
     </span>
     <span class='ocr_line' id='line_1_36' title="bbox 126 3679 1228 3753; baseline 0.006 -13"><span class='ocrx_word' id='word_1_322' title='bbox 126 3681 305 3740; x_wconf 80' lang='lat' dir='ltr'><strong>Adrasteam</strong></span> <span class='ocrx_word' id='word_1_323' title='bbox 328 3681 431 3753; x_wconf 89' lang='lat' dir='ltr'><strong>adoro,</strong></span> <span class='ocrx_word' id='word_1_324' title='bbox 451 3689 480 3738; x_wconf 89' lang='lat' dir='ltr'><strong>et</strong></span> <span class='ocrx_word' id='word_1_325' title='bbox 498 3679 595 3738; x_wconf 91' lang='lat' dir='ltr'><strong>habeo</strong></span> <span class='ocrx_word' id='word_1_326' title='bbox 621 3679 675 3737; x_wconf 89' lang='lat' dir='ltr'><strong>diis</strong></span> <span class='ocrx_word' id='word_1_327' title='bbox 697 3679 905 3739; x_wconf 87' lang='lat' dir='ltr'><strong>immortalibus</strong></span> <span class='ocrx_word' id='word_1_328' title='bbox 930 3690 961 3740; x_wconf 90' lang='lat' dir='ltr'><strong>et</strong></span> <span class='ocrx_word' id='word_1_329' title='bbox 982 3683 1123 3742; x_wconf 89' lang='lat' dir='ltr'><strong>universis</strong></span> <span class='ocrx_word' id='word_1_330' title='bbox 1144 3688 1228 3746; x_wconf 84' lang='lat' dir='ltr'><strong>vobis</strong></span> 
     </span>
     <span class='ocr_line' id='line_1_37' title="bbox 125 3771 1229 3852; baseline 0.005 -18"><span class='ocrx_word' id='word_1_331' title='bbox 125 3793 263 3852; x_wconf 80' lang='lat' dir='ltr'><strong>magnam</strong></span> <span class='ocrx_word' id='word_1_332' title='bbox 277 3774 411 3852; x_wconf 85' lang='lat' dir='ltr'><strong>gratiam,</strong></span> <span class='ocrx_word' id='word_1_333' title='bbox 427 3771 633 3838; x_wconf 84' lang='lat' dir='ltr'><strong>Athenienses,</strong></span> <span class='ocrx_word' id='word_1_334' title='bbox 645 3772 696 3848; x_wconf 91' lang='lat' dir='ltr'><strong>qui</strong></span> <span class='ocrx_word' id='word_1_335' title='bbox 707 3790 755 3831; x_wconf 87' lang='lat' dir='ltr'><strong>me</strong></span> <span class='ocrx_word' id='word_1_336' title='bbox 765 3773 976 3833; x_wconf 84' lang='lat' dir='ltr'><strong>conservastis:</strong></span> <span class='ocrx_word' id='word_1_337' title='bbox 999 3785 1031 3834; x_wconf 86' lang='lat' dir='ltr'><strong>tu</strong></span> <span class='ocrx_word' id='word_1_338' title='bbox 1046 3785 1144 3835; x_wconf 82' lang='lat' dir='ltr'><strong>autem</strong></span> <span class='ocrx_word' id='word_1_339' title='bbox 1157 3779 1229 3841; x_wconf 88' lang='lat' dir='ltr'><strong>nihil</strong></span> 
     </span>
     <span class='ocr_line' id='line_1_38' title="bbox 125 3863 1231 3944; baseline 0.006 -19"><span class='ocrx_word' id='word_1_340' title='bbox 125 3885 259 3944; x_wconf 90' lang='lat' dir='ltr'><strong>nnqnam</strong></span> <span class='ocrx_word' id='word_1_341' title='bbox 273 3865 371 3924; x_wconf 81' lang='lat' dir='ltr'><strong>dixisti</strong></span> <span class='ocrx_word' id='word_1_342' title='bbox 384 3865 453 3933; x_wconf 84' lang='lat' dir='ltr'><strong>veri,</strong></span> <span class='ocrx_word' id='word_1_343' title='bbox 469 3863 523 3924; x_wconf 83' lang='lat' dir='ltr'><strong>sed</strong></span> <span class='ocrx_word' id='word_1_344' title='bbox 534 3864 675 3922; x_wconf 87' lang='lat' dir='ltr'><strong>mendacii</strong></span> <span class='ocrx_word' id='word_1_345' title='bbox 690 3882 804 3943; x_wconf 84' lang='lat' dir='ltr'><strong>semper</strong></span> <span class='ocrx_word' id='word_1_346' title='bbox 818 3865 850 3924; x_wconf 87' lang='lat' dir='ltr'><strong>es</strong></span> <span class='ocrx_word' id='word_1_347' title='bbox 864 3866 1028 3926; x_wconf 86' lang='lat' dir='ltr'><strong>convictus.</strong></span> <span class='ocrx_word' id='word_1_348' title='bbox 1063 3868 1187 3935; x_wconf 87' lang='lat' dir='ltr'><strong>Quodsi</strong></span> <span class='ocrx_word' id='word_1_349' title='bbox 1197 3873 1231 3933; x_wconf 84' lang='lat' dir='ltr'><strong>hi</strong></span> 
     </span>
     <span class='ocr_line' id='line_1_39' title="bbox 110 3955 1230 4046; baseline -0.005 -26"><span class='ocrx_word' id='word_1_350' title='bbox 110 3960 225 4038; x_wconf 84' lang='lat' dir='ltr'><strong>-sopita</strong></span> <span class='ocrx_word' id='word_1_351' title='bbox 237 3959 336 4036; x_wconf 85' lang='lat' dir='ltr'><strong>legum</strong></span> <span class='ocrx_word' id='word_1_352' title='bbox 352 3957 535 4027; x_wconf 89' lang='lat' dir='ltr'><strong>auctoritate,</strong></span> <span class='ocrx_word' id='word_1_353' title='bbox 549 3955 637 4015; x_wconf 86' lang='lat' dir='ltr'><strong>hodie</strong></span> <span class='ocrx_word' id='word_1_354' title='bbox 656 3965 685 4016; x_wconf 90' lang='lat' dir='ltr'><strong>te</strong></span> <span class='ocrx_word' id='word_1_355' title='bbox 704 3958 891 4025; x_wconf 80' lang='lat' dir='ltr'><strong>absolverint,</strong></span> <span class='ocrx_word' id='word_1_356' title='bbox 912 3977 992 4046; x_wconf 79' lang='lat' dir='ltr'><strong>nnuc</strong></span> <span class='ocrx_word' id='word_1_357' title='bbox 1006 3977 1052 4018; x_wconf 87' lang='lat' dir='ltr'><strong>me</strong></span> <span class='ocrx_word' id='word_1_358' title='bbox 1065 3967 1147 4020; x_wconf 83' lang='lat' dir='ltr'><strong>reum</strong></span> <span class='ocrx_word' id='word_1_359' title='bbox 1163 3981 1230 4043; x_wconf 74' lang='lat' dir='ltr'><strong>per.</strong></span> 
     </span>
     <span class='ocr_line' id='line_1_40' title="bbox 127 4048 1230 4131; baseline 0.007 -19"><span class='ocrx_word' id='word_1_360' title='bbox 127 4048 220 4131; x_wconf 67' lang='lat' dir='ltr'><strong>ages?</strong></span> <span class='ocrx_word' id='word_1_361' title='bbox 234 4051 309 4118; x_wconf 59' lang='lat' dir='ltr'><strong>¹(Quo</strong></span> <span class='ocrx_word' id='word_1_362' title='bbox 330 4049 472 4108; x_wconf 72' lang='lat' dir='ltr'><strong>crimine?</strong></span> <span class='ocrx_word' id='word_1_363' title='bbox 498 4048 547 4108; x_wconf 88' lang='lat' dir='ltr'><strong>Sic</strong></span> <span class='ocrx_word' id='word_1_364' title='bbox 560 4048 635 4108; x_wconf 90' lang='lat' dir='ltr'><strong>enim</strong></span> <span class='ocrx_word' id='word_1_365' title='bbox 650 4049 843 4109; x_wconf 83' lang='lat' dir='ltr'><strong>considerate.</strong></span> <span class='ocrx_word' id='word_1_366' title='bbox 876 4049 1030 4108; x_wconf 86' lang='lat' dir='ltr'><strong>Biennium</strong></span> <span class='ocrx_word' id='word_1_367' title='bbox 1044 4052 1107 4130; x_wconf 88' lang='lat' dir='ltr'><strong>jam</strong></span> <span class='ocrx_word' id='word_1_368' title='bbox 1125 4055 1230 4120; x_wconf 88' lang='lat' dir='ltr'><strong>iste&#39;vi</strong></span> 
     </span>
     <span class='ocr_line' id='line_1_41' title="bbox 126 4137 1231 4221; baseline 0.006 -16"><span class='ocrx_word' id='word_1_369' title='bbox 126 4143 330 4211; x_wconf 86' lang='lat' dir='ltr'><strong>concionatur,</strong></span> <span class='ocrx_word' id='word_1_370' title='bbox 341 4142 421 4221; x_wconf 89' lang='lat' dir='ltr'><strong>qnod</strong></span> <span class='ocrx_word' id='word_1_371' title='bbox 431 4143 459 4200; x_wconf 91' lang='lat' dir='ltr'><strong>ei</strong></span> <span class='ocrx_word' id='word_1_372' title='bbox 469 4142 566 4202; x_wconf 84' lang='lat' dir='ltr'><strong>lacere</strong></span> <span class='ocrx_word' id='word_1_373' title='bbox 577 4161 636 4202; x_wconf 88' lang='lat' dir='ltr'><strong>non</strong></span> <span class='ocrx_word' id='word_1_374' title='bbox 646 4142 723 4212; x_wconf 89' lang='lat' dir='ltr'><strong>licet,</strong></span> <span class='ocrx_word' id='word_1_375' title='bbox 734 4141 788 4200; x_wconf 91' lang='lat' dir='ltr'><strong>sed</strong></span> <span class='ocrx_word' id='word_1_376' title='bbox 797 4137 987 4202; x_wconf 87' lang='lat' dir='ltr'><strong>concionatur</strong></span> <span class='ocrx_word' id='word_1_377' title='bbox 997 4153 1104 4206; x_wconf 90' lang='lat' dir='ltr'><strong>tamen.</strong></span> <span class='ocrx_word' id='word_1_378' title='bbox 1115 4147 1231 4212; x_wconf 89' lang='lat' dir='ltr'><strong>Deinde</strong></span> 
     </span>
     <span class='ocr_line' id='line_1_42' title="bbox 127 4233 1230 4316; baseline 0.008 -22"><span class='ocrx_word' id='word_1_379' title='bbox 127 4237 241 4294; x_wconf 88' lang='lat' dir='ltr'><strong>interea</strong></span> <span class='ocrx_word' id='word_1_380' title='bbox 255 4235 393 4294; x_wconf 88' lang='lat' dir='ltr'><strong>miserum</strong></span> <span class='ocrx_word' id='word_1_381' title='bbox 407 4233 576 4300; x_wconf 89' lang='lat' dir='ltr'><strong>Phocidem,</strong></span> <span class='ocrx_word' id='word_1_382' title='bbox 602 4243 632 4294; x_wconf 88' lang='lat' dir='ltr'><strong>et</strong></span> <span class='ocrx_word' id='word_1_383' title='bbox 649 4234 762 4294; x_wconf 85' lang='lat' dir='ltr'><strong>fabrum</strong></span> <span class='ocrx_word' id='word_1_384' title='bbox 783 4233 864 4292; x_wconf 89' lang='lat' dir='ltr'><strong>illum</strong></span> <span class='ocrx_word' id='word_1_385' title='bbox 879 4234 1013 4295; x_wconf 89' lang='lat' dir='ltr'><strong>cerarium</strong></span> <span class='ocrx_word' id='word_1_386' title='bbox 1041 4237 1230 4316; x_wconf 75' lang='lat' dir='ltr'><strong>Piraeensem,</strong></span> 
     </span>
     <span class='ocr_line' id='line_1_43' title="bbox 128 4326 1232 4407; baseline 0.005 -19"><span class='ocrx_word' id='word_1_387' title='bbox 128 4337 161 4388; x_wconf 88' lang='lat' dir='ltr'><strong>et</strong></span> <span class='ocrx_word' id='word_1_388' title='bbox 174 4326 338 4397; x_wconf 85' lang='lat' dir='ltr'><strong>coriarium,</strong></span> <span class='ocrx_word' id='word_1_389' title='bbox 353 4335 384 4385; x_wconf 90' lang='lat' dir='ltr'><strong>et</strong></span> <span class='ocrx_word' id='word_1_390' title='bbox 396 4327 421 4384; x_wconf 90' lang='lat' dir='ltr'><strong>si</strong></span> <span class='ocrx_word' id='word_1_391' title='bbox 436 4345 510 4404; x_wconf 92' lang='lat' dir='ltr'><strong>qnos</strong></span> <span class='ocrx_word' id='word_1_392' title='bbox 525 4326 600 4386; x_wconf 89' lang='lat' dir='ltr'><strong>alios</strong></span> <span class='ocrx_word' id='word_1_393' title='bbox 612 4326 692 4406; x_wconf 93' lang='lat' dir='ltr'><strong>apud</strong></span> <span class='ocrx_word' id='word_1_394' title='bbox 705 4345 757 4385; x_wconf 84' lang='lat' dir='ltr'><strong>vos</strong></span> <span class='ocrx_word' id='word_1_395' title='bbox 777 4327 934 4396; x_wconf 86' lang='lat' dir='ltr'><strong>accusavit,</strong></span> <span class='ocrx_word' id='word_1_396' title='bbox 958 4335 1083 4407; x_wconf 83' lang='lat' dir='ltr'><strong>peccare</strong></span> <span class='ocrx_word' id='word_1_397' title='bbox 1105 4331 1135 4391; x_wconf 92' lang='lat' dir='ltr'><strong>in</strong></span> <span class='ocrx_word' id='word_1_398' title='bbox 1155 4355 1232 4393; x_wconf 92' lang='lat' dir='ltr'><strong>rem-</strong></span> 
     </span>
     <span class='ocr_line' id='line_1_44' title="bbox 127 4417 1231 4498; baseline 0.007 -20"><span class='ocrx_word' id='word_1_399' title='bbox 127 4418 278 4498; x_wconf 86' lang='lat' dir='ltr'><strong>publicam</strong></span> <span class='ocrx_word' id='word_1_400' title='bbox 292 4417 384 4479; x_wconf 85' lang='lat' dir='ltr'><strong>ridit:</strong></span> <span class='ocrx_word' id='word_1_401' title='bbox 406 4429 563 4478; x_wconf 88' lang='lat' dir='ltr'><strong>meantem</strong></span> <span class='ocrx_word' id='word_1_402' title='bbox 578 4437 638 4486; x_wconf 85' lang='lat' dir='ltr'><strong>noo¹</strong></span> <span class='ocrx_word' id='word_1_403' title='bbox 652 4417 733 4490; x_wconf 85' lang='lat' dir='ltr'><strong>vidit,</strong></span> <span class='ocrx_word' id='word_1_404' title='bbox 754 4427 908 4490; x_wconf 89' lang='lat' dir='ltr'><strong>oratorem,</strong></span> <span class='ocrx_word' id='word_1_405' title='bbox 924 4417 953 4478; x_wconf 85' lang='lat' dir='ltr'><strong>in</strong></span> <span class='ocrx_word' id='word_1_406' title='bbox 965 4431 1051 4497; x_wconf 87' lang='lat' dir='ltr'><strong>quent</strong></span> <span class='ocrx_word' id='word_1_407' title='bbox 1066 4421 1231 4486; x_wconf 71' lang='lat' dir='ltr'><strong>bostili&#39;init</strong></span> 
     </span>
    </p>
   </div>
   <div class='ocr_carea' id='block_1_6' title="bbox 0 0 1476 4946">
    <p class='ocr_par' dir='ltr' id='par_1_7' title="bbox 0 0 1476 4946">
     <span class='ocr_line' id='line_1_45' title="bbox 0 0 1476 4946; baseline 0 0"><span class='ocrx_word' id='word_1_408' title='bbox 0 0 1476 4946; x_wconf 95' lang='lat' dir='ltr'><strong> </strong></span> 
     </span>
    </p>
   </div>
  </div>
 </body>
</html>
