2946 4954
394 323 450 384 us
472 325 586 384 ιιιιιι
609 323 742 384 onsrn
764 304 1019 384 ιιιιιιιοιιιζ
1140 405 1146 416 .
1197 325 1262 382 ιιι

154 481 243 560 sium,
259 503 386 562 eumque
396 485 433 545 ad
447 470 614 564 Philippum
629 483 757 544 remisit?
778 483 861 568 Post,
874 485 923 545 iile
940 485 1134 546 conductitios
1151 482 1262 562 milites

155 575 290 650 adduxit,
305 578 396 638 alter'
388 588 466 638 rrrtus
481 580 572 639 talia
564 579 711 638 instruxit.
733 579 801 637 Non
814 579 891 637 eninr
905 589 961 652 est,
975 600 1035 639 non
1045 579 1200 658 quicquam
1212 587 1259 636 est

154 688 248 728 rerum
260 671 388 729 omnium
392 671 493 751 ,quod
503 672 597 750 magis
609 671 648 730 sit
657 671 820 730 cavendum
823 691 927 750 ‚quarn
941 691 1079 764 nequem
1093 669 1183 748 vulgo
1193 689 1256 727 rna-

149 760 244 839 joram
258 763 321 822 fieri
334 763 494 842 patiamini.
516 765 564 823 Ne
575 763 642 822 mihi
658 763 695 822 sit
705 764 870 834 incolumis,
882 783 976 842 neque
985 783 1053 823 vero
1067 772 1167 842 pereat
1176 761 1256 840 quis-

152 871 250 930 quam,
265 855 339 915 certi
353 854 508 942 cujusdam
523 856 597 916 arbit
585 850 673 926 tratri,
686 854 756 914 sed
750 875 774 915 rs
788 873 873 934 quern
889 855 977 914 facta
979 875 1033 914 sua
1042 864 1170 927 tuentur,
1185 875 1256 914 con-

152 951 265 1025 traque,
281 958 314 1007 ut
323 949 374 1027 jus
388 958 419 1008 et
431 969 548 1028 aequum
561 958 617 1020 est,
636 949 678 1006 in.
681 949 769 1008 istum
785 948 930 1008 sententia
942 945 1059 1007 feratur
1092 947 1158 1006 Hoc
1178 947 1255 1006 enim

153 1040 295 1118 populare
309 1051 383 1118 est.¹
440 1091 442 1094 .
876 1059 877 1064 ¹

197 1133 245 1190 83.
266 1133 336 1193 Jam
353 1153 434 1213 saepe
448 1134 564 1205 accidit,
581 1143 615 1192 ut
632 1153 686 1213 pro
707 1133 818 1192 ratione
839 1143 1014 1212 temporum,
1037 1130 1154 1210 quidam
1176 1129 1255 1209 apud

151 1241 203 1283 vos
216 1225 338 1285 multum
347 1226 504 1304 potuerint,
516 1224 744 1285 utCaliistratus
753 1225 814 1298 ille,
824 1235 856 1284 ut
870 1219 1040 1306 Aristopho,
1055 1215 1255 1302 Diophantus,
1364 1290 1366 1293 .

153 1316 202 1398 alii
214 1316 260 1376 his
274 1317 463 1398 antiquiores.
486 1318 546 1377 Sed
558 1319 609 1377 ubi
621 1316 727 1394 horum
746 1317 854 1396 singuli
867 1316 1062 1396 principatum
1076 1313 1258 1375 tenuerunt?-

153 1410 247 1488 Apud
260 1412 412 1490 populum.
435 1411 471 1470 In
480 1409 599 1491 judiciis
614 1419 722 1484 autem,
737 1409 775 1468 ad
782 1409 957 1470 hodiernum
970 1427 1063 1486 usque
1078 1408 1154 1468 diem
1167 1426 1254 1490 nemo

151 1501 200 1560 vel
209 1503 302 1575 robis,
317 1503 365 1562 vel
375 1504 500 1582 legibus,
511 1503 558 1562 vel
569 1503 762 1583 jurejurando
775 1500 841 1581 plus
850 1501 955 1562 ualuit.
978 1502 1081 1578 ltaque
1094 1521 1149 1560 nec
1163 1500 1252 1560 istum

150 1613 232 1653 nuno
251 1595 365 1655 sinatis'
399 1595 485 1656 Hanc
509 1597 585 1654 enim
606 1613 666 1652 rem
680 1593 762 1654 vobis
782 1594 876 1674 magis
892 1613 957 1652 esse
972 1593 1144 1666 cavendam,
1163 1612 1253 1670 quam

150 1683 215 1744 istis
229 1685 391 1759 fidendum,
405 1698 439 1747 ut
452 1687 562 1760 sciatis,
577 1705 749 1766 responsa
732 1686 851 1745 deorum
864 1685 946 1746 uobis
960 1685 1099 1764 recitabo,
1113 1684 1162 1762 qui
1177 1703 1252 1744 sem-

149 1797 203 1856 per
216 1765 310 1839 multo
323 1781 415 1882 magis
430 1771 641 1861 rempublicam
655 1788 784 1852 tuentur,
796 1779 885 1857 quam
897 1779 954 1858 ipsi
961 1779 1171 1881 magistratus.
1191 1777 1256 1838 Re-

61 1889 67 1896 *
149 1870 364 1935 citaoracula.
448 1921 454 1926 .

595 2085 806 2162 ORACULA.

150 2200 279 2302 Auditis,
294 2229 503 2309 Athenienses,
519 2233 619 2311 qualia
631 2233 672 2292 dii
684 2233 769 2318 vohis
784 2228 966 2312 praedicant?
986 2228 1046 2307 qui,
1060 2247 1084 2286 ιι
1076 2225 1163 2286 belli
1177 2235 1251 2286 tern-

149 2341 219 2400 pore
242 2325 325 2383 vohis
350 2325 416 2385 haec
440 2325 673 2430 respondissent,
696 2325 885 2410 imperatores
906 2319 1053 2381 cavendos
1081 2329 1147 2378 esse
1168 2319 1251 2378 vobis
1279 2322 1301 2340 “·

149 2415 332 2475 monuissent
345 2417 425 2506 (belii
439 2419 517 2476 enim
531 2419 622 2477 duces
643 2423 713 2476 sunt
732 2402 943 2500 imperatores),
963 2421 994 2471 at
1006 2429 1079 2490 paee
1093 2411 1183 2482 facta,
1196 2412 1253 2470 rei·

148 2506 276 2585 publicae
295 2501 516 2598 gubernatores.
551 2511 592 2568 Hi
606 2509 683 2568 enim
698 2509 791 2566 duces
805 2517 884 2576 sunt,
897 2507 942 2594 his
955 2524 1008 2566 vos
1021 2505 1139 2584 paretis,
1154 2507 1191 2565 ab
1207 2505 1251 2565 his

147 2597 310 2680 periculum
333 2613 401 2672 est,
400 2623 448 2659 ne
462 2595 666 2683 decipiamini
692 2585 803 2658 Urbem
825 2587 912 2678 porro
935 2584 1196 2676 conjungendam
1185 2619 1251 2660 esse

147 2703 249 2752 monet
262 2680 421 2764 oraculum,
437 2702 470 2752 ut
483 2697 584 2752 omnes
607 2693 804 2765 consentiant,
822 2711 898 2753 neve
916 2693 1051 2752 hostibus
1062 2693 1251 2798 'uoluptatem

146 2786 310 2864 praebeant.
353 2784 480 2844 Utrum'
473 2785 561 2880 igitur
574 2783 696 2867 putatis,
711 2784 919 2858 Athenienses,
939 2804 1006 2844 eum
1020 2785 1070 2872 qui
1082 2794 1128 2845 tot
1140 2785 1253 2847 scelera

145 2877 333 2968 perpetravit,
347 2871 562 2962 conservatum,
578 2895 616 2936 an
630 2861 802 2960 mulctatum
806 2865 1010 2957 ,voluptatem
1024 2877 1161 2956 Philippo
1175 2899 1251 2958 prae-

144 2961 296 3028 bitururni
314 2958 461 3049 Equidem
477 2969 579 3048 opinor
598 2955 813 3030 conseruatum.
840 2969 952 3032 Asserit
971 2979 1070 3028 autem
1088 2970 1250 3043 oraculum,
1316 2959 1317 2962 ¹

145 3081 265 3140 semper
278 3081 343 3123 esse
358 3062 522 3124 curandum
536 3083 583 3122 ne
594 3062 693 3123 hostes
707 3049 866 3142 gaudeant.
891 3061 1023 3121 Omnes
1015 3063 1103 3141 igitur
1115 3053 1250 3123 hortatur

144 3175 207 3214 uno
216 3153 328 3229 animo,
341 3156 378 3216 ad
386 3144 550 3236 puniendos
561 3175 612 3216 eos
621 3171 672 3235 qur
663 3155 791 3236 aliquid
801 3141 889 3216 officii
898 3142 1031 3214 hostibus
1041 3155 1250 3242 prestiterunt,

144 3247 273 3326 Jupiter,
295 3247 403 3319 Dione,
423 3267 524 3309 omnes
535 3247 612 3308 dii.
630 3243 711 3309 Foris
732 3259 801 3310 sunt
823 3249 874 3330 qui
894 3235 1078 3321 insidientur,
1101 3248 1179 3307 intus
1199 3243 1261 3338 qui¹

137 3341 249 3418 juvent
267 3333 461 3402 insidiatores.
491 3340 621 3428 Proinde
639 3340 841 3402 insidiatorum
860 3359 968 3400 munus
984 3349 1029 3400 cst
1031 3339 1170 3420 ,largiri.
1195 3333 1249 3404 ad·

135 3433 273 3513 jutorum
287 3427 396 3509 autem,
410 3421 554 3514 accipere,
572 3445 603 3496 et
616 3453 667 3494 eos
688 3435 738 3516 qui
751 3435 926 3516 acceperint,
940 3433 1062 3494 tueri.-
1128 3445 1130 3448 “

185 3531 237 3586 84.
256 3527 276 3586 J
279 3547 325 3586 am
338 3527 469 3588 humana
481 3528 567 3588 etiam
580 3527 737 3607 prudentia
750 3527 875 3634 perspici
882 3535 996 3634 potest,
1010 3526 1140 3612 omnium
1152 3527 1249 3614 inimi-

140 3621 294 3680 cissimum
306 3641 384 3692 esse,
399 3631 430 3680 et
447 3621 574 3679 maxime
589 3620 797 3700 periculosum,
812 3621 837 3680 si
855 3621 991 3701 princeps
1014 3607 1140 3681 civitatis
1155 3621 1189 3681 iis
1203 3620 1247 3680 fa·

138 3713 261 3772 miliaris
273 3715 335 3782 fiat,
349 3731 472 3800 quorum
487 3712 574 3770 animi
589 3731 607 3770 a
620 3712 720 3802 populi
735 3713 838 3772 studiis
853 3714 1018 3774 abhorrent.
1040 3713 1155 3780 Quibus
1170 3713 1247 3772 enim

136 3806 231 3865 rebus
243 3797 396 3882 Philippus
406 3822 507 3863 ornnes
513 3803 679 3890 subegerit,
694 3823 754 3882 qua
768 3804 880 3865 ratione
893 3801 1022 3866 ιιιιιιιιιιι
1031 3824 1159 3890 quaeque
1175 3825 1247 3866 con-

137 3898 264 3969 fecerit,
269 3905 410 3984 spectate.
429 3883 576 3956 Emendis
591 3896 755 3957 actionibus
768 3899 837 3958 ah‘'
820 3919 854 3958 ιιι
868 3919 918 3978 qur
909 3899 1105 3973 vendebant,
1117 3915 1247 3960 corrum-

135 3988 247 4072 pendis
254 3987 435 4068 pmncrprbus
445 3987 595 4048 civitatum
598 4008 708 4067 usque
718 3992 906 4051 extollendis
929 3991 1004 4049 Hoec
1015 3993 1251 4073 antemutraqtie

133 4084 170 4142 in
183 4091 284 4142 vestra
293 4091 444 4161 potestate
464 4090 519 4155 est,
538 4080 638 4154 hodie,
659 4081 684 4142 si
706 4083 806 4157 vultis,
824 4081 948 4142 facere
940 4081 1033 4166 irrita,
1052 4082 1078 4140 si
1097 4092 1128 4143 et
1145 4085 1246 4146 audire

132 4177 216 4235 istos
237 4169 354 4245 noletis,
369 4193 420 4252 qur
411 4173 541 4234 talibus
560 4161 728 4234 hominibus
750 4175 980 4254 patrocinantur,
1002 4175 1055 4234 sed
1073 4177 1250 4251 ostendetis,
1265 4201 1267 4204 ⁴

131 4266 264 4327 nullam
272 4285 374 4328 eorum
389 4285 457 4328 esse
471 4265 551 4347 'apud
569 4285 622 4326 vos
643 4266 845 4326 auctoritatem
865 4269 957 4344 (nune
979 4267 1056 4326 enirn
1070 4289 1122 4328 vos
1144 4271 1173 4328 iri
1181 4263 1251 4330 'sua'

128 4368 287 4441 potestate
302 4357 367 4419 e'sse
381 4359 507 4435 dicunt),
522 4368 552 4419 et
565 4359 662 4442 ipsum
677 4358 859 4418 venditorem
872 4359 1015 4438 punietis,
1026 4361 1136 4441 idque
1129 4381 1158 4420 ιιι
1174 4379 1252 4421 con-⁴

10 4471 13 4478 ’
125 4450 398 4542 speetuomnium.
427 4453 512 4516 ¹-Nam
527 4471 593 4516 curn
614 4443 830 4530 omnihusjure
854 4449 1022 4528 irascimini,
1039 4447 1249 4528 Athenienses,
1312 4503 1317 4512 .
1361 4480 1365 4488 ·

582 4591 592 4598 .,
666 4547 725 4605 aa
1114 4565 1117 4578 ι
