2920 4950
238 233 277 293 ru
627 195 946 306 ¹uuuuunuuuu.

238 385 336 442 ditim
347 388 523 444 Atbencrum.
541 387 736 458 Cherrouecita,
749 392 860 465 imperio
872 387 1336 458 caeterorummetum,

236 477 263 522 et
274 469 396 524 cumillis
406 468 537 528 domicilia
548 489 680 544 agrooque
689 491 748 528 euos
757 474 854 545 pertiti
864 479 934 528 sunt.
963 471 1090 526 Gordiani
1107 469 1156 523 coli
1166 467 1337 540 reprime

236 549 380 605 libertatem
391 571 465 607 cuum
477 554 641 608 imminutum
649 556 686 608 iri
697 554 858 610 simulanter.
878 554 940 608 Hoc
951 553 1098 626 reipublice
1110 553 1219 626 dedecus
1230 548 1336 604 munina

236 629 410 688 ulciscendum
426 646 501 690 ratus
512 632 660 708 Diopitbcs,
677 631 781 708 iujueeu
792 636 904 691 muitutu
914 637 1019 706 infiuec
1031 631 1224 689 &rdiorwrum
1234 631 1337 706 inferro

237 713 353 768 euercitu
369 717 447 771 uenit.
466 715 508 771 Hi
521 718 557 772 ad
567 717 723 792 Philippum
734 717 898 792 consicpiuut,
913 718 958 788 qui
968 735 1056 771 eorum
1067 715 1175 769 tutelam
1187 714 1298 768 libenter
1309 713 1337 766 iu

236 811 264 848 ce
277 797 397 866 succepit.
433 797 575 872 Diopitleer
592 799 754 871 defensorem
770 799 963 854 Gordianorum
978 797 1120 864 rebellium,
1141 797 1238 852 bouem
1249 795 1338 868 reipu-

238 876 448 950 blicoejudicaur,
457 891 482 934 ct
493 891 585 936 nactur
593 891 768 953 opportunum
778 892 887 953 tempus,
900 881 1003 954 quondo
1015 879 1161 950 Philippus
1171 877 1236 932 bello
1247 879 1339 930 aduer-

237 977 282 1014 ιω
296 957 458 1016 Amadolum
473 960 648 1034 Odrysiorum
659 981 746 1032 repom
764 965 792 1018 in
814 963 931 1020 lhracia
943 961 1076 1034 superiori
1090 970 1272 1032 occuparetur,
1284 977 1338 1014 rna·

237 1043 354 1098 ritimam
366 1043 517 1110 Thraciam,
530 1064 586 1128 puoe
603 1045 744 1101 Macedoni
753 1046 871 1117 parebat,
882 1045 1015 1117 repentina
1026 1042 1172 1098 incursione
1183 1041 1336 1114 populatur,

237 1128 369 1199 ingentem
378 1131 496 1198 prndium
505 1129 605 1199 aufert,
617 1139 643 1184 et
651 1129 806 1201 priusquam
816 1130 903 1184 redire
910 1137 998 1200 posset
1009 1126 1166 1197 Pttltppm,
1177 1140 1338 1194 ceruumque

236 1212 356 1282 prodam
372 1211 400 1263 in
411 1220 496 1265 tutum
506 1211 610 1283 recipit.
629 1205 780 1282 Pleilippus,
792 1207 969 1282 cum'iujuria
980 1219 1009 1264 ut
1025 1207 1101 1263 libuit
1111 1207 1272 1262 uindimudn
1287 1223 1338 1260 non

238 1293 301 1346 dato
313 1301 376 1346 esset
386 1289 467 1361 copiu,
480 1293 545 1346 ratic
552 1289 639 1346 lubuit
648 1309 699 1364 per
708 1293 798 1346 literae
808 1294 881 1363 opud
892 1289 1191 1361 Atbmiemec'grocitcr
1201 1290 1336 1360 conqueri.

240 1374 407 1428 Merceuorii
423 1374 510 1446 itaque
527 1384 644 1430 oratores
663 1375 789 1446 Philippo
806 1375 983 1441 inservientes,
1002 1375 1032 1428 in
1047 1372 1191 1445 Diopithm
1210 1373 1338 1444 uccmim

238 1456 343 1521 inuecti,
354 1454 489 1509 latrocinii
495 1456 622 1510 bominem
630 1465 654 1510 ct
663 1455 872 1528 mahtisoederir
883 1465 1013 1520 occurant,
1023 1467 1050 1511 et
1057 1465 1086 1509 ut
1093 1465 1261 1508 reuocaretur
1268 1457 1339 1524 effla-

237 1537 335 1606 pitaut.
357 1535 543 1592 Demoetbeuor
551 1536 660 1595 salutem
671 1537 809 1609 Diopitlu's
820 1555 879 1596 curn
889 1538 1037 1609 reipublice
1047 1536 1160 1592 utilitate
1174 1536 1338 1608 cunjunctam

241 1637 356 1686 cernerer,
373 1637 479 1672 coucam
490 1619 547 1694 pree
557 1619 744 1688 defendendam
755 1621 871 1690 surripit.
889 1619 1023 1690 Diopitlsir
1034 1617 1138 1689 cuipam
1149 1619 1177 1671 iu
1187 1617 1304 1689 inopiam
1314 1629 1338 1672 et

239 1704 375 1772 cupuctiac
395 1703 490 1775 rejicit,
508 1703 602 1774 quibui
609 1721 660 1775 per
671 1704 816 1757 socordiam
833 1703 926 1758 ciuium
935 1711 1117 1774 premeretur:
1133 1701 1234 1754 auimoe
1249 1717 1338 1754 ermom

240 1787 277 1838 ad
293 1785 448 1856 Philippum
460 1783 583 1850 conuerti,
594 1785 650 1857 q'ue
661 1795 742 1858 coepta
753 1785 857 1840 barula
869 1797 895 1840 et
897 1784 999 1854 studeri
1010 1785 1118 1840 adrem
1129 1785 1278 1839 mouerat:
1295 1785 1338 1836 do·

241 1876 282 1920 cet
299 1867 415 1936 denique,
427 1887 441 1920 e
458 1867 589 1938 republica
598 1867 703 1937 facere,
715 1877 739 1922 et
749 1867 854 1940 gratier
865 1867 968 1938 mereri,
986 1867 1134 1942 primusque
1146 1865 1210 1935 tales
1228 1875 1338 1922 conatus

240 1949 433 2020 reprimeretur
448 1948 624 2004 ulcisceretur.

220 2383 221 2386 κ
263 2331 286 2385 ῑι
368 2311 528 2404 neuun
552 2337 851 2402 lneuuuuuuu
879 2340 925 2400 ru
952 2339 1206 2404 ouuurouuu

612 2445 668 2507 nu
683 2445 968 2507 cuunsouusu

185 2606 191 2614 ‘
277 2589 446 2640 Hecoretioue
454 2590 578 2652 Dicpithee
586 2589 727 2644 defenditur,
738 2587 863 2638 etcuimine
870 2587 905 2656 illi
912 2587 973 2650 epuli
980 2587 1137 2639 Athenienses
1147 2589 1339 2652 chicctcbiluuu·

244 2671 291 2714 tur.
313 2666 366 2712 uuit
381 2665 441 2714 euim
452 2667 550 2714 Threcia
562 2666 722 2714 chersonesus
736 2663 829 2725 entique
844 2664 963 2725 possessio
974 2665 1150 2717 Atheniensium
1159 2666 1223 2726 ;,qui
1236 2665 1339 2728 Philippi

244 2741 390 2806 temporibus
401 2742 495 2790 colonos
505 2759 518 2789 e
533 2742 585 2790 suis
596 2740 688 2789 ciuibus
698 2739 756 2787 iiiuc
766 2739 888 2798 micarunt,
898 2739 972 2788 ueteri
983 2755 1048 2790 mure
1059 2757 1111 2798 suc,
1121 2757 1167 2802 quc
1177 2757 1294 2803 pauperes
1304 2749 1338 2800 et2
1436 2789 1437 2792 ,

245 2834 290 2880 que
302 2818 383 2878 inopes
393 2819 458 2866 ciues
469 2819 492 2866 iu
504 2826 584 2866 extera
596 2833 638 2865 sue
648 2817 735 2879 oppidu
754 2815 881 2863 hubitetum
899 2817 1048 2878 nblegebent,
1059 2818 1129 2866 ermis
1140 2824 1165 2866 et
1176 2818 1263 2866 uintico
1273 2835 1288 2869 c
1297 2833 1338 2880 pn·

243 2893 307 2942 blico
317 2895 386 2943 datie.
403 2895 431 2942 Id
440 2897 502 2957 quod
511 2911 573 2943 nunc
583 2910 676 2956 quoque
686 2894 771 2940 iactum
780 2901 824 2948 cst,
833 2892 910 2940 missis
922 2893 945 2940 ic
954 2894 1124 2942 Chersonesum
1135 2894 1234 2950 colonie,
1246 2901 1270 2944 et
1282 2895 1338 2943 Die-

243 2971 369 3034 pithoeum
386 2970 486 3032 imperio
496 2971 531 3018 eis
542 2971 662 3031 praefecto.
688 2970 723 3017 Ac
735 2967 905 3016 chersonesum
916 2968 1010 3031 quidem
1027 2970 1109 3032 reliqui
1120 2986 1162 3018 cce
1181 2971 1219 3032 qni
1242 2973 1338 3019 eirene·

178 3101 180 3104 ,
244 3053 297 3096 runt
312 3051 335 3095 iu
352 3046 487 3096 societatem
506 3049 590 3096 cedinus
611 3052 635 3093 et
653 3061 761 3108 egrotum
775 3051 930 3107 receperunt:
947 3045 1056 3093 Gurbieui
1074 3061 1137 3101 uero,
1149 3048 1212 3108 quod
1222 3048 1338 3108 regionem

246 3141 311 3173 suum
325 3131 405 3172 tencre
423 3141 448 3173 ee
464 3124 578 3178 dicerent,
590 3137 635 3170 ncn
649 3121 831 3177 Atheniensium,
842 3121 985 3185 repulerunt.
1003 3123 1091 3172 iiiuce
1108 3121 1337 3186 Dicpithe'Gardiani

244 3202 308 3249 bello
319 3217 371 3248 uum
382 3206 526 3262 peterentur.
543 3200 572 3246 ed
587 3198 720 3261 Philippum
732 3197 876 3260 confugiunt.
891 3199 919 3245 Ie
929 3198 1001 3260 igitur
1011 3216 1053 3263 per
1062 3201 1144 3258 literne
1160 3200 1338 3250 Atheniensibus

245 3277 326 3333 edicit,
337 3291 366 3328 ne
376 3273 497 3325 (indiculi
509 3276 557 3326 suis
568 3275 692 3334 clientibus
715 3273 763 3322 uim
774 3274 875 3332 incient3
890 3275 931 3324 ced
939 3277 993 3336 jure
1011 3269 1039 3323 ut¹
1048 3277 1156 3339 eguntfli
1169 3291 1242 3339 quum
1253 3277 1297 3325 eibi
1307 3278 1338 3324 ie·

245 3361 305 3402 ctam
314 3369 365 3406 esee
373 3353 478 3414 injurium
490 3358 622 3416 querentur.
639 3351 710 3410 Quod
721 3366 773 3398 uum
782 3349 937 3398 Athenienses
949 3352 1112 3409 detrectarent,
1121 3353 1209 3403 euxiiie
1218 3353 1338 3401 Gurdienie

244 3431 331 3478 mittit:
348 3445 476 3491 quumrene
487 3428 614 3489 Diopithee
626 3427 826 3489 greuitcrierens,
848 3428 903 3474 (lum
914 3427 1073 3490 Philippusin
1086 3429 1338 3492 Meditemneiseupe·
1380 3471 1386 3480 .
1436 3409 1437 3477 i

244 3507 314 3557 rioris
325 3505 429 3554 'l'hrueim
447 3519 500 3552 cum
512 3505 665 3567 Odrysicrum
679 3517 735 3565 rege
746 3503 831 3550 bellum
844 3503 913 3564 gerit,
924 3501 1062 3554 maritimum
1073 3507 1202 3562 Threciem,
1221 3522 1273 3568 ques
1290 3509 1338 3554 Me·

243 3583 328 3634 euicui
338 3583 442 3647 perebet,
449 3581 618 3630 incursionibus
629 3588 735 3630 renutet
746 3581 885 3643 populetur3
900 3596 929 3628 ec
940 3588 1061 3642 euteqnem
1072 3583 1199 3646 Philippus
1210 3591 1336 3632 reuertere·

246 3668 293 3718 tur,
306 3673 425 3722 regressus
436 3657 461 3705 in
472 3658 651 3712 Chersonesum,
661 3657 685 3703 in
695 3664 746 3704 tute
756 3671 781 3704 ec
793 3655 886 3718 recipit.
908 3657 988 3714 Quers
999 3674 1052 3707 cum
1064 3659 1190 3723 Philippue
1201 3663 1271 3710 ermis
1288 3675 1337 3708 eun

246 3737 328 3800 ulcisci
338 3752 382 3786 uon
394 3741 482 3796 posset,
494 3750 537 3794 per
546 3735 627 3782 literne
639 3734 721 3782 ducem
734 3733 800 3783 illum
811 3734 873 3794 apud
885 3735 1039 3784 Athenienses
1051 3745 1153 3792 uccuent,
1165 3744 1191 3785 nt
1207 3738 1247 3800 qui
1264 3745 1339 3802 eperte
1436 3767 1437 3800 χ

247 3831 329 3877 penem
341 3814 459 3861 vicisseci.
479 3812 588 3859 Orntnree
599 3811 676 3872 ituque
688 3810 794 3873 Philippi
806 3809 945 3868 studiosi,in
958 3813 1088 3873 Diopithen
1096 3813 1191 3870 inuecti,
1202 3815 1338 3877 supplicium
1436 3847 1437 3870 ;

250 3894 281 3940 de
292 3908 320 3938 eu
331 3891 390 3942 cumi
407 3889 505 3952 jubent:
522 3889 608 3950 quibus
618 3888 788 3937 Demosthenen
800 3887 946 3945 uiuereetue,
956 3888 1047 3950 duplici
1059 3889 1148 3937 untione
1158 3891 1284 3952 Diupithcn
1301 3892 1339 3938 de·
1436 3905 1437 3946 1

248 3970 329 4020 leniit.
345 3967 476 4016 Eumenius
493 3965 573 4028 inique
590 3965 674 4012 iecisse
687 3963 809 4025 quicquum
825 3969 911 4024 ueget;
928 3979 980 4012 num
990 3980 1043 4013 uum
1062 3965 1186 4028 Philippue
1196 3968 1266 4030 longe
1276 3967 1337 4029 prior
1436 3981 1437 3984 ¹

247 4059 329 4108 pecem
339 4043 440 4100 violarit,
452 4050 476 4090 et
486 4041 538 4089 urbi
547 4039 723 4090 Atheniensium
733 4046 823 4094 noceat,
835 4053 880 4086 non
890 4037 976 4102 injurie
986 4041 1048 4088 hunc
1056 4041 1124 4088 etiem
1137 4058 1162 4088 se
1173 4058 1216 4104 pso
1227 4043 1292 4091 hcetc
1302 4059 1338 4104 gc·
1436 4087 1437 4092 ,

246 4134 316 4180 rere,
332 4134 375 4166 uec
385 4135 439 4165 esse
455 4135 469 4165 e
489 4118 611 4179 republice
627 4132 679 4164 eum
700 4117 860 4179 imperitorum
871 4115 986 4177 supplicio
996 4116 1065 4176 effici,
1073 4126 1097 4166 et
1107 4121 1158 4178 eine
1167 4119 1294 4166 exercitum
1305 4119 1338 4166 di·
1436 4155 1437 4182 ,

247 4198 320 4252 mitti,
330 4195 371 4256 qui
382 4210 441 4241 nnnc
452 4193 585 4256 Philippum
597 4193 737 4241 Chersoneei
747 4192 812 4240 editu
823 4190 950 4254 prohibeat.
974 4194 1081 4256 Denique
1094 4196 1123 4243 ecl
1134 4196 1219 4244 bellum
1231 4197 1341 4250 hortetur,
1436 4193 1437 4240 j

248 4281 273 4326 et
284 4273 434 4322 uehementer
440 4269 578 4331 Philippum·
585 4275 687 4330 rccuset,
696 4275 723 4318 ut
732 4267 842 4338 injurium
851 4276 874 4318 et
885 4269 1042 4332 telinum,
1053 4277 1078 4320 et
1086 4271 1263 4320 Atheniensibus
1274 4271 1345 4336 sinu,
1436 4301 1437 4304 =

249 4357 274 4402 et
284 4349 379 4412 reliquis
390 4345 480 4395 Graecis
491 4339 647 4393 inuidiautcm.
701 4351 718 4364 ’“
785 4377 789 4386 .
