2946 4954
190 301 249 364 rer
503 305 725 370 snvsasns
748 288 973 369 ιιιιιιιιιιι.

190 465 286 518 utrum
300 469 421 539 prestet
441 481 529 542 penes
552 483 605 525 vos
630 483 696 525 esse
715 464 764 544 jus
788 463 943 546 largiendi,
958 471 989 522 et
1011 457 1170 539 aliquando
1183 455 1244 517 fieri
1259 465 1296 516 nt

190 543 306 630 decepti
328 553 415 613 etiam
434 555 554 636 indigno
567 556 655 617 alicui
675 558 816 618 honorem
829 555 910 616 hunc
922 552 1066 625 habeatis,
1078 572 1115 610 an
1128 569 1198 611 vero
1211 569 1297 629 pror·

192 659 242 700 sus
255 643 366 704 amissa
379 648 554 708 auctoritate
569 659 677 723 uestra,
692 669 730 709 ne
742 669 810 708 eum
824 647 944 727 quidem
956 645 1069 706 honore
1081 643 1164 704 vobis
1179 639 1298 702 afficere

191 732 280 795 licere
292 755 342 814 qur
334 736 462 816 dignus
475 735 623 800 videatur
612 741 715 820 ,prius
739 741 813 800 illud
838 740 926 819 longe
939 747 1080 818 proestare
1098 719 1298 815 comperietis.

194 829 414 895 Quamobrem?
448 835 534 902 Quia
547 835 618 895 dum
631 836 780 898 honoratis
801 837 912 942 plures,
926 855 1015 940 quam
1039 835 1189 905 decuerat,
1208 831 1301 892 multi

194 922 233 981 ad
247 924 492 986 benefaciendum
506 929 588 988 vobis
609 929 790 990 invitantur.
812 930 835 989 si
849 948 919 988 vero
932 927 1041 987 nemini
1065 927 1234 1005 quidquam,
1250 934 1301 984 et·

194 1014 278 1073 iamsi
288 1028 441 1091 mereatur,
452 1019 631 1126 ἰιιριιιιιιιι,
642 1039 743 1080 omnes
758 1018 938 1080 deterrebitis
949 1039 967 1078 a
977 1019 1074 1078 studio
1083 1019 1158 1077 bene
1167 1015 1301 1076 devobis

194 1108 336 1178 merendi.
379 1109 527 1172 Praeterea
551 1113 600 1191 qui
622 1113 744 1192 indigno
761 1113 847 1173 alicui
868 1113 1010 1173 honorem
1028 1112 1147 1182 habent,
1161 1110 1302 1170 fortassis

194 1210 227 1259 ut
241 1200 386 1280 simplices
399 1204 669 1283 reprehenduntur:
692 1207 743 1284 qui
763 1215 861 1266 autern
880 1207 956 1266 bene
981 1205 1090 1264 meritis
1113 1223 1213 1282 parem
1227 1223 1301 1282 gra-

195 1295 265 1358 tiam
270 1314 336 1355 non
350 1294 491 1366 referunt,
506 1297 611 1376 ingrati
633 1300 722 1359 animi
743 1285 852 1358 crimen
867 1300 1049 1360 incurrunt.
1067 1299 1188 1363 Quanto
1207 1296 1304 1374 igitur

196 1385 364 1466 simplicem
361 1409 459 1468 quam
474 1391 620 1468 ingratum
632 1391 724 1451 videri
746 1401 879 1471 proestat
893 1399 959 1450 tant
959 1411 977 1448 o
997 1391 1086 1494 etiam
1088 1387 1304 1468 praestabilius

195 1492 242 1540 est
254 1481 332 1542 banc
345 1482 442 1562 legem
456 1485 590 1581 abrogari
603 1505 690 1564 quam
700 1487 830 1565 perferri.

206 1575 266 1632 3.
288 1573 366 1633 Mihi
379 1595 465 1654 porro
475 1575 631 1655 cogitanti,
651 1597 690 1637 ne
706 1578 780 1637 illud
795 1577 914 1655 quidem
927 1557 1157 1638 consentaneum
1170 1573 1304 1646 videtur,

197 1668 406 1743 Athenienses,
417 1681 460 1742 ut,
475 1671 545 1730 dum
560 1683 658 1732 certos
671 1673 816 1779 quosdam
829 1672 996 1732 criminatur
1010 1671 1048 1730 ob
1063 1679 1308 1749 acceptamune-
1334 1659 1337 1668 ¹

195 1781 239 1833 ra,
253 1763 340 1822 etiam
354 1781 405 1823 eos
419 1763 580 1824 honoribus
591 1755 707 1844 spoliet,
721 1786 772 1844 qur
764 1765 954 1844 'reipublicae
967 1764 1157 1844 profuerunt!
1183 1761 1308 1822 Nam·si

197 1853 383 1913 manantibus
392 1850 475 1915 hIsce
486 1857 624 1935 praemiis,
638 1857 807 1938 improbi-et
820 1856 932 1938 indigni
947 1857 1076 1937 quidam,
1091 1854 1122 1913 id
1136 1854 1214 1934 quod
1232 1855 1308 1934 ipse
1345 1867 1349 1874 ‘

192 1947 297 2025 jactat,
308 1946 489 2020 exstiterunt,
496 1948 568 2027 quid
581 1969 682 2028 quasso
693 1958 755 2010 tum
766 1950 995 2030 exspectandum
1005 1949 1068 2020 erit,
1076 1947 1193 2028 quando
1201 1947 1309 2028 hi,qui

150 2091 155 2105 s
197 2040 339 2117 praeclare
354 2059 420 2102 sese
433 2052 547 2120 gerunt,
560 2043 672 2103 nubum
687 2043 805 2104 omnino
820 2043 934 2104 uirtutis
945 2063 1007 2104 suae
1021 2039 1172 2122 praemium
1182 2041 1310 2102 ferent?

118 2142 122 2146 “
222 2138 269 2192 ,4,
291 2133 439 2194 Prteterea
452 2134 526 2194 illud
540 2137 627 2196 etiam
646 2138 728 2198 robis
753 2137 1000 2197 considerandum
1024 2145 1082 2204 est,
1105 2151 1140 2192 ex
1164 2134 1311 2196 instituto

198 2226 296 2304 legum
309 2228 415 2304 quibus
425 2221 523 2288 etiam?
536 2229 625 2289 hodie
645 2230 753 2290 utimur
770 2249 894 2311 qunque
908 2229 1079 2309 permultos
1093 2247 1185 2287 annos
1198 2226 1314 2306 vig-ue·

199 2327 278 2396 runt,
291 2339 365 2398 quas
380 2341 417 2380 ne
430 2320 486 2382 iste
500 2321 618 2400 quidem
641 2324 795 2402 praeclaras
810 2342 876 2383 esse
889 2339 997 2402 negare
1011 2323 1096 2391 ausit,
1108 2319 1244 2399 singulos
1262 2321 1311 2380 al·

199 2421 269 2472 torn'
278 2431 395 2492 quoque
409 2433 485 2473 anno
498 2433 619 2475 munera
639 2416 738 2475 obire:
763 2433 852 2493 quare
868 2413 1018 2474 dimidiam
1033 2411 1172 2492 temporis
1185 2421 1312 2490 partem

200 2504 343 2564 immunes
355 2516 447 2567 sunto¹
477 2507 544 2577 Quo
565 2508 654 2587 igitur
677 2507 831 2568 commodo
855 2505 975 2566 dimidia
999 2514 1140 2585 exparte
1164 2505 1312 2565 fruuntur

202 2597 291 2656 etiam
311 2597 346 2655 hi
363 2600 414 2676 qui
426 2598 498 2660 nihil
511 2591 541 2658 in
555 2619 609 2660 nos
622 2600 820 2670 contulerunt,
831 2597 862 2657 id
874 2600 949 2658 bene
963 2597 1084 2671 meritis,
1098 2615 1165 2658 cum
1177 2596 1236 2674 ipsi
1253 2617 1313 2657 an-

202 2699 252 2748 tea
261 2689 440 2764 dederimus,
453 2693 563 2751 iterum
578 2691 753 2772 eripiemus?
773 2691 891 2750 minime
903 2695 989 2751 vero!
1007 2689 1012 2712 ²
1021 2689 1109 2750 ‘Nam
1122 2708 1188 2776 cum
1202 2707 1261 2767 per
1276 2711 1312 2750 se

202 2779 289 2860 turpe
300 2777 399 2856 fuerit,
412 2777 474 2841 turn
488 2783 572 2843 nobis
585 2783 765 2844 indecorum.
797 2783 874 2842 Nam
886 2783 1043 2843 honesturn
1054 2801 1118 2842 esse
1128 2782 1177 2860 qui
1190 2791 1312 2860 potest,

204 2873 411 2946 Athenienses,
426 2876 465 2934 in·
478 2895 575 2936 rerum
597 2878 753 2937 venalium
767 2877 916 2950 ioro,'ubi,
929 2877 955 2936 si
967 2895 1026 2955 qua
1037 2876 1118 2934 fraus
1139 2883 1189 2934 aut
1207 2873 1314 2954 impo-

200 2976 285 3028 stura
296 2968 495 3028 intercesserit
497 2970 678 3058 ,respublica
690 2970 762 3030 'nihil
776 2969 941 3029 detrimenti
955 2969 1045 3048 capit,
1054 2968 1151 3046 legem
1161 2965 1198 3024 de
1206 2966 1315 3026 vitan

112 3081 114 3088 ’
194 3061 243 3122 ,ιιι
255 3061 416 3122 mendacio
422 3081 487 3121 esse
500 3049 610 3122 latam:
624 3062 740 3145 publice
755 3074 854 3122 autem
867 3061 1023 3130 civitatem,
1035 3080 1099 3121 eam
1108 3077 1173 3137 quoe
1183 3059 1315 3137 privatis

203 3152 270 3232 ipsa
290 3153 347 3213 id
339 3154 503 3232 rmpcrarit,
502 3153 616 3215 eadent
638 3155 713 3236 lege
728 3173 786 3216 non
808 3156 861 3228 nti,
884 3155 938 3214 sed
967 3154 1051 3214 bene
1067 3153 1106 3212 de
1128 3171 1159 3212 se
1183 3153 1314 3211 meritos

204 3245 451 3318 circumscribere,
464 3245 552 3324 idque
575 3265 655 3306 cum
666 3251 774 3326 niagno
797 3247 906 3308 damno
931 3245 1024 3307 suoi
1048 3245 1115 3305 Nec
1139 3241 1218 3302 enim
1248 3244 1315 3305 hoc

204 3337 299 3398 solum
312 3332 556 3399 considerandum
579 3348 634 3411 est,
655 3358 693 3397 an
715 3340 862 3418 jacturam
887 3339 1023 3418 pecnniae
1043 3335 1154 3406 nnllam
1177 3334 1316 3422 incitatio,

205 3429 259 3488 sed
272 3429 411 3488 habenda
423 3430 511 3489 etiam
535 3429 609 3491 ratio
633 3431 719 3490 honae
740 3425 960 3490 eristimationis
974 3429 1134 3508 quae.vobis
1148 3437 1192 3486 est
1206 3427 1316 3490 multo

205 3529 291 3604 quarn
306 3538 377 3600 opes
391 3521 554 3600 antiquiore
575 3525 672 3602 n'eq'ue
686 3523 716 3582 id
730 3523 813 3584 vobis
829 3523 935 3593 solum,
950 3521 1003 3582 sed
1015 3521 1172 3601 majoribus
1186 3539 1319 3600 qnoque

188 3615 320 3677 ,vestris
362 3613 450 3682 Quod
461 3614 540 3674 vinde
553 3613 634 3675 baud
649 3608 939 3696 dubiep'erspicitun
961 3613 1040 3693 quod
1054 3633 1120 3673 cum
1132 3611 1198 3671 olim
1211 3613 1320 3674 maxi-

205 3725 271 3770 mas
292 3719 362 3787 opes
384 3717 618 3777 coacervassent,
632 3709 751 3768 easdem
768 3707 918 3768 universas
932 3705 1053 3766 honoris
1075 3703 1171 3764 studio
1190 3703 1320 3766 insum-

206 3811 338 3883 pserunt,
353 3787 486 3878 tantique
500 3799 633 3859 fecerunt
645 3801 764 3884 gloriam
779 3810 815 3860 ut
826 3799 937 3859 n‘ullum
952 3817 1081 3878 unquam
1094 3796 1255 3877 periculum
1270 3801 1321 3861 ob

207 3911 272 3954 eam
286 3890 522 3971 consequendam
536 3891 734 3964 detrectarint,
746 3891 892 3952 sedetiam
907 3890 1041 3970 privatim
1053 3890 1091 3950 de
1105 3908 1158 3950 suo
1171 3891 1323 3954 conferre

206 4003 266 4046 non
280 3984 452 4046 destiterint.
493 3984 521 4044 J
516 4002 563 4042 am
580 3982 644 4043 ista
641 3983 703 4042 lex
714 3985 824 4044 bonam
837 3983 918 4044 urbis
930 3982 1173 4049 existimationem
1186 3981 1271 4042 tollit
1283 3995 1326 4046 et

207 4077 238 4138 in
252 4077 327 4136 illius
340 4077 436 4136 locum
451 4076 560 4136 malam
573 4075 697 4155 reponit,
710 4095 806 4155 neque
821 4076 981 4170 majoribus
995 4075 1099 4134 vestris
1112 4093 1207 4152 neque
1222 4067 1323 4138 vobis

208 4168 338 4246 dignam.
379 4167 485 4226 Tribus
495 4169 582 4228 enirn
588 4167 701 4250 p'robris
712 4187 784 4246 quus
791 4147 961 4246 gravissima
974 4177 1043 4227 sunt
1054 4186 1106 4227 vos
1116 4167 1324 4242 contaminat,

201 4257 358 4329 ,ιιιιιιιιι
367 4266 403 4316 ut
424 4261 567 4336 promissa
589 4271 619 4320 et
642 4267 798 4320 conventa
808 4271 867 4319 ιὀι
893 4268 1054 4333 servantes,
1068 4269 1101 4318 ut
1119 4258 1228 4337 ingrati
1243 4277 1325 4322 esse

164 4389 169 4404 .
210 4347 376 4410 rideamini.
474 4365 477 4370 ·

220 4441 284 4500 ..5
296 4439 438 4506 Omnino
446 4449 548 4500 autem
547 4445 778 4522 Athenienses,
792 4445 962 4508 amoribus
968 4445 1073 4508 vestris·
1078 4441 1215 4506 alienum
1230 4463 1328 4523 esse,
