2886 4946
393 285 449 344 DE
468 285 704 348 assuentes
724 239 991 351 ORDINAllDA.
1184 291 1240 353 149
1329 324 1333 329 ¹

138 447 271 499 ornatam
294 438 493 502 tradiderunt:
525 443 651 521 privatas
670 463 739 504 vero
752 465 906 524 procerum
918 446 998 507 illius
1012 445 1149 524 temporis
1163 447 1241 511 sedes
1284 487 1286 490 -

138 532 180 590 ita
189 531 357 591 moderates
372 543 403 592 et
415 535 524 594 nomini
540 536 688 614 popularis
700 547 793 597 status
804 549 1009 618 congruentes,
1027 549 1062 597 ut
1075 539 1101 598 si
1112 540 1177 617 quis
1190 560 1241 600 ve-

137 633 241 694 strum,
254 623 471 697 Themistoclis,
486 626 626 697 Cimonis,
642 629 792 699 Aristidis,
808 641 859 690 aut
868 630 1019 703 Miltiadis,
1029 641 1060 690 et
1068 641 1241 692 caeterorum

136 717 201 796 ejus
215 717 315 776 aetatis
327 717 483 777 illustrium
497 718 647 778 hominum
661 721 780 782 domum
793 723 886 794 novit,
902 723 992 783 nihilo
1005 723 1090 782 ricini
1108 725 1241 802 magnili-

135 808 300 869 ceutiorem
315 829 381 870 esse
402 809 509 870 videet.
552 812 641 872 Nunc
653 831 738 885 vcro,
749 814 953 886 Athenienses,
967 815 1032 874 urbi
1047 816 1242 877 nosceretis

134 915 194 974 est,
203 901 324 980 publice
340 902 400 961 rias
416 903 528 964 munire
541 914 571 965 et
584 905 681 966 sontes
693 919 842 967 exstruere
856 918 887 968 et
897 908 1058 968 incrustare
1066 909 1201 986 parietes,
1211 920 1248 970 et

138 993 283 1052 similibus
296 994 383 1072 nugis
396 997 680 1077 occupari—neque
691 1017 760 1058 vero
772 1000 875 1058 harum
890 1019 988 1060 rerum
1001 1009 1135 1060 auctores
1146 1019 1242 1080 repres

137 1085 251 1160 hendo,
272 1107 457 1166 nequaquam
471 1089 500 1148 id
519 1089 608 1161 secio,
630 1091 683 1150 sed
694 1110 757 1165 vos,
772 1092 796 1151 si
815 1092 860 1150 his
873 1091 1065 1171 procurandis
1079 1111 1131 1152 vos
1146 1094 1242 1154 officio

134 1179 257 1240 functos
267 1182 426 1260 putatis-1
440 1183 573 1260 privatim
581 1193 679 1244 autem
688 1183 737 1262 qui
748 1184 897 1264 publicum
907 1185 1026 1264 aliquod
1036 1204 1141 1245 munus
1151 1185 1243 1245 admi»

137 1273 311 1343 nistrarunt,
326 1274 433 1351 partim
451 1275 573 1355 publicis
594 1276 724 1337 adificiis
746 1278 872 1357 privatas
884 1278 966 1338 sedes
977 1277 1242 1357 magnificentiores

137 1367 381 1438 substraxerunt,
394 1385 454 1426 uon
466 1367 649 1428 solummodo
658 1369 777 1448 plebeiis
791 1369 986 1448 superbiores,
1000 1372 1106 1451 partim
1117 1380 1162 1430 tot
1174 1371 1242 1431 fun-

139 1459 194 1518 dos
208 1468 365 1537 coemptos
379 1459 483 1519 colunt
503 1470 627 1539 quotue
645 1481 699 1540 per
712 1462 857 1523 somnium
872 1461 989 1542 quidem
1002 1483 1130 1540 unquam
1144 1483 1242 1543 spera·
1271 1457 1277 1466 ’

139 1561 257 1611 verant.
301 1551 414 1611 Harum
428 1562 526 1612 autem
540 1573 635 1613 rerum
649 1555 778 1614 omnium
795 1543 885 1618 musa
894 1565 954 1628 est,
967 1554 1048 1635 quod
1061 1555 1130 1615 olim
1149 1577 1242 1636 popu-

137 1644 185 1705 lus
198 1644 404 1704 universorum
422 1644 559 1706 dominus
574 1656 605 1706 et
616 1661 718 1708 auctor
728 1657 800 1722 erat,
811 1648 967 1726 ceterique
987 1649 1063 1707 bene
1078 1668 1176 1708 secum
1195 1651 1243 1728 agi

138 1739 296 1815 putabant,
306 1736 331 1795 si
340 1735 364 1794 is
373 1735 510 1797 honorem
521 1749 572 1798 aut
583 1741 783 1819 magistratum
793 1749 844 1800 aut
852 1739 971 1819 aliquod
980 1741 1059 1800 aliud
1070 1739 1243 1800 beneficium

138 1830 322 1910 impertiret:
346 1848 423 1889 nuuc
435 1831 597 1891 contraisti
611 1852 710 1892 omues
731 1851 801 1911 opes
818 1833 847 1891 in
868 1853 922 1892 sua
932 1843 1078 1912 potestate
1088 1833 1200 1893 habeut
1213 1844 1244 1894 et

137 1921 264 1982 istorum
285 1921 421 2000 auspiciis
442 1933 583 2001 geruntur
600 1925 709 1998 omnia,
723 1925 775 1984 sed
791 1925 917 2004 populus
938 1925 1060 1984 ministri
1077 1935 1107 1985 et
1128 1925 1243 1985 addita·

138 2016 233 2076 menti
254 2015 352 2075 locum
381 2015 511 2085 obtinet;
541 2017 682 2096 vobisque
701 2018 771 2078 satis
791 2018 883 2078 estid
903 2017 1045 2097 accipere,
1067 2018 1093 2076 si
1111 2017 1182 2096 quid
1195 2018 1243 2078 isti

139 2109 216 2169 sorte
230 2109 432 2188 impertierint.

183 2203 233 2260 ll.
256 2199 383 2260 Proinde
398 2199 467 2260 dum
486 2202 549 2262 baec
569 2203 654 2273 fiunt,
672 2203 738 2263 talis
756 2203 842 2262 etiam
866 2211 959 2263 status
981 2202 1106 2262 civitatis
1129 2213 1185 2276 est,
1200 2215 1244 2277 ut,

139 2293 165 2352 si
178 2293 246 2372 quis
258 2292 380 2352 decreta
392 2304 489 2354 vestra
501 2293 581 2373 legat
601 2304 631 2354 et
651 2305 716 2354 acta
730 2295 832 2354 ordine
850 2303 1010 2374 percurrat,
1025 2314 1111 2353 nemo
1124 2297 1243 2356 credere

141 2386 240 2465 possit
252 2385 413 2444 eorundem
426 2385 575 2459 hominurn
590 2406 655 2446 essa
669 2386 733 2446 hoec
755 2396 785 2445 et
805 2386 874 2446 illa:
896 2385 985 2445 veluti
999 2393 1075 2457 suut,
1092 2405 1159 2464 quae
1172 2406 1243 2446 con-

142 2487 191 2537 tro
216 2477 406 2556 Megarenses
427 2478 559 2537 homines
583 2477 710 2538 nefarios
731 2477 912 2552 decrevistis,
936 2497 1025 2556 quum
1048 2487 1155 2538 terram
1173 2499 1244 2539 con·

143 2579 291 2628 secretam
304 2569 486 2629 vindicarent
498 2579 527 2628 et
541 2569 719 2642 excolerent,
741 2589 839 2629 exeo
851 2569 926 2628 ndu
937 2589 966 2628 m
987 2589 1089 2642 esse,
1110 2571 1244 2649 prohi-

70 2703 74 2712 ·
142 2662 326 2732 bendum,
346 2661 1243 2742 noncoucedendum3etdePhliesiisquur'unuper

142 2754 239 2834 patria
253 2754 441 2833 pellerentur,
462 2773 572 2832 opem
593 2754 819 2828 ferendam,
839 2773 917 2814 non
938 2755 1243 2853 permittendus

141 2846 400 2907 crudelitati
433 2847 684 2920 carnificum,
713 2867 731 2906 a
760 2847 1107 2927 Peloponnensibus
1147 2850 1244 2908 auxi-

138 2939 195 2999 lia
227 2940 261 2998 si
293 2941 359 3018 qui
396 2940 545 3019 juvare
575 2938 737 2999 vellent
768 2939 1037 2999 accersenda.
1099 2939 1242 3000 Universa

142 3032 219 3105 haec,
234 3031 442 3104 Athenienses,
455 3031 596 3110 praeclara
611 3041 679 3090 sunt
693 3041 723 3090 et
740 3030 823 3111 justa
835 3040 865 3089 et
879 3050 895 3089 e
909 3029 1050 3108 dignitate
1064 3030 1243 3107 reipublicae,

146 3135 179 3184 at
190 3125 270 3184 lacta
284 3144 350 3202 quae
364 3123 447 3202 sequi
460 3123 608 3183 debebant
622 3142 765 3200 nusquam
781 3127 933 3201 apparent·
975 3119 1144 3180 Inimicitias
1155 3122 1244 3199 igitur

144 3238 198 3297 per
212 3218 470 3277 senatusconsulta
483 3203 675 3288 denuncietis,
698 3217 805 3276 nullius
825 3226 922 3275 autem
945 3214 986 3273 rei
1010 3214 1146 3293 gerendae
1160 3225 1242 3298 pote-

144 3319 253 3370 statem
267 3309 402 3370 habetis:
417 3310 571 3370 decernitis
586 3310 661 3368 enim
673 3327 783 3386 eaquae
796 3309 867 3366 urbe
882 3315 984 3367 nostra
996 3306 1087 3386 digna
1098 3318 1176 3381 sunt,
1189 3311 1242 3370 sed

141 3403 254 3462 viribus
268 3401 373 3462 caretis
388 3402 426 3461 ad
440 3422 476 3461 ea
486 3423 551 3481 quae
565 3401 733 3462 decrevistis
748 3398 953 3478 exsequenda3
970 3418 1104 3479 egovero
1115 3400 1243 3460 velim-
1323 3425 1330 3432 ·

142 3505 179 3556 et
189 3514 277 3554 nemo
288 3494 359 3553 mni
380 3506 647 3555 succenseat--vos
662 3503 712 3553 aut
725 3492 821 3551 minus
834 3492 942 3552 hebere
955 3493 1127 3569 animorum,
1141 3493 1244 3553 vestris

141 3588 273 3668 negotiis
285 3588 408 3666 agendis
422 3597 587 3660 contentos,
602 3598 654 3647 aut
665 3587 789 3666 majores
800 3585 875 3645 vires
894 3604 1073 3665 comparare.
1115 3584 1204 3653 Quod
1218 3585 1243 3643 si

141 3699 197 3740 vos
214 3679 351 3759 Siphnios
374 3688 425 3739 aut
445 3679 588 3759 Cythnios
603 3679 738 3738 antelios
760 3669 823 3757 ejus‘
838 3697 904 3738 esse
918 3678 1032 3757 generis
1048 3678 1161 3746 scirem,
1175 3674 1243 3735 hor·

140 3783 223 3832 tarer
249 3771 343 3832 miuus
366 3772 473 3832 habere
499 3771 679 3833 animorum:
701 3771 755 3830 sed
768 3789 834 3830 cum
849 3770 1044 3830 Athenienses
1057 3769 1129 3840 sitis,
1144 3775 1244 3828 auctor

142 3885 212 3925 sum
239 3863 314 3924 vires
338 3865 462 3945 majores
489 3875 524 3924 ut
546 3864 732 3943 comparetis.
788 3864 885 3942 Turpe
913 3864 1000 3932 enim,
1036 3859 1242 3934 Athenienses,

143 3969 241 4035 turpe,
265 3958 392 4036 inquam,
407 3970 454 4018 est
480 3959 541 4037 ejus
567 3955 809 4036 magnanimitatis
832 3955 964 4015 ordinem
987 3953 1133 4024 deserere,
1156 3973 1242 4033 quem

144 4048 231 4108 vobis
252 4051 375 4130 majores
391 4049 583 4110 tradiderunt.
627 4050 690 4108 lrno
705 4070 761 4110 uec
773 4048 861 4108 vestri
875 4044 983 4106 arbitrii
997 4054 1052 4116 est,
1066 4045 1179 4106 etiamsi
1193 4066 1240 4105 ve·

139 4141 216 4213 litis,
239 4141 359 4203 Graecos
386 4153 420 4202 ut
442 4135 605 4212 deseratis3
625 4143 719 4202 multa
741 4141 819 4202 enim
843 4139 880 4198 ab
903 4137 982 4196 omui
1005 4157 1069 4198 oero
1092 4139 1242 4219 gessistis:

138 4234 264 4318 proinde
277 4257 335 4297 nec
350 4247 461 4298 veteres
477 4237 585 4298 amicos
596 4237 746 4316 projicere,
757 4253 813 4292 nec
826 4230 927 4290 vestris
939 4231 1073 4291 hostibus
1086 4233 1177 4292 fidere
1192 4240 1244 4290 aut

139 4330 294 4392 crescendi
307 4329 422 4409 copiam
440 4325 521 4401 dare,
539 4328 618 4389 licet.
661 4327 796 4404 Denique
817 4324 895 4384 idem
908 4325 991 4384 vobis
1015 4326 1147 4403 contigit,
1163 4322 1243 4400 quod

137 4423 198 4488 illis
220 4421 281 4502 qui,
294 4421 346 4482 ubi
366 4421 462 4482 semel
480 4423 558 4502 apud
583 4441 633 4480 vos
657 4420 694 4480 ad
723 4417 880 4498 gerendam
905 4417 1115 4496 rempublicam
1142 4433 1242 4475 acces·
