2946 4954
210 307 268 364 esa
453 303 510 366 nu
533 301 647 388 untp
670 302 801 362 casua
824 298 1071 361 reaumaus.

532 631 535 641 s
615 532 921 649 TESTIMONIUM.

215 771 219 778 ·
255 734 304 792 64.
327 731 392 812 Ego
411 731 500 812 igitur
517 729 694 811 integritatis
708 751 782 792 mess
801 728 983 792 conscientia
999 728 1109 802 fretus,¹
1126 736 1157 787 et
1176 725 1318 786 rationem

214 823 406 897 reddendam,
425 835 456 885 et
467 823 535 904 quas
549 825 663 903 legibus
673 825 823 905 jubentur,
843 822 1013 904 proestanda
1035 819 1134 880 omnia
1153 820 1316 879 ducebam:

213 918 271 978 iste
284 925 397 978 contra.
426 918 526 986 Quare
540 916 591 998 qui
602 917 665 976 fieri
678 927 783 996 potest,
798 925 833 977 ut
845 917 876 976 in
889 917 994 976 eodem
1008 913 1128 993 negotio
1142 932 1200 992 ego
1213 911 1251 972 'et
1263 913 1318 970 ista

142 1059 149 1066 .
215 1010 370 1087 fecerimus
391 1009 516 1070 eademi
538 1019 589 1069 aut
601 1010 651 1087 qui
669 1010 807 1070 convenit
825 1009 874 1068 isti
890 1009 973 1067 'nunc
993 1007 1070 1086 apud
1088 1025 1140 1066 vos
1160 1023 1197 1064 ea
1213 1004 1318 1076 dicere,
1398 1005 1401 1014 '

183 1107 188 1114 '
216 1121 340 1180 quorum
354 1109 405 1160 'me
428 1110 515 1160 antea
535 1119 686 1178 nunquam
707 1099 884 1160 insimulavit
894 1099 910 1156 ι’
931 1099 1125 1177 Nequaquam
1145 1105 1235 1156 certe.
1259 1094 1319 1153 Sed

216 1193 417 1263 tamen'dicet,
432 1211 487 1252 nec
501 1191 666 1254 mehercule
680 1192 794 1271 injuria.
819 1189 908 1250 Scitis
923 1190 1001 1251 enim
1015 1189 1115 1268 utique
1128 1188 1196 1260 hoc,
1210 1205 1247 1246 ex
1261 1191 1318 1265 quo

215 1288 279 1347 nati
302 1296 371 1347 sunt
390 1285 532 1358 homines,
552 1294 582 1344 et
599 1284 725 1364 judicia.
739 1285 923 1354 exercentur,
945 1283 1091 1343 neminem
1107 1299 1250 1360 unquam,
1271 1279 1319 1356 qui

205 1379 324 1438 'crimen
343 1377 491 1454 fateretur,
511 1396 577 1452 esse
597 1377 840 1445 condemnatum
863 1376 916 1450 s'ed
934 1375 1064 1436 frontem·
1078 1374 1246 1454 perfricant,
1268 1393 1318 1433 ne·

217 1471 299 1548 gant,
316 1469 509 1548 mentiuntur,
522 1487 628 1528 causas
643 1469 912 1540 comminiscuntur,
925 1467 1023 1528 omnia
1034 1468 1149 1527 iaciunt
1166 1481 1204 1525 ue
1216 1482 1319 1545 poenas

218 1563 311 1624 luant.
347 1563 479 1628 Quarum
502 1579 599 1620 rerum
613 1561 694 1620 nulla
707 1580 758 1632 vos
777 1570 894 1639 oportet
912 1559 1000 1619 hodie
1020 1559 1125 1640 decipi,
1147 1558 1201 1618 sed
1214 1577 1253 1617 ex
1271 1578 1319 1636 ve-

217 1663 328 1733 strapte
342 1651 524 1714 conscientia
538 1652 575 1711 de
589 1669 681 1712 causa
698 1652 842 1732 judicare,
860 1671 920 1711 non
936 1651 1008 1712 meis
1027 1661 1079 1710 aut
1094 1650 1190 1709 istius.
1199 1650 1319 1710 credere
1334 1723 1337 1728 Ι

218 1747 401 1808 sermonibus
416 1756 468 1806 aut
480 1745 615 1818 testibus,
628 1764 703 1824 quos
717 1740 772 1805 iste
787 1757 904 1825 paratos
923 1744 1044 1804 habebit
1057 1745 1095 1804 ad
1109 1741 1225 1822 quidvis
1239 1743 1320 1803 testi-

216 1837 376 1907 ficandum,
393 1825 529 1916 Philippo
543 1835 698 1916 proebitore
711 1843 816 1900 utens:
836 1834 972 1895 videbitis
991 1845 1100 1907 autem,
1116 1853 1204 1912 quam
1215 1833 1272 1913 'pro
1286 1853 1320 1893 eo

217 1931 277 2004 sint
290 1927 424 2009 expedite
439 1928 544 1988 dicturi
557 1928 765 1988 testimonium.
780 1929 890 2007 'Neque
904 1927 1077 1988 illudetiam
1089 1946 1143 1986 vos
1156 1926 1320 1997 mercatui

216 2020 361 2081 vnxillius
373 2020 459 2081 'clara
471 2029 501 2079 et
510 2022 618 2099 magna
628 2025 840 2090 est,'mea'vero
851 2019 973 2079 tenuior.
995 2019 1099 2095 Neque
1113 2017 1243 2077 e'nim'de
1256 2037 1319 2077 ora-

216 2114 340 2185 toribus,
351 2119 403 2173 a'ut
413 2112 607 2182 erationibus,
618 2112 644 2172 si
657 2113 769 2192 sapitis,
775 2107 916 2192 judicium
927 2111 1015 2172 hodie
1024 2111 1135 2171 facietis
1145 2115 1161 2170 :⁴
1175 2111 1229 2170 sed
1237 2111 1319 2189 igno-

217 2201 342 2268 miniam
356 2210 475 2287 propter
496 2207 543 2266 res
554 2205 709 2286 ‘flagitiose
721 2215 769 2282 'et
782 2206 924 2266 scelerate
944 2205 1082 2286 perditas,
1102 2214 1271 2285 susceptam
1289 2205 1345 2283 in*

217 2303 354 2361 auctores
368 2298 581 2379 retorquebitis,
592 2299 917 2381 negotiis,qusnomnns
928 2298 1031 2372 nostis,
1042 2297 1223 2358 examinatis.
1245 2299 1318 2363 Quor

214 2392 305 2470 igitur
321 2389 376 2451 'illa
394 2390 483 2452 suntl
505 2392 580 2460 Quae
600 2393 654 2452 ros
673 2391 762 2461 scitis,
785 2410 882 2470 neque
902 2407 976 2471 opos
990 2399 1046 2462 est,
1068 2409 1104 2449 ea
1124 2409 1176 2449 vos
1197 2408 1214 2449 e
1237 2389 1319 2451 nobis

215 2482 326 2544 autlir'e.
358 2483 437 2541 Nam
451 2483 476 2544 si
494 2485 541 2554 ea,
567 2503 633 2562 quoe
649 2484 733 2544 vobis
747 2483 895 2564 pollicitus
909 2491 965 2557 est,
984 2483 1082 2541 omnia
1092 2500 1196 2561 pacem
1216 2481 1319 2542 'secuta

216 2586 297 2646 sunt,
312 2578 453 2653 teutmue
466 2575 584 2654 ignavia
605 2584 637 2636 et
649 2577 804 2637 timiditate
825 2596 877 2641 ros
891 2595 955 2637 essa
975 2576 1095 2636 refertos
1113 2575 1257 2648 fatemini,
1277 2586 1317 2646 ut,

215 2669 295 2740 (cum
309 2668 339 2725 in
354 2669 425 2744 agro
445 2670 547 2728 nostro
560 2668 633 2727 nulli
647 2667 747 2728 hostes
765 2665 958 2739 uersarentur,
979 2664 1044 2748 c'um
1065 2685 1160 2746 neque
1175 2666 1250 2728 'mari
1268 2688 1318 2749 op·

217 2763 424 2838 pugnaremur,
436 2761 533 2836 neque
548 2759 609 2816 ulla
622 2760 679 2817 alis
688 2761 845 2820 'calamitas
861 2760 1030 2840 reipublicae
1038 2759 1207 2833 accidisset,
1225 2762 1277 2820 sed
1292 2771 1321 2820 et

218 2871 336 2911 annona
350 2849 430 2929 parvi
444 2858 599 2922 emeretur,
611 2860 641 2908 et
654 2849 744 2909 nihilo
761 2849 846 2931 pejus
860 2872 947 2930 quam
959 2871 1040 2909 nunc
1053 2851 1319 2931 vobiscum'agare·

217 2956 274 3016 tur,
296 2943 350 3004 etsi
362 2942 565 3022 praeseissetis,
579 2951 666 3021 atque
680 2942 791 3003 existis
805 2945 885 3024 prius
902 2943 1068 3016 audissetis,
1087 2955 1118 3003 et
1131 2945 1229 3004 socios
1248 2946 1320 3024 peri-

217 3047 308 3110 turos,
323 3046 352 3097 et
374 3035 532 3094 Thebanos
546 3032 772 3114 potentessor‘a,
787 3047 818 3096 et
833 3037 987 3096 Thraciam
1007 3036 1174 3115 Philippum
1193 3056 1321 3116 occupa·

217 3138 326 3201 turum,
338 3136 369 3187 et
381 3126 411 3185 in
426 3127 538 3187 Euboea
551 3127 676 3187 castella
688 3136 869 3187 exstructum
884 3128 918 3186 iri
932 3128 1035 3198 advos
1050 3128 1278 3207 oppugnandos,
1293 3139 1323 3188 et

213 3220 317 3278 omnia
326 3237 393 3297 quae
403 3217 483 3278 facta
496 3229 567 3278 sunt
578 3215 678 3278 futura
691 3220 772 3294 esse)
786 3229 884 3279 tamen
899 3219 1008 3299 cupide
1017 3221 1121 3282 facturi
1140 3239 1245 3300 pacem
1259 3221 1320 3282 tnr-

217 3311 290 3382 ritis,
301 3309 442 3369 absolvite
454 3310 634 3382 AEschinem,
645 3331 701 3370 nec
714 3330 781 3370 curu
792 3321 835 3371 tot
844 3312 961 3390 flagitiis
974 3306 1129 3419 ριῇιιιίιιιιι
1140 3314 1319 3393 conjungite.

220 3401 324 3481 Neque
337 3401 413 3461 enim
427 3402 536 3462 vobis
529 3403 662 3478 rujurinm
661 3403 756 3480 iacit,
770 3404 822 3465 sed
836 3424 893 3484 ego
909 3405 1033 3477 insanio,
1048 3415 1079 3465 et
1091 3425 1155 3465 sum
1170 3408 1320 3480 attonitus,

217 3495 355 3581 quicum
376 3513 453 3552 nunc
472 3514 618 3557 accusem.
647 3497 729 3557 Sin
727 3517 826 3557 omma
838 3497 944 3556 horum
958 3497 1114 3570 contraria
1136 3507 1167 3558 et
1180 3500 1274 3559 multa
1293 3512 1321 3558 et

181 3665 182 3679 χ
216 3588 347 3668 benigna
359 3586 460 3659 locuti,
474 3586 642 3668 Philippum
655 3587 729 3650 bene
743 3568 825 3651 velle
832 3589 1010 3669 reipublicae,
1024 3589 1195 3651 Phocenses
1206 3593 1320 3651 conser-

216 3689 362 3752 vaturum,
375 3677 581 3758 Thebanorum
591 3680 776 3776 insolentiam
790 3701 999 3763 repressurum,
1013 3683 1085 3776 quin
1094 3681 1256 3743 ultrahcec
1261 3702 1321 3742 ma-

212 3777 279 3876 jora
289 3773 319 3831 in
333 3788 385 3832 vos·
407 3789 497 3850 quam
516 3789 582 3850 quae
595 3766 663 3832 c'um
685 3753 851 3855 Amphipoli
865 3769 1043 3834 conferenda
1055 3769 1124 3847 sint,
1138 3774 1322 3846 collaturum,

184 3893 189 3902 ·
219 3865 242 3923 si
264 3884 367 3944 paoem
387 3865 583 3954 impetrasset,
596 3863 754 3942 Euboeam,
770 3867 902 3946 Oropum
915 3859 1117 3926 redditurum:
1141 3869 1167 3926 si
1185 3867 1286 3936 haec,
1278 3887 1323 3926 ιιι-

219 3973 318 4056 quam,
332 3955 422 4016 locuti
435 3965 466 4016 et
478 3945 636 4036 polliciti,
626 3959 731 4017 omnia
727 3957 914 4032 fefellerunt,
929 3979 953 4018 sr
945 3957 1069 4018 fucum
1082 3958 1165 4018 robis
1179 3959 1322 4036 lecerunt,

220 4063 245 4103 st
236 4043 340 4104 vobis
354 4039 471 4124 tantum
481 4068 541 4109 non
530 4025 686 4109 Atticam
689 4052 867 4130 eripuerunt,
878 4049 1072 4111 condemriate
1074 4063 1189 4129 ,neque
1204 4050 1242 4110 ad
1253 4051 1323 4110 alias

110 4167 113 4172 ·
217 4133 310 4195 iactas
329 4139 411 4197 vobis
435 4139 775 4220 contumelias,-·-rteque
799 4142 877 4202 enim
899 4161 954 4221 ego
972 4142 1035 4202 scio
1056 4161 1113 4221 quo
1134 4142 1186 4202 illa
1206 4143 1322 4202 nomine

218 4228 276 4300 alio
297 4227 473 4332 appellanda
494 4232 602 4307 sint-,
624 4243 743 4314 propter
765 4235 885 4296 istorum
905 4221 1097 4314 corruptelas,
1115 4253 1170 4295 vos
1194 4233 1272 4296 diras
1292 4241 1325 4295 et

218 4319 376 4400 perjurium
391 4321 509 4380 domum
522 4334 678 4403 reportate
1134 4336 1146 4354 '

260 4415 308 4473 65.
329 4413 398 4473 Jam
413 4413 487 4474 illud
497 4414 582 4476 etiam
593 4417 849 4494 considerandum,
863 4420 1070 4494 Athenienses,
1080 4439 1191 4499 quanm
1214 4438 1271 4501 ego
1283 4417 1323 4478 de
