2886 4946
117 261 120 266 “
211 280 267 344 ιιι,
625 277 681 336 ιιι
699 277 885 340 corona

207 433 296 493 etiam
310 417 372 496 tum
385 427 534 492 maleficiis
546 424 681 514 erpetem
696 427 870 507 debebat
838 455 871 494 ιι
884 426 951 514 qua
949 425 1101 496 delatione
1115 427 1214 518 digna
1217 459 1300 500 com-

207 526 321 584 mittere
335 543 382 584 me
395 523 517 596 videret,
531 523 642 585 deferre
656 535 745 607 atque
763 528 819 586 hac
843 527 897 592 via
908 546 955 588 me
974 529 1004 587 in
1011 513 1170 603 judicium
1181 550 1298 606 vocare,

208 617 253 678 si'n
266 617 395 682 scribere
401 615 546 677 condaris
560 613 689 698 legibus,
708 618 880 679 violatarum
892 619 991 698 legum
1004 622 1170 700 postulare:
1192 625 1266 684 loc
1255 645 1299 683 m-

208 731 286 788 quam
300 711 346 768 oia
354 707 579 788 progrediendum
590 720 661 782 erat,
676 713 861 794 nequeenim
866 712 1097 818 Ctesiphontem
1116 703 1197 773 reum
1215 735 1300 794 pera·

155 856 159 867 ι
209 822 276 880 gere
289 810 387 882 potest
399 821 452 880 per
464 808 544 862 meas
557 799 767 876 criminationes,
781 813 811 863 et
822 805 851 863 ιι
865 809 910 864 nie
920 805 1053 864 convinci
1066 825 1152 884 posse
1165 807 1299 867 credide

208 897 254 969 rit,
273 897 371 974 utique
391 895 472 955 illum
493 903 643 977 nunquam
657 895 863 958 recusavisset.
906 897 1110 964 Quinetiam
1088 919 1113 958 ιι
1129 890 1201 976 qei'd
1218 899 1298 959 aliud

207 992 317 1060 eorum,
330 1007 395 1065 qum
409 987 496 1048 modo
509 987 688 1049 calumniose
701 990 967 1067 percurrebat,·aut
989 989 1103 1068 quidvis
1121 983 1235 1070 alioqui-
1252 1011 1298 1051 me

208 1079 238 1139 in
248 1099 299 1140 vos
313 1079 480 1158 delinquere
494 1080 745 1154 animadverteret,
756 1089 825 1140 sunt
835 1081 916 1160 leges
931 1081 968 1141 de
983 1082 1118 1143 omnibus
1132 1075 1297 1156 constitute,

209 1181 240 1234 et
252 1173 381 1232 actiones
395 1181 426 1231 et
430 1171 542 1252 judicia
555 1182 586 1232 et
599 1173 748 1252 supplicia,
758 1191 824 1251 quta
833 1174 1051 1251 acerbasatque
1061 1192 1183 1253 magnas
1197 1194 1298 1235 secum

209 1263 335 1324 afferunt
347 1255 481 1325 mulctas.
503 1265 601 1344 Atque
613 1266 658 1324 his
671 1265 713 1324 illi
726 1263 809 1325 licuit
823 1266 959 1340 omnibus
976 1265 1020 1324 uti
1032 1275 1135 1325 contra
1149 1287 1206 1340 me,
1217 1287 1298 1328 cnm·
1370 1255 1372 1263 ⁴

209 1363 267 1437 que
279 1358 543 1418 haec'mtm'fecisse
562 1368 714 1432 ¹constaret
735 1377 770 1417 ac
793 1357 853 1430 ιιιιΙ
862 1375 978 1418 mecum
991 1356 1098 1437 agendi
1110 1360 1220 1420 ratione
1234 1381 1298 1421 esse

142 1464 150 1530 j
208 1469 306 1523 nsum,
319 1469 385 1509 cnm
399 1450 461 1530 ejus
471 1449 549 1510 lacto
561 1449 747 1510 consentiret¹
755 1450 912 1510 accusatio.
954 1451 1041 1510 Nunc
1052 1461 1160 1524 autem,
1173 1461 1253 1514 recta
1269 1465 1299 1513 et

203 1541 342 1618 justaria
351 1541 488 1602 derelicta
496 1542 643 1620 vitataque
656 1551 727 1602 tunc
741 1560 808 1602 cum
821 1560 867 1602 ras
881 1552 1046 1622 gererentur
1062 1545 1239 1623 coarguendi
1249 1565 1300 1606 oc·

209 1633 337 1707 oasione',
357 1644 440 1694 tanto
460 1643 529 1714 post
547 1635 685 1712 temporis
709 1631 861 1694 intervallo
881 1633 1048 1694 criminibus
1071 1643 1102 1695 et
1120 1635 1246 1696 dicteriis
1268 1648 1300 1697 et

209 1726 374 1786 maledictis
391 1725 569 1786 coacervatis
587 1725 758 1785 histrionem
779 1727 857 1804 agit:
880 1745 947 1796 cunr
958 1746 1015 1786 ,me
1033 1737 1162 1800 accuset,
1176 1727 1254 1789 huuc
1268 1728 1297 1788 in

206 1818 348 1898 judicium
361 1827 456 1891 vocat,
471 1826 501 1878 et
519 1817 587 1876 huic
608 1817 662 1876 toti
685 1817 864 1877 accusationi
887 1814 1051 1877 inimicitias
1069 1837 1182 1878 mecum
1198 1839 1299 1886 susce·

209 1920 277 1991 ptas
292 1911 456 1990 praetendit,
470 1928 613 1988 nusquam
624 1922 721 1974 tamen
738 1929 852 1970 mecum
864 1909 1061 1988 congreditur,
1078 1911 1131 1970 sed
1143 1911 1225 1978 alteri
1239 1907 1299 1970 exi·

212 2003 406 2064 stimationem
418 2006 503 2064 'suam
517 2003 627 2081 eripere
636 2003 733 2082 palam
746 2011 877 2063 conatur.
887 2047 889 2054 Α
898 2002 1119 2082 ,Ιιιιιιιιριιιιιι
1128 2003 1186 2062 alia
1194 2005 1300 2075 omnia,

209 2115 276 2175 quse
284 2096 365 2175 ju'ste
389 2095 453 2174 quis
478 2094 573 2154 dicere
592 2113 645 2174 pro
662 2093 855 2174 Ctesiphonte
873 2094 975 2174 possit,
1002 2095 1203 2169 Athenienses,
1227 2097 1298 2154 illud

208 2188 279 2248 mibi
302 2188 417 2268 quidem
441 2186 526 2246 etiarn
549 2187 694 2266 aptissime
713 2187 771 2247 dici
794 2207 880 2267 posse
901 2187 1025 2260 videtur,
1046 2205 1162 2264 aequnm
1182 2207 1248 2248 esse
1267 2199 1299 2246 nt

106 2278 111 2288 '
135 2355 138 2362 Ι
207 2280 371 2360 inimicitias
395 2280 539 2340 nostras
532 2279 587 2358 rpsi
608 2281 682 2339 inter
703 2299 757 2340 nos
781 2280 986 2359 disceptemus,
1009 2298 1088 2350 non,
1097 2281 1298 2383 pretermissis

209 2375 312 2434 nostris
331 2373 407 2432 inter
424 2391 478 2433 nos
493 2372 737 2476 contentionibus,
751 2371 873 2432 alterum
886 2372 1075 2449 quaeritemus
1084 2390 1131 2429 our
1123 2371 1222 2431 mali
1228 2371 1301 2451 quid

208 2465 381 2526 afferamus:
403 2484 492 2544 supra
500 2463 620 2523 modurn
633 2463 710 2522 enirn
722 2463 852 2540 iniquum
865 2461 923 2520 hoc
936 2470 991 2520 est.

248 2560 278 2616 7
299 2557 426 2616 Omnia
419 2556 507 2648 igitur
520 2554 715 2615 accusationis
735 2553 831 2630 capita
850 2571 935 2629 teque
951 2569 1017 2610 esse
1030 2559 1061 2610 et
1078 2570 1096 2611 a
1104 2553 1220 2631 justitia
1238 2566 1301 2615 eta

208 2649 329 2708 veritate
343 2641 446 2708 aliena
460 2667 495 2706 ex
507 2647 551 2705 his
564 2645 724 2724 persentire
737 2644 826 2702 licet:
846 2642 915 2701 volo
929 2652 1028 2702 tamen
1047 2643 1164 2723 singula
1178 2642 1299 2706 seorsim

166 2750 167 2753 ’
209 2739 486 2817 examinatamque
500 2758 535 2798 ea
544 2736 685 2815 precipue
695 2733 895 2814 quae.de,pace
906 2753 941 2793 ac
950 2734 1096 2812 legatione
1106 2736 1135 2794 in
1147 2755 1192 2796 me
1202 2757 1297 2798 emen·

143 2895 145 2900 ,
208 2833 280 2892 titus
294 2840 349 2904 est,
364 2831 423 2890 stris
437 2849 503 2908 quoe
518 2827 682 2887 Philocrate
696 2827 775 2903 socio
785 2827 908 2906 patrarit
918 2826 1095 2886 facinoribus
1107 2828 1135 2886 in
1144 2847 1191 2887 me
1204 2840 1295 2895 trans·

208 2924 287 2984 latis.
312 2924 366 2983 Est
379 2931 475 2982 antem
489 2922 685 2988 necessarium
700 2929 731 2978 et
741 2939 760 2978 a
773 2937 863 2994 causa
874 2918 980 2997 pariter
991 2937 1052 2978 non
1061 2919 1195 2994 ιιιιιιιιιιι,
1210 2923 1296 2981 Athe·
1344 2969 1347 2974 .

208 3017 411 3096 nienses,''qu'o
426 3024 494 3072 tunc
509 3011 645 3091 temporis
656 3031 702 3072 res
717 3020 815 3078 essent
827 3010 904 3082 loco,
921 3011 950 3068 in
963 3011 1130 3072 memoriam
1138 3009 1221 3073 vobis
1230 3012 1296 3075 red·

208 3109 296 3186 igere,
321 3117 355 3167 ut
378 3106 493 3185 singula
514 3114 601 3183 prout
621 3105 902 3183 cujusque'tempus
924 3121 956 3163 se
976 3101 1086 3166 serebat
1108 3099 1296 3184 perspicietis

209 3199 408 3278 Bello-igitur
434 3197 582 3258 Phocensi
609 3196 839 3256 conflatos-non.
856 3213 910 3274 per
931 3214 992 3255 me:
1012 3197 1142 3256 nonduin
1163 3198 1240 3258 enirn
1259 3191 1297 3258 ad¹
1383 3262 1387 3266 ,

208 3289 416 3377 rempublicam
429 3289 773 3368 accesseram÷primum
786 3289 828 3347 ita
840 3308 893 3347 vos
905 3287 1017 3348 animis
1040 3289 1136 3349 affecti
1146 3291 1251 3361 eratis,
1263 3302 1293 3350 ut

209 3384 377 3444 Phocenses
397 3381 492 3442 salvos
505 3401 570 3440 esse
582 3381 707 3454 velletis,
729 3380 860 3459 quamvis
872 3381 973 3459 parum
982 3385 1064 3455 juste
1083 3401 1170 3461 agere
1185 3402 1235 3443 eos
1255 3383 1292 3440 vi-

210 3475 327 3547 deretis,
340 3473 484 3560 Thebanis
498 3485 602 3552 autern
608 3485 864 3580 quantumcqnque
878 3474 947 3533 mali
961 3473 1118 3543 accidisset
1129 3477 1232 3536 essetis
1245 3475 1292 3534 las-

207 3571 306 3643 taturi,
318 3587 414 3648 neque
427 3568 537 3644 absque
544 3568 655 3628 ratione
667 3588 763 3648 neque
770 3587 874 3647 rnJurra
880 3567 961 3628 illis
952 3569 1036 3627 irati·
1060 3589 1212 3634 successus
1222 3571 1296 3630 eninr

209 3685 276 3725 suos
291 3663 341 3724 ad
353 3662 476 3736 Leuctra
488 3679 598 3739 parum
604 3661 732 3723 tulerunt
744 3659 904 3734 moderate
938 3660 1053 3720 Deinde
1072 3671 1136 3722 tota
1150 3663 1296 3742 Pelopon

207 3779 296 3819 ,nesus
313 3755 440 3832 dissidiis
458 3755 619 3824 laborabat,
641 3773 695 3814 nec
717 3774 767 3834 qur
758 3752 1018 3813 Lacedaemonios
1041 3750 1181 3818 oderant
1179 3764 1290 3814 tantum

209 3852 362 3924 valebant,
373 3851 416 3924 ιιι
429 3867 481 3908 eos
495 3855 618 3925 possent
636 3859 774 3918 evertere,
794 3865 889 3924 neque
911 3845 960 3923 qui
976 3855 1064 3905 antea
1075 3845 1191 3910 illorum
1205 3865 1296 3926 opera·

206 3943 386 4020 imperabant
405 3941 535 4002 ciiitates
557 3938 587 3996 in
601 3957 654 3998 sua
672 3938 989 4017 potestatehabebant,
1011 3939 1064 3998 sed
1084 3938 1222 4017 quaedam
1237 3947 1293 3999 erat

208 4031 383 4110 inexplicata
396 4035 426 4093 et
438 4031 517 4112 apud
536 4032 590 4091 hos
605 4041 636 4091 et
649 4031 813 4110 apudalios
834 4031 983 4092 universos
1004 4031 1039 4088 lis
1060 4040 1090 4090 et
1108 4021 1289 4110 perturbatio.

211 4127 285 4185 Haec
295 4124 480 4184 cumriiler'ct
491 4125 780 4205 Philippus÷neque
795 4124 871 4183 enim
881 4123 1289 4204 erautobsoura-largitioni-

208 4221 266 4280 bus
281 4218 309 4276 in
325 4217 503 4294 singularum
517 4219 665 4276 civitatum
679 4217 839 4296 proditores
853 4215 962 4291 effusis,
976 4235 1025 4274 eas
1039 4234 1140 4275 omnes
1154 4211 1289 4282 commisit

211 4321 242 4370 et
259 4311 334 4370 inter
347 4327 379 4368 se
402 4307 565 4381 concitavit,
585 4309 689 4369 deinde
710 4313 767 4388 quo
788 4319 917 4387 tempore
929 4305 986 4368 'alii
999 4309 1125 4387 graviter
1135 4302 1289 4388 peccabant

211 4402 341 4479 maleque
355 4399 527 4472 sentiebant,
539 4399 602 4478 ipse
620 4400 733 4462 interim
754 4419 786 4462 se
805 4401 940 4470 ιιιιιιιιιιι
957 4401 1047 4481 inque
1059 4401 1186 4462 omnium
1199 4399 1287 4481 perni-
