2920 4950
482 245 755 360 oirnrmnon
777 302 789 360 1
812 301 878 381 (n).
1167 249 1237 361 ‘aa

129 467 216 533 qnam
231 451 335 532 gessit,
349 471 386 514 ee
398 453 544 514 recenseri
558 473 592 513 ac
607 453 726 532 coargui
737 454 845 527 omnin,
864 455 1024 516 orationem
1042 475 1100 516 non
1114 454 1234 535 longam

128 546 292 625 postulare,
302 545 414 606 etmihi
425 545 541 625 quidem
552 546 667 606 duabus
677 547 821 608 decausis
832 548 988 608 utiliaesse
997 549 1236 618 dictuvidentnra

127 649 188 698 tum
203 649 238 700 ut
251 639 348 711 illum,
358 639 390 699 id
410 639 488 719 quod
503 659 549 698 res
572 651 626 711 est,
640 639 803 718 improbum
822 626 888 700 esse
907 651 1032 714 constet,
1052 651 1113 701 tum
1135 642 1237 720 utqui

127 731 257 813 Philippi
271 733 373 792 timore
387 733 503 792 attoniti
524 741 602 803 sunt,
618 732 700 812 quasi
722 732 747 792 is
770 733 899 812 superari
914 753 973 792 non
991 734 1095 814 possit,
1116 734 1236 794 videant

126 825 388 904 compercurrisse
404 823 514 897 omnia,
528 825 635 903 quibus
646 824 763 884 dudum,
770 825 902 885 homines
927 826 1094 886 ludificatus
1113 826 1143 885 in
1157 827 1237 886 herro

126 918 361 998 magnitudinem
374 916 512 988 excrevit,
524 927 553 976 et
567 917 606 976 ad
620 917 716 997 ipsum
726 917 866 976 accedere
877 918 964 976 linem
975 939 1020 978 res
1032 919 1103 998 ejus.
1143 919 1238 997 Equi*

126 1011 206 1083 dem,
213 1009 505 1082 Athenienses,ralde
515 1009 652 1069 ducerem
662 1021 692 1069 et
702 1008 765 1088 ipse
777 1009 988 1070 formidabilem
996 1031 1062 1070 esse
1070 1022 1101 1070 et
1111 1012 1239 1071 admira⁴

125 1103 216 1186 bilem
227 1103 408 1183 Philippum,
418 1103 443 1160 si
458 1101 588 1160 honestis
602 1121 669 1160 eum
681 1100 808 1160 crevisse
818 1102 976 1160 rationibus
987 1102 1135 1162 viderem:
1156 1123 1237 1162 nunc

125 1217 206 1269 vero,
216 1215 285 1256 cum
299 1215 361 1254 rem
375 1194 530 1272 diligenter
542 1193 704 1263 considero,
719 1193 833 1272 reperio
847 1213 904 1252 eum
915 1205 1044 1253 nostram
1061 1193 1154 1273 primo
1164 1195 1235 1254 sim·

125 1289 302 1368 plicitatem,
317 1307 375 1368 quo
390 1296 521 1365 tempore
535 1286 691 1366 Olynthios
705 1286 821 1364 quidam
840 1285 909 1346 hinc
924 1287 1092 1366 repulerunt
1111 1287 1237 1366 cupidos

126 1381 282 1440 nobiscum
308 1379 553 1451 communicandi,
577 1399 645 1438 cum
669 1399 700 1438 se
725 1379 923 1459 Amphipolim
948 1381 1033 1440 nobis
1058 1381 1234 1441 traditurum

125 1471 282 1533 diceretet
301 1491 440 1531 arcanum
461 1471 533 1530 illud
554 1470 633 1549 quod
654 1471 810 1550 aliquando
826 1473 995 1550 jactabatur
1018 1475 1142 1533 subdole
1163 1493 1234 1532 con·
1328 1507 1332 1516 -

125 1575 251 1637 texeret,
266 1566 308 1624 ite
319 1565 493 1644 pellexisset
515 1563 836 1643 Olynthiorumdeinde
845 1566 998 1625 amicitiam
1011 1567 1064 1626 sibi
1077 1567 1236 1644 aduenisse
1298 1629 1304 1636 ,

125 1659 328 1738 expugnanda
342 1657 486 1728 Potidaea,
503 1665 603 1716 nostro
617 1658 736 1737 oppido,
751 1670 781 1718 et
792 1669 921 1738 ereptum
931 1659 1014 1718 nobis
1029 1659 1172 1739 prioribus
1183 1679 1235 1720 so-

125 1751 178 1812 ciis
191 1771 247 1830 per
262 1751 405 1831 injuriam,
419 1749 477 1808 illis
491 1749 653 1810 tredendo:
677 1750 835 1810 Thessalos
849 1771 928 1811 nunc
945 1762 1092 1831 postremo
1105 1755 1157 1811 sibi
1170 1774 1235 1814 con·

124 1845 233 1903 cilicem
252 1843 449 1923 promittendo
463 1863 495 1902 se
509 1843 552 1903 eis
566 1843 750 1922 Magnesiam
766 1845 951 1918 traditurum,
972 1855 1003 1904 et
1016 1847 1182 1926 recipiendo
1201 1867 1234 1908 se

126 1938 282 1998 Phocense
296 1937 406 1996 bellum
427 1955 480 2015 pro
494 1935 537 1994 eis
552 1934 711 2015 gesturum.
753 1937 890 2016 Denique
903 1957 989 1998 nemo
1004 1948 1050 1997 est
1063 1959 1163 1998 eorum
1183 1939 1234 2018 qui

124 2029 190 2111 ipso
205 2032 251 2090 usi
267 2037 346 2103 sont,
361 2047 449 2107 quern
463 2047 523 2086 non
535 2029 701 2108 deceperit:
721 2029 768 2088 his
782 2029 859 2088 enirn
874 2030 983 2089 artibus
994 2030 1094 2101 crevit,
1109 2041 1142 2090 ut
1155 2050 1233 2091 sem-

124 2145 178 2205 per
198 2145 301 2185 eorum
320 2143 339 2184 a
356 2124 462 2202 quibus
478 2122 661 2201 ignoraretur
674 2123 898 2203 imprudentiam
913 2124 1134 2184 circumveniret
1145 2135 1234 2204 atque
1255 2159 1257 2165 ,

127 2219 319 2278 adscisceret.
341 2217 382 2276 Ut
393 2216 482 2294 igitur
497 2234 550 2293 per
569 2215 623 2274 hos
643 2215 702 2274 alte
716 2216 856 2288 ascendit,
872 2216 942 2276 dum
956 2217 1077 2294 quisque
1092 2217 1186 2295 aliquo
1200 2236 1234 2278 sc

65 2365 69 2378 .
125 2313 162 2372 ab
175 2333 212 2374 εο
224 2311 370 2371 beneficio
386 2310 523 2370 effectum
537 2309 570 2368 iri
585 2310 717 2387 putabet,
732 2311 773 2369 sic
786 2330 838 2389 per
852 2310 973 2369 eosdem
983 2309 1072 2368 hosce
1081 2311 1169 2368 etiam
1179 2309 1232 2368 dee¹

123 2404 174 2485 jici
188 2425 290 2464 rursus
302 2425 368 2464 eum
384 2412 508 2483 oportet,
522 2411 677 2482 postquam
692 2413 871 2484 compertum
886 2412 931 2464 est
944 2423 1010 2462 eum
1026 2403 1064 2462 ed
1080 2423 1162 2463 suam
1176 2404 1233 2463 uti-

126 2497 240 2558 litatem
255 2495 361 2556 reserre
375 2495 481 2556 omnia.
1128 2507 1131 2512 '

163 2594 196 2649 4.
218 2589 254 2647 In
265 2608 300 2648 eo
312 2589 400 2667 igitur
410 2588 476 2647 loco
491 2607 539 2648 res
549 2587 675 2667 Philippi
686 2607 764 2647 nunc
774 2597 854 2658 sunt,
869 2585 1083 2648 Athenienses:
1098 2598 1149 2648 aut
1160 2609 1230 2668 pro-

126 2679 195 2740 deat
205 2680 323 2760 aliquis,
333 2679 451 2751 etmihi,
463 2699 498 2740 ac
511 2680 608 2759 potius
622 2680 714 2751 vobis,
729 2679 867 2739 ostendat
878 2679 997 2740 velhaec
1012 2701 1030 2739 a
1043 2701 1155 2740 menon
1165 2702 1231 2744 vere

127 2773 194 2845 dici,
212 2773 261 2834 vel
285 2773 424 2852 quiante
445 2773 560 2853 decepti
573 2781 643 2835 sunt
662 2771 699 2830 de
721 2772 832 2850 reliquo
853 2773 880 2831 ci
902 2773 990 2832 fidem
1006 2773 1167 2848 habituros,
1185 2775 1233 2835 vel

127 2877 229 2927 contra
249 2867 378 2946 ipsorum
397 2865 569 2944 dignitatem
579 2865 717 2925 servitute
732 2885 886 2945 oppressos
901 2865 1060 2926 Thessalos
1074 2887 1153 2926 nunc
1172 2887 1233 2927 non

129 2962 221 3020 teneri
237 2959 382 3019 desiderio
396 2959 604 3038 recuperande
616 2957 766 3016 libertatis.
809 2957 898 3026 Quod
912 2958 936 3017 si
951 2958 1014 3036 quis
1026 2969 1153 3019 vestrum
1165 2959 1231 3020 haec

128 3051 246 3132 quidem
266 3051 308 3110 ite
322 3070 386 3111 esse
407 3051 498 3121 ducit,
515 3049 566 3110 sed
587 3069 654 3109 eum
672 3050 701 3108 vi
715 3059 896 3112 retenturum
916 3051 1067 3130 imperium
1087 3051 1231 3130 opinatur,

133 3143 210 3224 quod
235 3143 304 3203 loca
326 3153 357 3203 et
377 3153 478 3222 portus
493 3154 523 3202 et
545 3142 603 3202 alia
621 3141 683 3221 ejus
707 3146 820 3222 generis
841 3143 1064 3222 praeoccuparit,
1079 3162 1138 3202 non
1151 3154 1232 3204 recto

129 3238 274 3316 opinatur.
311 3237 386 3296 eum
397 3237 474 3295 enim
483 3234 687 3295 benevolentia
695 3255 741 3294 res
750 3245 960 3314 componantur·
974 3245 1005 3294 et
1015 3235 1150 3296 omnibus
1161 3237 1232 3298 belli

128 3329 212 3388 sociis
227 3327 332 3388 eadem
352 3327 520 3407 expediant,
541 3336 597 3386 tum
612 3339 641 3386 ct
664 3329 793 3387 conferre
808 3347 925 3406 operam
940 3337 970 3387 et
984 3327 1064 3396 serre
1084 3349 1230 3390 aerumnas

126 3430 156 3480 ct
168 3439 354 3500 perseverare
369 3420 473 3482 volunt
489 3419 636 3481 homines:
660 3423 684 3480 si
703 3421 768 3499 quis
783 3429 880 3480 autem
894 3439 946 3498 per
967 3421 1117 3480 avaritiam
1132 3431 1162 3480 et
1174 3421 1230 3480 im-¹

126 3513 310 3592 probitatem,
324 3522 357 3573 ut
375 3511 434 3586 ille,
449 3513 483 3571 lit
496 3523 612 3591 potens,
632 3513 726 3594 prima
739 3531 862 3592 quaeque
877 3513 991 3572 occasio
1006 3522 1036 3571 et
1048 3513 1120 3572 levis
1135 3512 1229 3572 offen-

126 3601 169 3665 sio
182 3605 284 3684 omnia
288 3609 351 3680 jam
364 3604 493 3664 excussit
502 3615 533 3664 et
546 3605 690 3666 dissolvit.
729 3604 799 3663 Non
807 3603 886 3662 enirn
897 3605 1037 3678 lieri,non
1047 3606 1108 3664 lieri
1118 3615 1227 3684 potest,¹

126 3699 332 3771 Athenienses,
346 3707 379 3756 ut
389 3717 443 3777 per
456 3698 575 3778 injurias
591 3708 621 3758 et
639 3699 763 3779 perjuria
783 3707 814 3758 et
835 3697 988 3758 mendacia
1009 3699 1142 3758 stabilem
1156 3701 1230 3776 ,quis

123 3791 287 3871 potentiam
297 3800 460 3870 comparet,
474 3790 527 3850 sed
537 3791 609 3851 talia
619 3791 736 3870 quidem
747 3791 835 3850 semel
847 3792 924 3850 etad
936 3794 1023 3851 breve
1031 3802 1147 3870 tempus
1157 3799 1230 3852 con-¹

125 3884 244 3956 sistunt,
258 3893 290 3942 et
301 3902 480 3962 magnopere
492 3883 617 3944 fortasse
632 3903 684 3963 spe
695 3882 889 3952 efflorescunt,
904 3893 1033 3964 tempore
1050 3891 1148 3943 autem
1167 3884 1231 3944 fur-

124 3975 175 4035 tim
199 3977 380 4035 subruuntur
400 3986 430 4035 et
449 3975 486 4035 ad
505 3975 662 4055 primordia
681 3995 734 4036 sue
753 3975 898 4036 recidunt.
941 3976 1019 4036 Nam
1034 3996 1098 4036 mee
1111 3977 1231 4058 quidem

125 4068 281 4141 sententio,
293 4077 329 4127 ut
340 4067 449 4127 sedium
464 4080 494 4128 et
506 4069 588 4129 navis
603 4079 633 4129 et
651 4069 770 4129 aliarum
790 4087 885 4128 rerum
900 4067 963 4146 ejus
985 4071 1100 4148 generis
1117 4071 1231 4131 infimas

122 4169 221 4238 partes
236 4160 418 4219 firmissimas
430 4179 495 4220 esse
508 4170 634 4240 oportet,
648 4161 692 4221 sic
705 4161 792 4221 etiam
802 4162 951 4221 actionum
965 4163 1107 4243 principia
1120 4173 1151 4224 et
1164 4165 1233 4222 fun·
1258 4189 1263 4196 ·

124 4251 263 4312 tanente
277 4273 347 4313 vera
360 4263 390 4312 et
397 4253 481 4333 justa
493 4273 558 4317 esse
572 4257 718 4318 convenit.
759 4255 797 4316 Id
811 4275 880 4318 vero
895 4276 955 4318 non
969 4259 1047 4320 inest
1061 4277 1139 4319 nunc
1148 4257 1177 4323 in
1187 4279 1232 4320 re·

123 4343 363 4429 busal'hilippo
376 4344 480 4425 gestis.
701 4341 703 4344 ’
