2946 4954
217 269 275 327 206
628 265 685 326 DE
707 265 889 328 CORONA.

217 437 283 488 cere
301 421 454 500 quisquam
469 420 546 480 eliud
560 422 668 501 possit:
690 423 817 502 Philippi
830 441 909 492 vero,
921 439 986 481 eum
1002 440 1062 500 quo
1075 419 1159 481 nobis
1172 415 1311 482 erat‘cer-

217 523 325 585 tamen,
342 513 488 593 quomodo
510 534 541 572 ee
563 535 609 574 res
628 514 793 575 habuerunt
809 515 915 576 videte.
957 514 1085 574 Primum
1099 515 1262 594 imperabat
1274 513 1310 574 iis

217 603 268 681 qui
288 622 351 661 eum
372 606 566 683 sequebantur
579 606 642 685 ipse
657 607 828 666 auctoritate
845 625 968 678 summa,
983 606 1063 685 quod
1076 625 1177 666 eorum
1191 625 1255 684 quse
1269 605 1310 664 ad
1399 595 1402 606 ¹

215 694 324 753 bellum
338 697 483 775 pertinent
493 698 652 758 maximum
664 710 710 758 est
719 699 857 758 omnium.
893 698 1007 758 Deinde
1020 698 1050 756 hi
1064 717 1145 757 arma
1156 716 1310 774 nunquam

216 805 275 846 non
290 788 437 849 habebant
458 790 487 848 in
506 790 649 850 manibus.
691 790 808 851 Deinde
821 791 946 870 pecunia
959 788 1135 850 abundabat.
1178 790 1227 866 Et,
1242 785 1310 866 qum

216 876 270 956 ipsi
288 881 351 940 visa
373 890 483 953 essent,
502 882 619 960 agebat,
642 902 701 941 non
723 875 847 942 decretis
862 883 928 960 qaid
940 884 1018 940 vellet
1032 891 1100 941 ante
1115 881 1308 951 denuncians,

217 989 272 1030 nec
283 972 314 1030 in
327 973 481 1052 propatulo
496 973 670 1046 deliberans,
685 994 744 1034 non
758 994 776 1034 a
790 974 1048 1034 calumniatoribus
1063 973 1093 1031 in
1104 972 1246 1053 judicium
1256 991 1310 1030 vo-

217 1071 311 1133 catus,
327 1084 386 1123 non
408 1064 516 1124 decreti
540 1075 641 1125 contra
662 1065 744 1144 leges
768 1065 867 1144 scripti
888 1065 1064 1145 postuletne,
1076 1063 1310 1124 non'rationibus

216 1154 343 1234 cuipiam
356 1157 513 1216 referendis
526 1159 680 1232 obnoxius,
694 1159 746 1218 sed
768 1159 854 1238 plane
867 1158 933 1237 ipse
943 1157 1089 1229 dominus,
1102 1157 1171 1229 dux,
1186 1156 1311 1234 impera-

215 1255 263 1307 tor
279 1248 416 1308 omnium.
460 1249 524 1328 Ego
538 1269 607 1310 vero
621 1251 671 1329 qui
684 1260 786 1310 contra
799 1250 878 1309 hunc
897 1249 1053 1308 instructus
1077 1251 1262 1308 eram-nam
1279 1257 1312 1306 et

215 1337 272 1398 hoc
286 1326 396 1418 anquiri
410 1359 525 1419 tequum
545 1344 714 1419 est-cujus
727 1341 768 1402 rei
779 1350 955 1422 potestatem
974 1339 1140 1399 habebam?
1180 1339 1311 1399 Nullius.

218 1431 295 1489 Nam
308 1433 432 1510 primurn
445 1433 521 1493 hanc
536 1434 627 1511 ipsam
639 1433 831 1490 concionandi
845 1431 1024 1502 facultatem,
1036 1431 1120 1510 cujus
1134 1431 1311 1490 soliuseraru

216 1523 372 1603 particeps*
384 1545 451 1601 ego,
467 1537 650 1580 communem
662 1520 854 1598 proposuistis
868 1539 920 1578 vos
933 1519 1010 1578 illius
1024 1522 1206 1579 mercenariis
1222 1533 1311 1600 atque

217 1613 297 1685 mihi,
307 1624 337 1672 et
349 1612 567 1692 quibuscunque
581 1611 611 1668 in
620 1612 708 1670 rebus
716 1631 764 1670 me
777 1610 819 1668 illi
834 1612 1137 1693 superarent—multa
1150 1617 1248 1671 autem
1259 1633 1311 1674 ac-

216 1704 350 1764 ciderunt
362 1701 539 1782 hujusmodi,
553 1700 609 1760 alia
621 1701 686 1760 aliis
700 1702 738 1760 de
752 1701 859 1774 causis,
873 1721 1062 1781 quascunque
1072 1703 1131 1784 sors
1142 1702 1312 1777 tulisset-7

216 1795 247 1854 in
262 1795 296 1854 iis
311 1814 348 1852 ex
367 1813 420 1853 usu
433 1793 562 1852 hostium
580 1793 657 1852 initis
678 1793 805 1854 consiliis
824 1793 1009 1854 discessistis.
1051 1794 1250 1855 Veruntamen
1264 1806 1313 1856 tot

215 1889 305 1946 rebus
317 1884 435 1946 inferior
448 1905 504 1964 ego
518 1886 613 1946 socios
626 1886 708 1946 vobis
722 1885 885 1964 comparavi
900 1886 1039 1958 Euboeos,
1052 1886 1191 1961 thaeos,
1206 1890 1312 1948 Corin-

217 1979 306 2054 thios,
321 1977 485 2049 Thebanos,
509 1980 714 2057 Megarenses,
740 1978 913 2050 Leucadios,
938 1979 1119 2058 Corcyraeos,
1140 2000 1177 2038 ex
1202 1982 1312 2061 quibus

216 2079 400 2132 externorum
413 2070 536 2132 militum
549 2071 714 2149 quindecim
738 2071 836 2142 millia,
851 2072 978 2149 equitum
998 2071 1057 2130 duo
1081 2071 1183 2144 millia,
1203 2085 1313 2152 proeter

217 2165 343 2224 urbanas
366 2162 476 2242 copias,
500 2174 568 2223 sunt
591 2173 713 2224 coacta:
734 2164 922 2242 pecuniarum
934 2182 1003 2224 vcro
1017 2163 1202 2225 collationem
1215 2186 1314 2244 quan-

218 2266 278 2316 tam
288 2256 368 2337 potui
379 2256 533 2318 maximam
547 2257 641 2334 exegi.

257 2351 307 2408 70.
329 2348 417 2418 Quod
439 2349 462 2407 si
481 2350 548 2430 jura
572 2360 672 2410 nostra
695 2370 762 2410 cum
785 2351 986 2412 Thebanorum
1010 2350 1125 2430 juribus
1149 2369 1313 2431 comparas,

217 2438 366 2513 AEschine‚
379 2452 431 2500 aut
443 2461 510 2500 curn
524 2441 727 2522 Byzantiorum
742 2453 793 2502 aut
806 2463 873 2502 curn
888 2441 1073 2513 Euboeorum,
1087 2453 1138 2502 aut
1157 2442 1194 2502 de
1210 2462 1312 2521 aequa-

215 2535 266 2594 bili
287 2535 487 2614 parte'trr‘loti
510 2535 668 2614 conferendi
689 2536 925 2614 nunc'disputas,
946 2535 1069 2614 primurn
1090 2534 1220 2613 ignoras,
1239 2537 1312 2596 olim

218 2630 326 2708 etiam„
336 2647 402 2687 cum
415 2637 553 2688 trecentae
567 2629 696 2688 triremes
715 2637 814 2688 essent
827 2629 885 2687 illae
899 2648 966 2707 quse
979 2647 1032 2707 pro
1047 2628 1160 2689 Graecis
1177 2630 1312 2690 decerta-

217 2729 296 2790 runt,
308 2719 451 2788 ducentas
465 2718 611 2796 civitatem
625 2729 755 2780 nostram
771 2721 940 2802 praebuisse,
960 2740 1055 2799 neque
1074 2740 1105 2781 se
1127 2721 1238 2798 idcirco
1259 2723 1311 2782 de·

216 2813 322 2883 teriora
337 2810 504 2871 conditione
515 2831 581 2872 esse
591 2812 721 2872 arbitrari
730 2831 825 2891 neque
838 2833 887 2872 eos
901 2814 950 2891 qui
963 2813 1019 2871 hoc
1033 2812 1144 2871 consilii
1158 2813 1311 2874 dedissent

212 2902 325 2986 judicio
349 2903 481 2981 persequi
500 2923 596 2982 neque
622 2923 658 2963 ea
682 2905 807 2982 graviter
828 2904 904 2964 ferre
923 2908 1102 2983 compertam
1119 2916 1310 2985 esse—turpe

216 2997 293 3056 enim
313 2993 508 3054 fuisset—sed
524 2995 580 3054 diis
602 2996 811 3056 immortalibus
825 2997 946 3076 gratiam
966 2997 1083 3067 habere,
1098 2997 1131 3070 si,
1146 2996 1258 3057 Graecis
1279 3000 1309 3058 in

218 3106 372 3148 commune
385 3085 538 3146 discrimen
554 3087 697 3156 adductis,
710 3086 773 3165 ipsa
787 3087 878 3167 duplo
888 3088 954 3166 plus
966 3107 1054 3165 quam
1063 3088 1111 3148 alii
1124 3089 1164 3148 ad
1179 3091 1308 3149 omnium

216 3181 339 3240 salutem
353 3177 534 3238 contulisset.
575 3177 666 3238 Porro
679 3179 795 3262 inanem
809 3179 888 3258 apud
901 3180 955 3238 hos
969 3180 1092 3257 gratiam
1107 3191 1222 3259 captas,
1243 3203 1309 3242 cum

217 3287 265 3330 me
278 3269 481 3329 calumniaris:
501 3270 571 3348 quid
584 3271 661 3329 enim
675 3290 754 3331 nunc
765 3290 802 3330 ea
819 3271 972 3349 dicisque
987 3271 1085 3331 facere
1098 3275 1260 3351 oportebat,
1274 3295 1308 3336 aa

218 3382 276 3422 non
290 3371 362 3434 tum,
377 3381 444 3421 euru
457 3361 486 3420 in
500 3363 571 3422 urbe
585 3381 664 3422 esses
677 3365 822 3443 rebusque
830 3363 996 3434 interesses,
1012 3363 1076 3424 hec
1087 3365 1275 3440 decernebas,
1284 3368 1309 3428 si

219 3453 337 3534 quidem
345 3452 454 3512 licebat
472 3473 524 3532 per
541 3454 591 3514 illa
612 3464 755 3534 tempora,
769 3455 913 3533 inquibus
927 3475 986 3516 non
1000 3457 1079 3534 quod
1096 3457 1246 3530 vellemus,
1256 3459 1308 3520 sed

216 3547 295 3627 quod
318 3565 365 3606 res
388 3544 460 3622 ipsoe
488 3545 599 3617 darent,
625 3547 757 3626 accipere
776 3566 931 3608 necessum
953 3557 1024 3608 erat.
1066 3549 1203 3628 Namque
1221 3551 1307 3630 isqui

217 3648 318 3701 contra
330 3638 473 3706 liceretur,
488 3637 537 3713 qui
550 3635 584 3696 iis
598 3657 672 3716 quos
686 3639 870 3718 rejecerimus
884 3649 1049 3719 promptum
1059 3641 1216 3721 hospitium
1234 3661 1306 3723 prae·

215 3733 307 3809 beret,
320 3729 370 3808 qui
383 3726 521 3816 pecunias
535 3727 653 3808 insuper
666 3729 758 3803 daret,
773 3731 874 3791 aderat
887 3742 1015 3811 paratus.
1101 3779 1106 3790 .

225 3885 227 3892 ,
257 3825 305 3882 71.
327 3822 367 3881 At
384 3821 408 3880 si
422 3839 500 3879 nunc
512 3830 629 3908 propter
643 3841 678 3880 ea
691 3841 756 3900 quae
772 3834 853 3902 gesta
867 3835 937 3883 sunt
949 3844 1080 3900 accusor,
1091 3825 1163 3904 quid
1177 3827 1305 3888 futurum

213 3911 304 3972 fuisse
317 3914 454 3984 censetis,
471 3912 507 3982 si,
530 3931 597 3971 cum
611 3932 666 3992 ego
681 3915 879 3993 scrupulosius
893 3916 938 3976 his
951 3916 989 3976 de
1003 3918 1089 3976 rebus
1103 3919 1306 3999 disceptarem,
1360 3935 1366 3944 '

217 4003 425 4077 abscessissent
450 4004 584 4065 civitates
601 4016 632 4064 et
650 4025 715 4068 sese
735 4025 803 4065 cum
818 4007 953 4087 Philippo
972 4009 1203 4088 conjunxissent,
1223 4011 1307 4090 isque

215 4111 275 4151 uno
284 4101 413 4172 tempore
428 4097 547 4157 Euboea
557 4097 642 4157 simul
656 4107 687 4156 et
701 4097 869 4158 Thebarum
883 4101 1072 4180 Byzantiique
1081 4122 1201 4182 compos
1213 4104 1308 4164 lactus

214 4191 302 4254 esset,
311 4183 381 4260 quid
393 4188 522 4248 facturos
537 4201 588 4249 aut
601 4190 672 4268 quid
690 4191 799 4269 putatis
815 4190 945 4252 dicturos
958 4192 1049 4254 fuisse
1063 4195 1220 4255 sceleratos
1233 4195 1307 4254 istos

216 4273 369 4333 homines?
387 4339 392 4354 ι
410 4276 488 4349 Non,
506 4281 714 4364 proditosesse
727 4281 813 4342 illast
833 4302 903 4362 non,
918 4295 1032 4363 spretos
1046 4305 1082 4346 ac
1105 4287 1306 4366 rejectoscum

210 4365 366 4444 nobiscum
375 4384 441 4424 esse
450 4368 623 4452 cupiissent:
636 4373 742 4436 deinde
750 4373 916 4454 Philippum
927 4359 1119 4458 Hellesponto
1131 4399 1183 4460 per
1193 4381 1309 4458 Byrsa-
