2912 4946
430 231 602 338 cort-unu
624 231 914 332 rrmocltllull·
1146 243 1205 302 ιιι

99 394 208 455 uiciens
227 393 386 466 inculcata,
410 393 608 472 gravissimum
630 387 808 480 supplicium·
820 393 1011 480 mereri,‘ego
1031 393 1206 477 ducereco-

96 489 201 548 nabcr.
230 485 339 546 Fururu
357 485 435 546 enirn
448 495 479 546 et
492 497 691 566 grassatorum
708 497 739 546 et
753 486 873 546 aliorum
890 481 1131 571 facinorosorum,
1143 489 1203 567 pri·
1217 491 1219 496 '

99 599 182 638 ιιιιιιιι
199 579 226 638 ei
239 579 375 637 nimirum
389 578 532 638 duntaxat
550 579 676 657 quisque
694 588 791 650 nocet,
812 578 842 637 in
863 598 950 657 quem
964 567 1054 639 forte
1063 571 1209 653 inciderit,i

100 687 200 750 neque
212 670 328 730 illorum
337 671 492 762 quisquam
506 688 606 730 onrues
618 671 665 732 vel
678 669 769 740 furto,
778 671 824 729 rel
838 671 940 750 rapina
953 671 1079 750 spoliare
1092 673 1204 752 possit:
1231 725 1234 728 .

100 763 224 824 deinde
226 775 309 824 suurn
330 763 473 824 duntaxat
490 762 732 824 existimationem
751 771 782 822 et
802 762 891 825 vitam
913 761 1055 822 dedecore
1075 780 1207 826 cemma·

7 855 9 860 ’
96 859 200 920 uniat(
212 860 245 920 Si
259 861 325 940 quis
338 879 407 920 vero
409 857 515 941 legem
529 879 583 940 rog
584 870 624 932 at,
639 859 841 940 quaperlrita,
846 859 995 939 quibusvis
1009 859 1136 920 lao'dendi
1150 842 1211 922 vos'
1253 907 1260 914 -

99 952 196 1012 omnis
210 952 329 1012 licentia
342 963 372 1012 et
392 954 549 1033 impunitas
562 952 744 1058 proponitur,
758 952 783 1010 is
797 953 941 1040 universa
960 941 1172 1030 reipublicae'
1146 975 1207 1014 rum

99 1053 130 1104 et
144 1045 281 1124 injuriam
293 1045 373 1104 iacit.
396 1043 558 1124 Flagitiosa
570 1045 647 1104 enim
660 1045 718 1118 lex,
732 1045 811 1104 urbis
832 1044 894 1125 ejus
907 1043 938 1102 in
952 1063 1042 1130 quam
1057 1046 1204 1125 recipitur,

99 1139 324 1220 estpublica
316 1139 476 1222 ignominia
496 1149 527 1199 et
544 1138 686 1211 dedecus,
708 1145 854 1217 nocetque
874 1137 1009 1198 omnibus
1029 1138 1075 1197 his
1095 1139 1145 1217 qui
1168 1157 1205 1200 ea

98 1235 237 1292 utuntur?
256 1232 433 1311 Eumigitur
446 1233 497 1314 qui
510 1241 540 1293 et
554 1251 658 1292 nocere
669 1222 773 1292 vestris
787 1232 958 1302 commodis,
974 1241 1068 1292 etrus
1084 1231 1218 1318 infamia-¹

98 1323 250 1408 complere
264 1335 396 1396 conatur,
410 1345 487 1399 euru,
500 1325 628 1403 inquam,
644 1340 697 1384 vos
711 1323 790 1384 nacti
804 1343 862 1383 non
872 1323 1022 1404 punietis?
1040 1325 1120 1390 Quid
1133 1335 1207 1388 vero

98 1415 227 1477 dicetis?
249 1418 432 1495 intelligetur
446 1427 544 1476 autern
561 1402 879 1495 rectissima'quantas
896 1435 954 1502 res,
973 1417 1032 1478 ista
1047 1417 1112 1497 lege
1132 1417 1207 1479 scri·'

98 1510 209 1581 benda,
220 1509 325 1587 quibus
340 1508 451 1568 insidiis
466 1508 505 1568 sit
518 1508 700 1592 complexus,
715 1527 824 1586 easque
838 1514 957 1588 recepto
967 1509 1060 1568 ‘statui
1079 1503 1219 1576 civitatis

96 1621 188 1682 quarn
208 1603 380 1672 contrarias,
393 1603 419 1660 si
431 1601 489 1661 hoc
502 1600 716 1673 consideretur,
735 1602 900 1680 omnesqui
918 1601 1081 1661 libertatern
1101 1605 1204 1685 populi
1215 1592 1228 1678 J
1309 1627 1314 1670 1

100 1704 173 1755 suut
196 1689 374 1775 oppressuri,
386 1687 463 1754 ¹curn
482 1695 578 1754 noras'
595 1712 642 1754 res
661 1694 830 1766 moliuntur,
854 1693 911 1754 hoc
934 1694 1041 1754 facere.
1073 1695 1205 1756 Prit'num

99 1787 231 1847 omnium
252 1795 365 1847 veteres
379 1785 461 1865 leges
480 1785 579 1864 aliqua
590 1786 658 1865 leg'e
679 1783 844 1858 destruunt,
861 1795 895 1846 ut
911 1805 952 1846 ne
967 1786 1082 1866 legibus
1101 1806 1205 1867 poenas

98 1876 463 1946 dare‘suor‘um⁷scelerum
476 1879 516 1937 sit
525 1895 662 1938 necesse.
704 1878 812 1938 Nonne
835 1877 922 1958 igitur
942 1878 1057 1958 triplici,
1072 1899 1131 1940 non
1145 1879 1204 1942 una

99 1979 205 2044 mort'e,
219 1985 247 2032 ιι
235 1971 318 2030 lieri
332 1980 443 2060 posset,
462 1959 658 2030 mulctandus
671 1969 773 2030 esset?
797 1970 848 2050 qui
869 1989 936 2031 curn
956 1971 993 2029 sit
1008 1991 1093 2044 unus,
1108 1969 1138 2032 et‘
1151 1989 1204 2034 vos

98 2066 203 2144 utique
217 2083 277 2124 nou
290 2065 329 2129 sit
341 2069 543 2152 oppressurus,
553 2064 613 2123 sed
628 2075 730 2123 contra
743 2065 806 2142 ipse
817 2063 914 2142 potius
933 2065 1012 2143 apud
1025 2085 1077 2124 vos
1088 2068 1204 2141 (modo,

98 2169 134 2218 ut
146 2177 268 2244 aequum
279 2167 336 2228 est,
347 2145 480 2217 officium¹
500 2157 597 2218 iacere
618 2158 726 2231 velitis)
744 2159 901 2238 periturus,
923 2169 1020 2219 tamen
1037 2147 1069 2218 id
1088 2157 1211 2222 lacinus

99 2251 229 2310 imitatus
242 2260 299 2321 est,
314 2259 344 2309 et
357 2249 424 2328 lege
437 2269 491 2308 sua
505 2267 556 2308 eos
570 2249 685 2309 solvere
698 2249 800 2319 voluit,
819 2268 894 2328 quos
903 2251 1016 2330 judicia
1029 2251 1203 2340 vinxerunt:

97 2361 168 2404 cunt
191 2341 376 2420 impudenter
387 2340 544 2420 scripserit
568 2341 592 2399 si
615 2341 680 2420 quis
704 2341 828 2402 vinculis
851 2344 890 2403 sit
910 2342 1077 2416 damnatus,
1099 2357 1151 2406 aut
1172 2347 1203 2406 in
1303 2339 1307 2348 ’

98 2440 248 2516 posterum
268 2434 464 2505 damnandus,
480 2442 513 2493 ut
532 2434 556 2492 is
573 2431 748 2496 'dimittatur
775 2420 889 2516 Atqui
889 2437 913 2496 si
930 2437 1087 2497 clamorem
1108 2441 1204 2501 subito

97 2531 177 2590 circa
191 2529 358 2608 praetorium
374 2525 532 2588 sublatum
536 2528 687 2601 audiretis,
704 2540 791 2608 atque
805 2529 908 2609 aliquis
920 2531 1040 2603 diceret,
1055 2533 1202 2612 reclusum

84 2627 166 2682 ‘esse
183 2639 341 2708 carcerem,
351 2621 523 2698 vinctosque
538 2619 688 2698 aufugere,
700 2636 788 2680 nemo
805 2621 955 2700 itaneque
964 2623 1091 2702 juvenis,
1107 2645 1203 2706 neque

99 2731 203 2787 sena,
212 2713 310 2793 u'eque
323 2731 424 2772 socors
436 2721 492 2782 est,
508 2713 557 2791 qui
569 2730 631 2772 ιιοιι
643 2731 696 2792 pro
710 2714 818 2772 viribus
832 2714 1033 2794 opitularetur
1066 2717 1118 2778 Sin
1139 2720 1204 2798 quis

97 2823 274 2886 progressus
302 2805 423 2878 diceret,
447 2804 546 2864 isturn'
558 2823 621 2864 esse
644 2805 694 2883 qui
716 2815 768 2864 eos'
792 2805 963 2882 dimisisset,
988 2808 1087 2868 statim
1118 2813 1203 2871 abre·
1229 2805 1232 2812 ’

97 2907 169 2978 ptus
181 2897 307 2958 indicta
326 2915 419 2957 causa
440 2896 630 2956 hauddubie
651 2897 841 2957 occideretur
873 2898 970 2968 Nunc,
994 2901 1203 2983 Athenienses,

95 2990 233 3049 habetis
225 2999 324 3059 retum,
337 2990 387 3069 qiri
399 2989 457 3049 h'oe
471 3009 530 3048 non
544 2987 710 3048 clanculum
732 2988 811 3060 iecit,
831 2989 883 3048 sed
897 3011 949 3070 per
966 2991 1063 3071 sucum
1076 2994 1157 3054 vobis
1172 3005 1203 3055 et

95 3083 287 3166 imposturam
303 3082 398 3170 legem
413 3091 512 3161 aperte
526 3080 660 3150 obtrusit,
673 3100 742 3159 quae
762 3101 819 3140 non
833 3081 921 3140 ruodo
934 3083 1037 3161 aperit,
1016 3085 1102 3143 tsed
1114 3087 1203 3146 etiarn

96 3169 203 3234 evertit
212 3181 370 3246 carcerem,
384 3181 415 3232 et
428 3166 540 3276 judicia
553 3172 640 3232 etiam
655 3180 710 3234 est
714 3175 877 3253 complexu.
909 3177 983 3240 Quis
997 3176 1073 3236 enirn
1086 3177 1133 3236 rel
1148 3180 1201 3240 iio·

96 3277 176 3335 rum,
184 3265 238 3324 vei
252 3265 337 3324 iliius
346 3266 400 3325 erit
412 3285 494 3335 usus,
509 3283 534 3324 ιι
526 3263 680 3323 damnati
694 3265 829 3338 vinculis,
850 3266 1012 3344 solventur,
1028 3281 1058 3328 et
1075 3271 1202 3350 siquem

96 3359 246 3444 deinceps
254 3356 473 3429 damnaveritis,
488 3357 560 3415 nilrii
572 3374 608 3415 ea
621 3375 652 3414 re
665 3357 842 3438 proficietis?

135 3453 189 3509 48.
212 3450 292 3509 illud
301 3449 479 3528 rgrturrobrs
490 3449 577 3509 etiarn
588 3448 896 3523 estconsrderandum
907 3452 1015 3512 multos
1029 3454 1204 3520 Graecorum

96 3561 179 3622 soepe
192 3531 369 3621 decrevisse,
382 3541 486 3601 restris
500 3541 641 3602 utendum
655 3559 722 3600 esse
733 3541 868 3619 iegibus:
891 3543 921 3601 id
935 3547 1111 3627 quodtvobis
1120 3541 1202 3610 laudi

94 3636 177 3697 haud
193 3635 298 3714 injuria
311 3634 428 3698 ducitis.
453 3635 536 3716 Narn¹
545 3651 645 3694 verum
658 3633 731 3692 iliud
743 3634 812 3693 mihi
826 3635 948 3708 vitietur,
960 3639 1038 3717 quod
1053 3643 1201 3718 quendam

93 3728 179 3808 apud
199 3746 253 3787 ros
273 3726 381 3786 dixisse
395 3727 510 3785 ierunt:
531 3737 633 3788 omnes
647 3725 785 3788 cordatos
807 3725 837 3790 iu
856 3747 892 3787 ea
913 3749 979 3789 esse
999 3731 1153 3807 sententia,
1168 3747 1202 3800 ut

93 3824 180 3900 leges
191 3819 264 3878 nibil
280 3818 360 3899 aliud
374 3825 441 3877 esse
452 3827 567 3897 putent,
589 3837 677 3896 quarn
695 3838 792 3879 mores
814 3821 949 3881 civitatis.
981 3823 1091 3884 Danda
1111 3827 1202 3906 igitur

93 3924 144 3976 est
157 3921 256 3993 opera,
271 3919 303 3971 ut
317 3931 361 3971 ιιι
382 3919 471 3991 quarn
485 3911 603 3990 optimae
618 3931 682 3972 esse
699 3913 862 3986 videantur,
876 3924 906 3974 et
923 3935 1023 3994 poenas
1046 3916 1117 3979 dent
1136 3923 1201 4002 quit

93 4014 212 4086 cunque
222 4005 287 4065 ilias
302 4006 490 4078 labefactant,
501 4004 534 4064 ei
546 4015 722 4083 pervertunt.
746 4006 871 4074 Quodsi
886 4007 1051 4087 negligetis,
1061 4009 1123 4072 tum
1136 4015 1201 4079 laus

92 4105 278 4165 irrec‘restra
291 4100 448 4169 minuetur,
460 4107 529 4158 'turn
543 4097 608 4158 urbi
621 4098 796 4158 existimatio
817 4119 876 4159 ιιοιι
895 4101 976 4160 bona
989 4103 1202 4180 conciliabitur.

94 4195 176 4259 cun
188 4213 258 4255 vero
272 4194 416 4276 Solonem¹
426 4193 456 4250 et'
468 4186 637 4250 Draconem
648 4190 714 4270 jure
733 4191 869 4263 laudetis,
888 4211 1055 4272 quanquam
1069 4201 1200 4262 neutrius

91 4289 246 4373 publicum
262 4285 382 4365 aliquod
395 4284 569 4343 beneficium
585 4283 664 4342 aliud
678 4285 782 4354 exstet,
793 4283 850 4366 nisi
864 4285 943 4361 quod
958 4287 1160 4352 conducibiles·
1172 4298 1202 4355 et

92 4379 259 4466 preclaras·
277 4379 360 4458 leges
379 4378 521 4453 tulerunt,
541 4375 814 4454 aequurn·.pr'ofecto
836 4385 891 4448 est,
912 4397 965 4437 ros
987 4378 1023 4438 iis
1046 4381 1096 4458 qui
1119 4381 1200 4462 leges

96 4477 199 4538 ferunt
216 4474 334 4537 illorum
350 4471 467 4552 legibus
487 4468 659 4540 contrarias,
682 4467 778 4543 irasci,
792 4477 822 4529 et
845 4489 948 4549 poenas
965 4471 1103 4554 irrogare.
1133 4475 1201 4538 Scio
