2920 4950
410 294 577 360 ousrto
598 294 657 362 nr:
684 291 977 362 cucusonnso
1190 303 1230 358 rr
1296 261 1299 266 ’

121 471 211 533 quem
230 451 403 527 vobis,¹·eos
413 452 531 534 quoque
542 456 641 537 potius
649 451 681 516 iis
699 458 791 517 urtcm
804 457 957 536 recipient,
970 443 1060 534 riuum
1071 454 1174 514 urbem
1187 443 1230 514 illi

113 547 247 621 trudent,
262 548 319 608 nisi
330 548 361 607 'vi
378 548 460 628 prius
473 569 541 610 eom
554 550 715 630 occuparit.
756 549 832 610 Cum
847 569 901 609 nos
915 544 1005 628 igitur
1017 539 1132 608 ct'hinc
1146 547 1227 606 neti·

120 649 189 718 gnte
202 639 451 720 nonpoterimur,
461 651 492 702 et
504 639 564 702 illic
576 641 659 702 ‘nollo
669 642 806 722 presidia
819 649 922 721 parata
934 649 1029 713 eruut,
1039 638 1112 700 nihil
1126 640 1227 700 obste-

119 731 164 792 bit
172 733 339 811 quominus
358 750 477 814 pessum
502 745 580 796 eunt.
624 734 712 809 Sene,
728 737 803 794 dicat
825 732 1127 812 requisierimus
1149 732 1227 793 eninr

119 825 272 905 agitentur
289 825 424 887 homines
439 828 497 902 isti,
511 847 565 888 nec
580 828 619 888 od
633 846 734 890 eorum
748 827 909 888 ementium
919 825 990 886 oddl
1002 821 1159 906 quicquam
1172 845 1226 906 po·

77 985 82 994 s
117 927 185 978 test„
220 919 441 993 :Omnium-sed
453 921 726 987 incolumesttrmen
739 939 792 982 eos
806 928 940 1000 oportet:
963 912 1080 978 idenim
1092 928 1140 978 est
1153 938 1225 980 ere-

119 1011 249 1090 publica.
292 1011 442 1074 Proeteree
465 1033 502 1074 ue
524 1013 597 1074 illud
619 1013 736 1094 quidem
750 1022 931 1092 compertum
949 1006 1104 1083 hebemus,
1117 1009 1179 1070 tote
1192 1019 1228 1070 ut

118 1101 342 1164 Chersonesum
362 1123 426 1165 mon
438 1105 574 1167 invadet:
598 1106 652 1166 sed
666 1105 692 1166 si
705 1125 742 1167 ex
763 1105 827 1184 ejus
850 1100 985 1182 epistole,
998 1115 1087 1182 quatu
1110 1103 1150 1162 ed
1173 1121 1226 1161 tos

117 1194 208 1267 misit,
214 1195 414 1275 judicandum
427 1199 484 1271 est,
499 1198 632 1258 ulturum
644 1217 677 1258 ee
691 1199 732 1258 ait
741 1196 847 1257 milites
858 1195 1131 1256 coenonesiunos.
1152 1195 1227 1256 Pro·

117 1285 189 1348 iude
197 1288 226 1350 si
236 1289 385 1350 exereitus
396 1289 511 1370 hicjarn
524 1291 702 1350 eonstitutus
714 1287 894 1362 retinebitur,
903 1287 930 1348 is
943 1294 973 1348 et
985 1287 1164 1368 provinciam
1178 1295 1226 1376 tu-

117 1379 157 1440 eri
175 1391 314 1443 nostram
333 1381 441 1462 poterit
453 1393 484 1442 et
497 1382 577 1443 illius
589 1382 731 1444 ditionem
744 1380 875 1440 nonnihil
889 1380 1047 1462 infestare:
1069 1379 1114 1441 sin
1134 1381 1225 1442 semel

116 1470 278 1546 dilabetur,
291 1473 365 1551 quid
385 1491 515 1555 mmor,
528 1476 554 1534 si
574 1473 728 1554 Philippus
741 1473 960 1534 Chersonesum
973 1473 1129 1542 invaserit;
1151 1474 1225 1536 Dio-
1303 1545 1307 1551 ⁸

117 1563 220 1643 pitbeu
235 1565 269 1626 iu
278 1565 424 1647 judicium
438 1567 619 1644 adducemus
629 1567 751 1628 scilicet.
789 1566 855 1626 Sed
867 1565 941 1646 quid
953 1586 986 1624 ea
998 1569 1029 1624 rc'
1037 1566 1226 1646 proficieturi

118 1659 158 1726 At
169 1658 232 1720 illis
246 1659 318 1720 binc
331 1659 442 1722 auxilio
460 1662 621 1722 mittemus.
661 1661 743 1728 Quid
757 1661 782 1720 si
794 1680 847 1740 per
865 1670 969 1722 ventor
983 1679 1044 1720 non
1057 1661 1164 1722 liceat?
1185 1663 1227 1724 At

117 1769 177 1814 non
190 1753 306 1827 reniet,
319 1754 419 1816 credo.
460 1754 501 1816 Et
515 1756 582 1835 quis
594 1754 683 1836 hujus
704 1755 746 1816 rei
770 1773 895 1833 sponsor
910 1753 984 1813 erit?
1006 1753 1147 1832 Nunquid
1162 1773 1225 1816 cer·

117 1846 185 1908 uitis
198 1855 233 1908 et
246 1846 452 1924 consideretis,
466 1847 674 1921 Athenienses,
686 1846 841 1907 imminens
854 1846 925 1906 cuni
938 1856 1064 1926 tempus,
1077 1849 1133 1910 sub
1146 1837 1225 1928 quod

117 1939 448 2001 nonnulliexistimomt.
455 1939 682 2021 Hellespontum
694 1932 797 2000 uestris
811 1938 954 2019 prsesidiis
968 1939 1141 2012 destitutum
1149 1939 1226 2002 trsdi

117 2042 256 2114 oportere
270 2031 424 2113 Philippoi
445 2033 525 2100 Quid
538 2052 619 2106 vero,
633 2030 794 2094 sinrooia
802 2031 904 2092 relicto
913 2032 1077 2110 nequidem
1085 2024 1124 2092 ad
1133 2031 1226 2094 Cher-

117 2143 262 2188 sonesum
279 2127 439 2188 messerit
460 2137 511 2186 aut
533 2126 814 2206 Byzantium-nem
836 2133 868 2184 et
888 2123 955 2186 hoec
973 2123 1159 2185 considerare
1172 2127 1226 2186 de-

116 2218 290 2282 betis-sed
303 2217 473 2280 Chalcidem
482 2220 681 2299 eutxMegerus
690 2218 835 2290 invaserit,
843 2217 994 2297 quomodo
1001 2234 1094 2297 nuper
1102 2218 1225 2294 Oreum,

116 2323 257 2374 utrumne
274 2313 427 2394 prostabit
438 2313 486 2372 hic
499 2312 543 2372 illi
555 2329 709 2373 occurrere
722 2330 758 2374 oo
768 2309 936 2390 permittere
949 2320 984 2369 ut
995 2309 1105 2370 bellum
1119 2309 1158 2370 od
1170 2311 1226 2372 At·

117 2406 184 2472 tiore
193 2405 272 2467 fines
282 2405 415 2476 accedat,
427 2425 464 2466 an
478 2405 537 2466 illic
550 2405 675 2485 negotiis
687 2402 864 2484 quibusdem
877 2402 959 2462 illum
968 2401 1139 2482 implicaret
1160 2404 1225 2484 Ego

120 2498 240 2579 quidem
256 2496 315 2558 hoo
325 2497 525 2578 proferendus
537 2517 673 2564 censeo·-

157 2594 190 2652 5.
212 2591 330 2652 Omnes
345 2590 444 2670 igitur,
466 2591 511 2650 his
535 2591 673 2670 coguitis,
686 2600 717 2651 et
738 2588 941 2662 consideratis,
956 2589 1125 2662 exercitum,
1138 2607 1227 2669 quem

119 2683 279 2764 Diopitbes
289 2683 320 2744 in
335 2683 504 2764 reipublicae
515 2683 686 2764 presidium
699 2701 802 2764 perere
815 2692 948 2756 conatur,
961 2701 1021 2742 non
1034 2683 1182 2744 adducere
1195 2686 1225 2744 io

118 2775 261 2838 iuvidiam
274 2785 391 2854 oportet
403 2795 499 2856 neque
512 2776 543 2836 id
556 2775 646 2856 egere
657 2786 693 2838 ut
706 2775 874 2855 dissipetur,
886 2773 939 2837 sed
945 2775 1028 2853 ipsos
1037 2775 1126 2836 etiem
1133 2775 1225 2836 ulium

120 2869 262 2950 adjicere,
274 2878 338 2929 tum
359 2869 577 2950 suppeditanda
589 2869 632 2929 illi
645 2870 780 2949 pecunie,
793 2880 856 2928 tum
870 2867 990 2930 'caeteris
1004 2871 1091 2929 rebus
1104 2871 1159 2928 rite
1173 2871 1226 2930 ed-

117 2961 260 3042 juvando.
303 2961 382 3022 Nem
393 2963 419 3021 si
434 2961 499 3042 quis
513 2961 680 3041 Philippum
694 2971 891 3042 percontetur,
900 2961 965 3038 Age
974 2959 1034 3032 dic,
1045 2962 1141 3020 utr'um
1152 2964 1226 3024 mal·

119 3054 256 3116 lesistos
273 3053 391 3126 milites,
404 3071 478 3133 quos
488 3074 566 3115 nune
579 3054 737 3134 Diopithes
747 3054 847 3126 habet,
856 3054 959 3132 quales
971 3053 1072 3133 quales
1081 3055 1226 3117 sint-ni-

118 3146 159 3208 lril
173 3146 254 3206 enim
264 3146 587 3228 contradico-pollere
600 3155 631 3208 et
643 3147 673 3206 iu
687 3146 781 3226 gloria
794 3165 860 3206 esse
872 3146 952 3225 apud
968 3147 1166 3208 Athenienses
1180 3159 1225 3210 ut-

118 3257 176 3318 que
188 3257 295 3300 eorum
307 3239 554 3311 contemnuntur
568 3259 637 3300 sues
651 3239 992 3320 repuntieeeonterenne,
1004 3237 1114 3319 augeri,
1129 3229 1225 3306 anie»

118 3349 151 3390 ro
164 3340 289 3410 propter
301 3331 487 3409 quorundam
496 3329 658 3392 calumnias
671 3342 704 3392 et
714 3332 918 3392 accusationes
932 3330 1029 3390 divelli
1043 3333 1226 3394 ocinterirel

120 3425 285 3486 Portet-iuro
296 3423 374 3496 brec,
386 3426 499 3504 opinor,
512 3444 545 3486 se
559 3425 633 3486 velle
644 3423 844 3506 responderet
886 3425 962 3490 Quae
972 3424 1062 3502 igitur
1071 3423 1224 3510 Philippus

119 3538 138 3580 o
149 3519 208 3580 diis
231 3519 444 3585 immortalibus
457 3530 635 3600 precaretur,
649 3539 685 3581 eo
707 3529 841 3580 nostrum
854 3519 975 3600 quidem
988 3516 1036 3580 hio
1048 3511 1225 3586 moliuntur?

122 3612 161 3674 Iit
169 3611 304 3692 queritis
318 3611 426 3686 adhuc,
439 3613 519 3676 uude
533 3622 641 3674 nostroe
655 3613 765 3674 civitati
778 3611 875 3672 omnis
887 3611 1045 3692 perierint?

127 3759 130 3766 Δ
158 3705 191 3770 6.
213 3701 311 3765 Velim
322 3697 420 3765 eutem
432 3705 523 3766 libere
537 3725 590 3766 vos
603 3713 778 3786 presentem
789 3705 898 3765 statum
909 3703 988 3764 urbis
1003 3703 1181 3778 examinare,
1195 3715 1226 3766 et

120 3795 307 3864 considerare
315 3795 392 3875 quid
405 3796 458 3876 ipsi
471 3795 613 3858 intimus
624 3816 705 3858 nunc
718 3807 749 3858 et
768 3795 915 3876 quomodo
928 3795 1145 3876 nobismetipsis
1159 3806 1225 3857 utu-

121 3908 197 3959 mur,
240 3888 303 3951 Nos
312 3907 408 3968 noque
415 3890 557 3960 tributum
567 3881 699 3951 conferre
712 3888 858 3964 volumus,
868 3908 923 3950 nec
932 3888 988 3968 ipsi
997 3888 1121 3948 militare
1134 3889 1226 3951 eude-

121 3999 196 4055 mus,
206 4001 305 4068 neque
316 3969 437 4061 publico
449 3983 577 4063 pecunia
586 3983 734 4044 obstinere
745 3999 912 4061 possumus,
929 3999 1026 4059 neque
1044 3980 1225 4060 *assignatum

122 4074 255 4154 Diopitbi
268 4075 422 4155 pecuniam
435 4075 602 4156 pendimus,
610 4095 666 4136 uec
675 4095 743 4156 quse
749 4075 813 4154 ipse
824 4093 880 4133 sue
892 4072 1037 4134 industria
1049 4077 1227 4154 compararit

121 4165 290 4242 undemm,
299 4168 562 4233 eedobtreotemus
575 4179 606 4229 et
624 4167 811 4254 speculemur
824 4165 904 4226 unde
918 4175 949 4227 et
963 4165 1034 4246 quid
1049 4166 1087 4226 sit
1095 4169 1225 4231 facturus

122 4277 158 4320 to
168 4261 202 4326 id
220 4280 315 4340 genus
329 4262 437 4336 omnio,
450 4281 515 4337 nec,
527 4281 594 4323 cum
612 4261 658 4324 his
673 4261 776 4322 enimis
796 4258 899 4330 simus,
920 4268 1053 4318 nostrum
1076 4261 1226 4340 negotium
1279 4309 1285 4315 ,

124 4371 209 4434 agere
217 4353 364 4438 volumus,
375 4355 428 4416 sed
437 4354 534 4416 serbis
544 4354 660 4434 quidem
671 4373 722 4416 ees
728 4351 883 4412 laudemus
895 4351 947 4430 qui
954 4370 1010 4435 pro
1016 4351 1161 4430 dignitate
1170 4355 1227 4414 rei-

124 4446 371 4536 publiooetliesnt,
379 4448 553 4531 ieiptnuero
562 4448 667 4511 horum
677 4443 909 4510 adversariisnos
917 4445 1131 4524 conjungimus.
1153 4444 1226 4507 Pro-
