2920 4950
107 277 113 294 r
188 265 229 326 rs
441 277 444 287 «
559 257 886 322 errrnrrrrcnrrr.

162 561 166 570 '
215 667 218 682 Ι
275 575 435 638 rinnurr
457 575 770 640 incurremus
792 573 836 640 rit
857 569 1134 642 rnrrrrrrcruu
1154 569 1213 630 111.
1290 551 1295 654 j

222 717 348 768 snrnu
360 718 471 769 orationis
477 719 547 782 hujus
553 727 590 769 est
600 727 771 782 argumentum.
788 719 853 767 'Nam
862 733 915 768 cum
928 713 1055 779 Philippus
1066 715 1230 777 rerbopseem
1240 726 1297 774 rige-

189 803 235 855 ret,
250 812 334 845 revera
344 795 500 846 Athenienses
510 797 590 846 multis
602 797 695 862 injuriis
706 797 840 852 incesseret,
851 795 958 843 bortatur
966 809 1008 841 eos
1017 793 1113 848 Orator,
1120 799 1148 839 ut
1170 791 1296 850 insurgent

190 881 217 924 et
235 889 313 934 repen
325 874 484 923 ulciscantur:
502 875 566 938 quod
578 889 687 936 inagnum
701 873 832 940 periculum
852 880 877 921 ct
895 870 956 936 ipsis
972 869 1120 936 impendeat,
1138 873 1164 918 et
1181 867 1293 916 omuibus

191 952 346 1002 communiter
356 952 454 1001 Granis.

518 1325 966 1419 DEMOSTHENIS

464 1523 902 1602 PHILIPPICA
952 1522 1022 1597 111.

235 1721 262 1778 l.
284 1719 361 1780 Curi
376 1717 470 1777 multa
484 1717 573 1777 rerba
586 1717 668 1789 fiant,
679 1714 888 1789 Athenienses,
902 1713 933 1774 in
946 1713 1082 1775 omnibus
1095 1712 1158 1772 fere
1172 1710 1297 1772 concio·

191 1811 279 1871 nibus
293 1811 330 1870 de
344 1810 456 1890 injuriis
476 1807 615 1888 Philippi,
634 1809 752 1890 quibus,
767 1827 804 1867 ex
818 1828 881 1886 quo
891 1827 994 1887 pacem
1011 1807 1090 1880 fecit,
1114 1825 1175 1866 non
1198 1803 1302 1864 solum

193 1923 257 1975 vos,
268 1903 321 1964 sed
334 1912 364 1962 et
377 1901 504 1980 reliquos
520 1901 643 1963 Graecos
657 1901 891 1978 afficit,cumque
905 1920 1006 1960 omnes
1021 1901 1082 1960 scio
1092 1900 1304 1970 confiteantur,

193 1997 247 2057 etsi
261 1995 292 2054 id
306 1995 425 2074 quidem
438 2013 498 2054 non
512 1993 762 2066 faciant‚neoesse
776 2011 840 2053 esre
854 1995 898 2072 [et
908 1991 1087 2070 conrenire],
1101 2002 1135 2052 ut
1144 2010 1249 2052 omnes
1261 2010 1303 2052 ea

193 2099 258 2150 tom
275 2088 462 2161 diceremur
484 2097 585 2167 agent,
598 2106 650 2166 per
667 2106 735 2166 que
755 2086 811 2146 iste
834 2087 872 2146 eb
891 2086 1050 2146 insolentia
1071 2085 1247 2167 reprimetur
1267 2093 1304 2143 et

194 2200 296 2261 poenas
315 2180 386 2252 luat,
405 2199 442 2240 eo
464 2178 583 2242 rediisse
597 2187 696 2239 tamen
710 2178 809 2240 omnia
820 2179 947 2258 negotia·
958 2189 988 2240 et
1000 2197 1052 2258 per
1072 2179 1214 2240 incuriam
1227 2197 1303 2258 prov

194 2277 280 2354 lapsa
293 2292 360 2332 esse
381 2273 479 2344 rideo,
492 2282 526 2331 ut
539 2291 639 2332 verear
653 2291 692 2332 ne
706 2271 789 2332 dictu
805 2272 951 2344 odiosum,
964 2270 1065 2332 verum
1078 2281 1177 2332 temen
1192 2273 1251 2332 sit:
1275 2271 1305 2332 si

194 2386 296 2428 omnes
310 2374 441 2424 oretores
454 2363 563 2438 dicere,
584 2383 697 2444 vosque
721 2363 879 2425 decernere
897 2363 1011 2426 velletis
1032 2383 1079 2437 ea,
1093 2383 1147 2443 per
1161 2384 1230 2443 qum
1247 2384 1300 2424 res

195 2477 283 2538 quam
296 2456 491 2518 afflictissimae
505 2455 617 2529 fierent,
631 2455 798 2517 existimare
811 2476 858 2516 me
874 2465 981 2516 statum
993 2475 1104 2529 earum,
1115 2475 1206 2536 quarn
1219 2476 1306 2517 nunc

196 2560 252 2623 est,
267 2569 328 2608 non
350 2567 440 2628 posse
462 2547 526 2608 fieri
549 2548 733 2609 deteriorem.
774 2549 820 2610 Ac
838 2549 940 2609 multae
962 2548 1088 2610 fortasse
1102 2559 1172 2609 sunt
1185 2569 1304 2624 ceusoe,

196 2665 249 2706 cur
260 2645 326 2704 hoec
346 2644 386 2703 ita
400 2663 432 2704 se
450 2643 588 2717 habeant,
602 2662 699 2724 neque
712 2653 831 2726 propter
845 2657 938 2704 unum
952 2653 1041 2723 atque
1055 2643 1179 2704 alterum
1201 2645 1305 2705 uitium

195 2759 241 2801 res
254 2737 489 2799 huoredierunt:
510 2737 693 2817 potissimum
707 2749 815 2811 tamen,
830 2737 855 2798 si
869 2749 948 2798 recte
968 2733 1172 2811 consideretis,
1193 2737 1213 2796 ii
1230 2749 1305 2799 sunt

195 2831 227 2890 in
241 2829 337 2910 eulpa,
350 2829 399 2910 qui
408 2829 626 2910 jucundissima
645 2829 742 2891 dicere
762 2830 878 2891 malunt
889 2849 979 2911 quem
993 2829 1160 2904 utilissima,
1173 2849 1303 2910 quorum

197 2924 256 2996 alii,
269 2921 473 2993 Athenienses,
489 2921 649 2982 dummodo
668 2923 776 3002 quibus
789 2925 877 2984 rebus
890 2923 947 3002 ipsi
961 2923 1054 3002 gloria
1067 2923 1175 2984 florent
1195 2934 1227 2985 et
1243 2923 1304 2984 'rn-

196 3015 269 3088 lent,
282 3034 334 3075 eas
347 3023 495 3088 tueantur,
520 3013 631 3074 nullam
652 3015 818 3075 futurorum
839 3015 981 3076 rationem
1003 3015 1231 3096 hebent,quare
1245 3037 1304 3078 nec

196 3127 249 3168 vos
262 3108 371 3167 habere
388 3116 520 3187 oportere
534 3117 659 3186 putant:
681 3107 740 3182 alii,
760 3127 812 3170 eos
825 3108 876 3188 qui
889 3107 920 3168 in
933 3128 1036 3172 rerum
1043 3109 1301 3171 administratione

197 3199 347 3259 constituti
361 3213 429 3259 sunt
442 3199 623 3259 criminando
637 3209 668 3260 et
680 3199 897 3272 calumniando,
912 3200 953 3260 nil
969 3201 1049 3262 aliud
1063 3201 1187 3276 iaciunt,
1198 3203 1256 3262 uisi
1269 3213 1304 3265 ut

197 3290 299 3352 civitas
316 3291 381 3371 ipsa
398 3291 436 3351 de
451 3310 483 3352 se
496 3311 599 3372 peenas
613 3301 710 3353 sumat
721 3274 752 3354 et
765 3311 801 3353 ea
812 3312 844 3354 re
863 3303 1035 3374 occupetur,
1050 3295 1186 3376 Philippo
1201 3305 1304 3363 nutem

199 3384 314 3465 quidvis
325 3394 356 3443 et
369 3403 454 3464 agere
468 3393 499 3444 et
512 3384 611 3446 dicere
623 3385 721 3448 liceat.
765 3387 838 3447 Hmc
851 3387 985 3448 institute
997 3397 1067 3449 runt
1080 3388 1164 3450 robis
1178 3389 1303 3462 usitate,

199 3496 297 3538 oausae
306 3496 374 3537 vero
387 3476 611 3555 perturbationis
622 3489 651 3538 et
661 3473 843 3545 delictorum.

240 3572 270 3628 2.
290 3567 364 3628 Peto
379 3578 487 3646 autem,
500 3569 705 3656 Athenienses,
729 3571 754 3629 si
779 3570 849 3650 quid
864 3571 924 3632 ve'ri
938 3571 1029 3633 libere
1051 3571 1163 3646 dixero,
1178 3591 1218 3635 ne
1234 3593 1304 3656 pro·
1356 3559 1358 3564 Ι

198 3671 300 3739 pterea
310 3659 381 3720 mibi
393 3659 565 3721 irascamini.
606 3661 676 3722 Hoc
696 3661 784 3724 modo
798 3663 906 3744 quippe
920 3684 981 3724 rem
995 3665 1198 3728 consideretis.
1241 3667 1306 3730 Vos

199 3751 339 3831 loquendi
350 3752 514 3816 libertatem
528 3753 558 3812 in
571 3752 635 3814 eliis
648 3755 735 3817 rebus
748 3756 788 3815 ita
801 3774 987 3818 communem
1008 3760 1121 3838 putatis
1135 3780 1204 3822 esse
1217 3780 1305 3842 opor·

200 3852 262 3930 tere
281 3845 416 3904 omnibus
436 3845 466 3902 in
486 3844 543 3904 hae
562 3845 634 3905 urbe
658 3846 844 3925 degentibus,
857 3858 935 3911 utet
948 3851 1072 3914 advenis
1087 3862 1119 3914 et
1132 3854 1303 3916 cerviseam

89 3967 94 3973 -
192 3933 402 4012 impertientis,
424 3945 453 3996 et
475 3936 582 3996 multos
606 3937 685 4016 apud
706 3958 759 3999 ros
779 3959 882 4002 servos
904 3943 1006 4004 videre
1028 3954 1076 4009 est
1088 3944 1208 4025 quidvis
1223 3947 1304 4027 loqui

199 4024 327 4098 liberius,
339 4045 426 4104 quam
440 4028 519 4089 circs
543 4028 573 4088 in
596 4029 771 4108 quibusdem
786 4027 849 4094 eliis
870 4035 1003 4111 urbibus,
1017 4057 1038 4098 a
1049 4039 1238 4103 consulendo
1253 4061 1304 4102 au-

201 4126 262 4176 tem
276 4116 391 4176 omnino
411 4119 534 4180 eandem
555 4121 712 4201 repulistis.
755 4125 840 4186 Unde
854 4127 885 4188 id
899 4131 1125 4210 consequimini,
1140 4133 1220 4193 utin
1234 4153 1304 4196 con·

202 4206 335 4270 cionibus
348 4207 503 4271 fastidiatis
518 4216 774 4277 assentationibus
788 4218 901 4280 deliniti
914 4231 945 4282 et
963 4225 1061 4284 omnia
1075 4245 1145 4305 quae
1161 4227 1304 4310 voluptati

204 4309 272 4360 sunt
285 4299 417 4372 audiatis,
427 4301 455 4359 in
468 4303 555 4362 rebus
569 4316 665 4366 nutem
680 4317 711 4368 et
722 4309 807 4370 factis
821 4313 859 4373 de
869 4316 1005 4378 extremis
1014 4318 1078 4398 jam
1088 4319 1303 4399 periclitemini.

204 4388 291 4460 Quod
315 4392 339 4480 si
360 4395 539 4458 nuncetiam
562 4398 607 4464 sie
628 4399 827 4480 effectiertis.
850 4428 910 4472 uon
924 4410 1021 4490 hebeo
1034 4411 1107 4498 quid
1120 4413 1239 4496 dicem:
1262 4411 1305 4504 riu
