2912 4946
439 237 624 352 ¹cerrenus
639 285 936 352 rruocasruur
1144 293 1147 298 ·
1180 294 1241 361 cer
1315 273 1321 281 ’

149 437 330 520 adscriptum
337 439 456 508 ιιιιιις
476 439 526 500 lex
536 440 602 501 hac
613 449 680 502 eata
691 449 760 506 estc
772 441 969 505 conuenere
981 441 1034 504 uhi
1042 440 1115 503 huic
1124 446 1244 523 praemi

151 532 226 592 alius
241 531 422 592 successerit.
447 531 477 604 ιι
490 532 767 612 ueroqur'postcas
781 533 971 616 warlans
980 533 1120 616 tulitjasn
1137 536 1244 598 'recita
1266 579 1267 584 η

59 693 60 698 ¹
150 633 223 698 tatu,
247 644 307 692 non
320 643 445 702 aequum
461 625 587 696 censuit,
602 625 730 692 easdem
750 627 833 705 leges
852 641 919 704 qum
933 628 1074 706 jubentur
1097 629 1245 708 posterius

150 735 240 794 quam
254 716 322 774 latae
334 703 413 785 sunt,
424 724 495 775 ratae
509 735 583 789 esse,
597 709 696 775 referri
713 718 751 778 ad
769 737 836 778 eum
850 717 928 776 diem
944 736 961 776 a
975 738 1033 796 quo
1049 720 1119 780 latae
1135 731 1245 802 essent,

149 825 246 884 neque
256 808 336 885 prius
346 808 496 867 habendas
511 827 573 868 esse
586 817 667 868 ratas
681 828 769 886 quam
784 808 926 889 cujusque
940 820 1043 869 auctor
1056 813 1246 890 postulasset

151 897 234 956 Huic
246 898 304 976 legi
319 898 502 957 considerate
516 917 605 977 quarn
620 900 766 958 coutrtria
777 898 815 958 sit
827 916 871 971 ea,
886 919 975 977 quam
989 901 1045 960 iste
1059 903 1135 962 tulit.
1166 905 1245 964 Nam

149 989 222 1047 illa'
211 991 297 1074 Jubet
311 989 416 1072 legem,
432 989 492 1077 sive
508 1009 525 1048 a
540 989 684 1068 praefinito
705 999 844 1094 ternpore,
860 992 921 1074 sive
935 993 971 1051 ab
991 1011 1027 1052 ιο
1044 994 1091 1052 die
1110 1015 1169 1074 quo
1184 997 1248 1064 latu

115 1081 118 1088 '
149 1010 251 1153 luerit,
265 1087 377 1140 ratam
373 1068 454 1139 esse:
473 1079 529 1139 rste
541 1100 610 1140 vero
626 1081 750 1160 scripsit,
764 1093 795 1142 et
809 1079 833 1141 si
846 1084 911 1162 quis
925 1084 1082 1146 damnatus
1095 1081 1192 1160 inerit,
1209 1089 1246 1162 (ιι

149 1171 306 1250 praeteritis
326 1171 458 1248 loquens.
488 1169 594 1248 Neque
613 1172 668 1230 id
659 1193 757 1251 ipsum
769 1174 896 1247 definiit,
918 1176 1066 1255 adscripto
1082 1189 1206 1256 praetore
1226 1200 1248 1242 a

148 1281 224 1342 qun,
241 1263 295 1322 sed
316 1262 395 1334 iecit,
409 1283 469 1322 ucn
489 1263 578 1322 modo
598 1265 636 1322 ab
659 1265 776 1325 istodie
789 1287 848 1345 quo
861 1268 957 1346 legem
977 1269 1054 1340 tulit,
1067 1280 1172 1341 ratam,
1192 1273 1248 1332 sed
1324 1259 1327 1264 ⁶

148 1357 241 1416 ιιιιιιι
251 1355 483 1434 ιιιιιιιιιιιιοιι,
496 1366 653 1436 antequam
664 1367 797 1418 nostrum
808 1361 963 1439 quisquam
971 1357 1149 1423 nasceretur.
1170 1363 1250 1425 Nam

148 1468 240 1508 omne
258 1448 439 1527 praeteritum
456 1457 583 1528 tempus,
600 1449 680 1528 quod
698 1443 919 1526 infinitumest,
936 1475 996 1514 una
1016 1451 1247 1535 comprehendit,

133 1535 243 1620 ¹¹Atqui
262 1548 292 1602 te
315 1541 453 1621 aportuit,
478 1543 669 1616 Timocrates,
689 1553 743 1606 ant
763 1545 850 1605 istem
870 1565 931 1606 non
952 1549 1085 1624 sauchc,
1097 1557 1149 1610 ιιι
1167 1549 1248 1610 illam

150 1633 280 1706 cholera
291 1643 322 1694 et
332 1642 453 1705 nomm
466 1643 525 1694 tuae
538 1635 652 1698 libidini
663 1637 1012 1709 marcescentibus
1021 1641 1128 1702 omme.
1243 1655 1244 1658 ’

154 1785 160 1794 ,
194 1727 245 1791 tt.
264 1723 348 1812 Lege
360 1725 569 1806 rdiamlegem.

648 1929 744 1990 Lux.

152 2050 271 2148 'Neque
280 2084 328 2133 dc
320 2081 488 2156 municionis,
497 2069 632 2146 pristinam
632 2083 667 2132 ιιι
679 2085 818 2148 dignitatem
827 2051 996 2136 restituendam
1011 2103 1073 2145 esse,
1083 2104 1160 2152 neque
1172 2091 1202 2138 de
1213 2092 1251 2141 his

150 2154 196 2254 qni
206 2163 269 2211 divis
283 2143 385 2220 debent,
389 2167 429 2208 ιιι
444 2161 527 2208 erario
544 2161 729 2219 Atheniensium,
742 2164 772 2209 de
790 2163 927 2210 remittenda
941 2165 1037 2220 mulcta,
1048 2173 1089 2212 sut
1105 2166 1196 2224 militie,
1206 2163 1252 2216 nisi

151 2239 221 2302 prius
235 2239 384 2287 decreverint
398 2235 561 2294 Athenienses,
573 2253 617 2284 sex
631 2237 736 2286 millibus
747 2253 793 2286 nou
804 2239 928 2306 panciores
936 2236 1008 2286 licere
1019 2239 1042 2286 id
1045 2239 1149 2302 ‚quibus
1159 2239 1252 2292 occulte

152 2315 333 2364 decernentibus
345 2315 378 2364 ιιι
387 2313 460 2361 ruent
472 2311 559 2362 risum.
582 2313 647 2377 'lum
660 2329 717 2362 reru
731 2316 823 2369 demum
839 2317 926 2363 reterre
937 2315 1017 2374 licem,
1031 2324 1144 2378 quatenns
1158 2312 1253 2366 senatui

151 2393 290 2454 wicque
301 2389 376 2439 rim
384 2390 464 2437 treis

153 2521 225 2602 alia
246 2529 312 2590 haec
336 2527 385 2588 lex
404 2538 459 2604 est,
482 2547 548 2607 quae
571 2527 608 2588 de
629 2525 841 2608 ignominiosis,
856 2535 886 2588 et
902 2527 1011 2588 erariis
1032 2527 1141 2589 referre
1162 2538 1252 2604 vetat,

67 2616 70 2620 ’
153 2631 208 2701 aut
220 2622 396 2700 respondere
410 2622 448 2682 de
459 2641 518 2681 aere
531 2621 627 2681 alieno
641 2621 848 2696 condonando,
864 2631 917 2702 aut
928 2621 1041 2693 militia,
1053 2623 1110 2682 uisi
1123 2633 1256 2706 potestas
1352 2655 1355 2659 ·

152 2715 226 2799 data
238 2712 334 2782 fuerit,
348 2731 440 2791 eaque
455 2733 514 2774 non
527 2713 696 2796 pauciorum
718 2733 807 2796 quarn
823 2731 875 2774 sex
896 2713 1019 2772 millium
1041 2715 1177 2794 decreto:
1196 2716 1254 2794 iste

152 2825 225 2868 vero
238 2805 336 2911 palam
352 2805 478 2909 scripsit,
496 2807 612 2866 etiamsi
629 2806 694 2887 quis
708 2807 828 2866 aerarius
843 2806 881 2866 ad
898 2806 1017 2866 uincula
1036 2807 1076 2866 sit
1089 2806 1255 2890 damnatus,¹

82 2943 86 2955 .
152 2898 262 2960 remitti
276 2919 303 2958 ιι
294 2897 452 2969 licere,
430 2917 455 2958 st
472 2897 561 2958 modo
576 2897 666 2958 vades
681 2897 806 2968 dederit,
828 2918 895 2956 cum
910 2897 982 2956 nibil
995 2897 1091 2976 dehis
1107 2899 1256 2982 adjectum

154 2990 206 3064 sit,
220 3008 316 3078 neque
335 2998 465 3074 potestas
479 2988 596 3050 dicendi
606 2990 688 3050 data
709 2989 787 3048 Cum
807 2999 905 3068 autem
917 2989 968 3048 lex
982 3008 1037 3048 nec
1049 2989 1256 3068 impunitatem

153 3073 264 3161 adepto
277 3080 424 3142 licentiam
437 3081 497 3160 det,
518 3099 572 3140 suo
592 3080 710 3140 arbitrio
724 3063 839 3158 quidvis
853 3078 1043 3150 decernendi,
1058 3079 1111 3138 sed
1128 3099 1164 3138 ee
1178 3081 1253 3140 dun·
1257 3083 1260 3092 '

153 3183 249 3243 taxat,
268 3192 335 3250 quae
350 3173 462 3230 senatui
469 3171 645 3256 populoque
661 3171 808 3250 probata
796 3168 916 3240 luerint,
929 3166 977 3226 isti
997 3186 1035 3228 ue
1050 3167 1121 3227 hoec
1134 3171 1255 3257 quidem

154 3264 263 3343 injuria
273 3263 344 3322 satis
352 3264 407 3321 iuit
410 3262 602 3365 ,impunitate
614 3280 675 3321 non
679 3261 767 3344 ιιιιι,
775 3260 875 3318 dicere
889 3269 920 3318 et
931 3259 1046 3356 legem
1039 3260 1112 3322 ferre
1122 3261 1209 3345 bisce
1208 3264 1253 3328 de

156 3359 256 3427 rebus,
275 3355 350 3414 sed
343 3373 463 3432 insuper
482 3353 580 3424 etiarn,
601 3350 683 3409 nulla
701 3337 806 3409 horum
823 3348 902 3429 apud
916 3355 999 3409 senat
1000 3370 1059 3425 um,
1076 3353 1157 3412 nulla
1174 3337 1254 3434 apud

155 3448 299 3530 populum
322 3447 403 3505 iacta
427 3444 585 3516 mentione,
611 3442 711 3502 occult
699 3451 739 3514 te,
765 3441 886 3502 dimisso
910 3451 1038 3516 senatu,¹
1054 3443 1118 3505 aliis
1139 3459 1254 3527 propter

154 3542 265 3601 festum
276 3539 362 3598 serias
375 3537 598 3607 celebrantibus,
609 3532 788 3594 clandestine
800 3534 896 3612 legem
913 3535 1045 3594 obtrusit.
1067 3537 1158 3616 Atqui
1169 3558 1255 3619 opor·
1304 3594 1308 3600 ,

155 3635 239 3694 tebet
253 3623 293 3702 te,
309 3630 502 3698 Timocrates,
516 3647 607 3708 quum
616 3627 726 3718 legem,
744 3645 832 3705 quam
851 3625 940 3686 modo
959 3625 1092 3700 recitari,
1114 3629 1213 3703 scires,
1231 3632 1255 3692 si

155 3727 213 3790 rste
224 3741 310 3803 agere
318 3720 553 3799 uelles,pr1mum
563 3718 671 3781 referre
680 3719 718 3780 ad
728 3729 860 3778 senatum
864 3715 1094 3796 derudorogare
1102 3723 1257 3800 populum,

156 3827 192 3882 et
203 3817 256 3888 sic,
270 3816 295 3876 si
309 3814 449 3885 omnibus
464 3812 689 3872 Atheniensibus
708 3809 865 3884 rideretur,
881 3810 1006 3870 scribere
1020 3819 1051 3869 et
1066 3811 1161 3888 legem
1181 3813 1258 3874 ier-rc

157 3907 280 3981 deustis,
293 3907 382 3986 idque
392 3915 523 3984 ternpore
532 3903 610 4008 legit
604 3922 661 3963 nuo
672 3913 853 3982 exspectato,
862 3913 896 3962 ut
903 3905 988 3962 rebus
997 3900 1036 3960 ad
1045 3901 1125 3962 hunc
1135 3905 1256 3966 modum

100 4057 107 4070 ,
157 3998 379 4072 administratis,
402 3996 517 4062 etiamsi
544 3997 608 4075 quis
629 3994 784 4058 ostendere
807 4005 971 4068 conaretur,
993 4014 1057 4054 eam
1077 3994 1174 4074 legem
1196 4017 1259 4059 non·

156 4115 226 4158 esse
239 4113 257 4158 e
270 4091 433 4173 republica,
447 4090 551 4152 saltem
560 4107 620 4148 non
633 4087 772 4150 insidiose
782 4089 879 4166 egisse
888 4087 1103 4160 videreris,sed
1110 4089 1259 4168 opinionis

135 4215 143 4226 ·
157 4207 257 4262 errore
271 4183 433 4264 deceptus
425 4182 598 4262 rmpegisse.
616 4181 714 4255 Nunc,
726 4180 865 4259 quoniam
878 4189 908 4240 et
918 4177 1097 4254 clanculum,
1110 4189 1140 4243 et
1150 4183 1260 4257 subito,

157 4290 191 4357 et
202 4286 307 4365 cenna
318 4277 420 4356 leges,
423 4276 509 4344 istam
520 4271 657 4354 legemus
667 4281 781 4334 ceteras
789 4271 930 4346 intrusisti
943 4270 1041 4352 potius
1049 4291 1142 4352 quam
1154 4268 1256 4347 tulisti,

114 4375 117 4378 .
158 4390 282 4451 9,mem
301 4370 355 4448 tibi
376 4367 563 4461 ppetulanda
589 4367 681 4464 ueniat
708 4384 828 4461 causam
855 4363 1001 4485 csleuristi
1037 4365 1259 4444 1Νιιιιηιςιιι
1354 4387 1356 4394 .
