2932 4952
405 266 943 354 ,coursnnunnorrounut
1000 235 1003 250 ¹
1171 269 1230 332 aar

29 477 31 482 .
131 423 172 487 de
181 442 283 496 causa,
296 421 462 496 osceleste,
475 443 543 484 enm
556 424 655 502 plures
670 425 729 484 sint
741 424 827 484 aunis
837 423 967 503 triginta,
980 441 1019 484 ex
1031 441 1091 504 quo
1107 423 1235 485 verseris

129 517 163 576 in
184 513 350 595 republica:
374 536 443 576 cnm
456 517 608 591 interjecto
627 525 765 594 tempore,
774 516 860 575 multi
872 527 902 574 et
915 515 1006 576 duces
1021 514 1234 596 rempublicam

128 607 270 679 laeserint,
283 617 313 668 et
327 617 468 678 oratores,
484 608 534 686 qui
549 607 627 686 apud
641 607 695 666 hos
715 625 834 669 causam
850 607 1001 678 dixerunt,
1014 597 1045 666 ot
1058 605 1162 686 partim
1176 626 1233 668 sua

120 699 244 781 'scelera
261 711 355 760 morte
375 700 493 770 luerint,
515 697 563 757 alii
582 707 697 776 arrepta
716 697 789 776 fuga
808 698 838 756 in
859 698 995 768 exsilium
1014 698 1155 758 abierint:
1177 715 1230 760 ne·

131 792 239 850 minem
252 811 380 869 unquam
393 791 623 861 accusasatum
635 809 696 868 prae
709 799 739 847 te
753 789 985 868 indignationem
1006 789 1099 850 tulisti
1114 803 1233 871 propter

130 883 226 942 factas
239 882 406 960 reipublicae
427 882 559 961 injurias,
578 883 609 940 in
630 889 712 940 tenta
725 878 906 940 confidentia
928 891 978 940 tua
1000 890 1031 940 et
1044 877 1232 959 eloquentiae-

132 974 187 1032 sed
201 974 241 1032 ibi
258 974 376 1032 demum
399 983 429 1032 te
444 983 609 1044 curatorem
622 991 654 1032 es
668 971 829 1050 professae,
849 971 900 1030 ubi
915 971 1002 1030 multi
1019 967 1148 1034 laedendi
1167 974 1231 1038 fue·¹

131 1065 222 1126 runt?
243 1065 570 1138 Vultis,2lthenienses,
585 1065 648 1144 ejus
670 1065 742 1124 reis
759 1083 806 1128 rue
825 1083 946 1124 oausam
966 1064 1049 1136 vobis
1069 1066 1231 1145 explicarit
1276 1123 1280 1134 ,

132 1158 212 1226 Quia
224 1167 255 1216 et
269 1157 340 1216 socii
354 1167 423 1215 sunt
435 1157 614 1237 injuriarum,
628 1173 702 1234 quas
716 1155 799 1216 vobis
814 1155 934 1234 quidam
947 1156 1069 1228 faciunt,
1082 1166 1113 1217 et
1126 1158 1162 1218 de
1175 1179 1231 1218 ex·

132 1249 297 1310 actionibus
312 1248 508 1308 snffurantur:
532 1259 572 1320 ct,
587 1258 620 1308 ut
636 1246 814 1307 'insatiabilis
826 1258 872 1308 est
889 1267 988 1308 eorum
1008 1250 1165 1330 cupiditas,
1186 1252 1232 1314 bi.

133 1341 237 1400 fariam
250 1339 400 1419 republica
413 1338 557 1398 fruuntur.
594 1339 698 1417 Neque
713 1338 789 1396 enirn
804 1340 892 1400 tutius
911 1352 956 1410 est
968 1342 1124 1404 multorum
1140 1353 1171 1404 et
1188 1345 1232 1404 le-

132 1434 208 1492 viter
220 1431 450 1512 delinquentium
466 1431 613 1510 suscipere
632 1431 809 1503 inimicitias,
831 1451 920 1509 quem
938 1451 1097 1512 paucorum
1112 1445 1143 1496 et
1164 1456 1231 1514 gra·

134 1524 224 1592 riter:
246 1541 342 1599 neque
361 1541 432 1580 vero
449 1524 621 1602 popularius
642 1523 834 1582 multitudinis
855 1522 1081 1586 animadvertere
1099 1538 1232 1604 peccata,

133 1637 224 1696 quam
238 1634 414 1697 paucorum:
435 1615 488 1690 sed
501 1614 559 1672 hoc
568 1615 600 1674 in
610 1633 701 1674 causa
714 1624 769 1688 est,
783 1615 862 1694 quod
875 1635 932 1694 ego
945 1617 1023 1676 dico.
1061 1616 1106 1678 Ex
1120 1619 1232 1680 facino»
1293 1625 1297 1642 “’

59 1721 62 1726 “
133 1711 210 1791 rosis
224 1709 323 1770 illisse
337 1727 428 1765 uuum
442 1726 508 1768 esse
519 1706 610 1779 novit,
621 1726 673 1766 vos
688 1717 787 1767 autem
798 1703 878 1766 nihili
886 1708 973 1778 feeit;
992 1727 1086 1788 eoque
1096 1711 1135 1772 ad
1147 1712 1232 1786 illum

134 1801 252 1874 modurn
267 1820 319 1878 vos
335 1799 478 1865 tractavit.
512 1798 589 1856 Nam
608 1799 633 1858 si
653 1799 864 1878 mancipiorum
886 1801 986 1862 urbem
1007 1821 1073 1864 esse
1095 1802 1181 1878 banc,
1201 1815 1233 1874 et

135 1913 196 1954 nou
209 1911 309 1952 eorum
323 1891 373 1970 qui
387 1891 508 1951 aliorum
522 1890 643 1968 irnperio
661 1891 742 1969 digni
756 1891 910 1964 habentur,
923 1913 988 1953 esse
1001 1887 1232 1970 constaretmu

135 1985 289 2064 toleranda
301 1983 404 2042 diisset
418 1983 512 2056 istius,
526 2001 584 2062 qua
597 1983 627 2041 in
642 1984 703 2042 foro
718 1985 853 2042 utebatur
866 1985 1039 2048 insolentias
1065 2007 1133 2051 cum
1145 1991 1232 2054 simul
1316 2003 1320 2012 '

134 2089 167 2141 et
179 2076 336 2158 inquilinos
350 2085 380 2152 et
392 2075 589 2136 Athenienses
609 2074 740 2154 vinciret,
755 2075 897 2153 abriperet
909 2077 940 2138 in
953 2073 1109 2151 carcerem,
1124 2084 1233 2146 vocitas

134 2179 249 2230 raretur
258 2169 289 2226 in
299 2165 500 2256 concionibus,
513 2185 567 2243 pro
579 2175 730 2248 suggesto,
739 2185 840 2242 servos
849 2165 940 2228 servis
953 2179 1039 2230 natos
1049 2173 1234 2251 appellitsret

136 2281 172 2322 se
192 2260 335 2330 meliores,
355 2268 385 2316 et
406 2267 484 2316 ortos
496 2257 689 2336 melioribus:
713 2258 925 2335 percontando,
949 2255 988 2334 nu
1007 2262 1115 2334 frustra
1133 2283 1235 2333 carcer

136 2365 218 2414 esset
227 2352 399 2412 aedificatus.
422 2349 567 2428 Equidem
581 2349 612 2410 id
622 2349 701 2428 baud
713 2350 880 2428 negaverim
891 2371 900 2412 ¹r
917 2352 1060 2430 siquidem
1073 2369 1233 2434 paterinus

134 2449 216 2519 inde,
229 2466 295 2506 cum
309 2444 379 2524 ipsis
394 2444 638 2522 compedibusin
657 2445 723 2522 ipsa
741 2444 967 2510 Bacchanalium
985 2467 1094 2529 pompa
1116 2455 1233 2522 exsiliit.
1335 2511 1337 2516 .

132 2541 220 2610 Alias
234 2549 332 2598 autem
346 2538 408 2616 ejus
431 2536 628 2604 contumelias¹
647 2555 734 2602 neruo
748 2556 824 2596 uuus
841 2541 1059 2616 percensuerat:
1081 2551 1164 2610 tants
1186 2558 1234 2612 est

136 2651 239 2692 aarum
254 2629 420 2708 multitudo.
443 2627 500 2688 Pro
515 2627 621 2706 quibus
634 2627 722 2686 hodie
736 2628 878 2688 universis
889 2650 982 2710 poeuae
994 2636 1234 2718 sumendtesnnt,

135 2734 168 2784 et
182 2721 348 2800 exemplum
361 2721 392 2780 in
405 2719 718 2806 eum.erlendum‚vquo
731 2721 805 2780 fiant
817 2721 866 2790 alii
880 2724 1097 2800 moderatiores.
1219 2787 1227 2802 ,.

179 2818 229 2878 20,
251 2816 290 2894 At
303 2832 371 2872 vero
384 2812 414 2870 in
428 2811 473 2870 his
489 2811 562 2870 actis
584 2811 709 2890 publicis
723 2822 770 2871 est
790 2813 868 2884 talis,
879 2815 910 2874 in
923 2815 988 2896 aliis
1002 2829 1101 2882 eutem
1109 2824 1234 2902 quibus·

135 2909 207 2990 daur
218 2910 292 2969 bene
306 2905 338 2966 se'
347 2903 458 2983 gessit?
480 2905 573 2962 Immo
586 2904 616 2962 iu
626 2904 730 2975 ceteris
745 2906 878 2965 omnibus
888 2907 977 2990 talem
988 2929 1020 2972 se
1030 2915 1154 2989 praebuit
1161 2937 1234 2998 erga
1249 2904 1257 2920 ³

129 3021 203 3082 ,uoq
216 3007 249 3078 ut
267 2999 296 3057 in
314 2997 349 3056 iis
372 3015 437 3078 quse
460 2995 595 3080 audistis,
617 2995 733 3056 minime
758 2996 826 3054 odio
848 2998 886 3056 sit
911 3000 1028 3078 diguus.
1054 3004 1133 3074 Quid
1154 2999 1233 3086 enim

136 3092 226 3163 pultis
239 3089 356 3177 cicant
380 3088 549 3172 Soleunium
565 3105 699 3146 vasorum
711 3088 1007 3168 reconcinnationem,
1021 3104 1053 3154 et
1060 3116 1234 3168 coronarum

128 3184 376 3262 destructionem,
389 3192 439 3270 aut
458 3179 619 3259 phialarum
636 3180 795 3242 factionem
808 3180 887 3240 illam
897 3185 1092 3262 praeierant
1110 3189 1171 3252 Sed
1185 3195 1235 3264 vel
1267 3245 1271 3252 ,

135 3289 257 3360 propter
270 3271 343 3345 haec,
358 3283 388 3332 et
400 3271 518 3356 siluulla
532 3273 589 3330 alia
601 3273 810 3352 rempublicam
824 3273 928 3353 injuria
941 3274 1094 3354 affecisset,
1106 3291 1160 3356 ter,
1173 3303 1234 3354 non

134 3370 230 3432 semel
242 3369 387 3428 duntaxat
399 3366 466 3444 jure
480 3365 671 3424 occideretur.
700 3365 778 3424 Nam
797 3376 828 3424 et
845 3367 997 3445 sacrilegii,
1018 3379 1050 3450 et
1065 3372 1233 3455 impietatis,

126 3477 169 3526 ret
181 3462 347 3544 peculatus,
353 3458 779 3540 ,etlomniumlgrevissimorum
794 3459 936 3518 scelerum
951 3481 1017 3522 reus
1030 3475 1085 3526 est.
1111 3469 1158 3530 Ao
1170 3474 1235 3551 ple-

126 3578 228 3640 ‚mque
254 3557 317 3636 ejus
339 3556 438 3628 verba,
457 3553 564 3632 quibus
587 3552 685 3611 lucum
705 3550 787 3610 vobis
810 3550 946 3630 faciebat,
964 3557 1139 3632 praeteribo:
1165 3583 1233 3632 cum

134 3674 207 3716 vero
218 3652 337 3710 dixisset
346 3650 415 3708 folia
427 3647 553 3706 defluere
568 3646 605 3722 de
615 3643 745 3716 coronis,
754 3652 784 3702 et
794 3662 844 3702 eas
852 3653 998 3704 vetustate
1008 3656 1233 3733 computruisse,

119 3746 225 3829 ‘quasi
234 3744 371 3804 violaceas
380 3751 489 3820 essent,
499 3748 697 3809 autrosaceae,
707 3737 970 3812 uon'aureae,vobis
985 3750 1085 3798 auctor
1098 3761 1149 3802 eas
1163 3759 1246 3816 cora·
1338 3735 1347 3747 “
1395 3809 1399 3830 1

132 3839 229 3901 flandi
239 3837 302 3896 suit.
332 3835 439 3894 Postea
453 3833 483 3892 in
497 3831 610 3908 tributis
624 3829 774 3908 exigendis
789 3830 893 3888 adesse
908 3830 1070 3916 ministrum
1083 3836 1234 3911 publicum

122 3933 236 4016 jussit,
253 3938 292 4002 ut¹
306 3927 349 3987 vir
369 3929 473 3998 bonus
495 3943 563 3984 cum
592 3942 629 3980 ea
647 3921 756 4000 singuli
777 3921 825 3998 qui
848 3921 1046 3998 pependerant
1067 3924 1234 4008 inscriptum·

122 4035 258 4090 essent:
281 4021 308 4078 iu
323 4019 441 4084 coronis¹
451 4027 549 4076 autern
569 4032 647 4094 quas,
656 4012 840 4088 concidebat,
849 4011 992 4090 justitiam
1006 4013 1085 4074 illam
1107 4037 1166 4092 aqu
1178 4027 1234 4088 ad,
1339 4028 1342 4033 '

130 4109 243 4188 hibuit,
258 4113 311 4174 sed
323 4111 385 4190 ipse
399 4120 506 4180 orator,
520 4106 672 4171 anrifusor‚
686 4113 822 4184 quaeror,
837 4103 990 4180 inscriptos
1003 4107 1121 4184 exstitit.
1143 4105 1247 4196 Atqipj,

130 4211 161 4272 si
179 4209 210 4268 iu
224 4207 446 4281 omnibusquae,
456 4199 571 4280 publico
584 4199 692 4278 agebas
706 4195 832 4270 nomine,
847 4193 947 4252 haberi
962 4195 1013 4258 tibi
1027 4199 1115 4262 fider'u
1130 4220 1233 4284 postu.
1261 4267 1264 4272 ¹

129 4297 245 4372 lasses,
268 4298 347 4359 furta
366 4295 530 4376 tuamiuus
552 4300 647 4360 essent
667 4287 858 4366 deprehensn-
892 4285 984 4368 Nunc
1006 4289 1035 4348 in
1056 4295 1181 4372 tributis,
1202 4313 1236 4376 up

127 4410 256 4474 aequum
271 4399 325 4466 est,
339 4407 398 4466 nou
412 4383 577 4462 habendam
591 4381 642 4445 tibi
654 4377 903 4458 esseiide'mtum
916 4384 1059 4476 sanxeris
1069 4387 1129 4462 sed,
1141 4394 1235 4466 serris
