2932 4952
506 215 680 316 oourna
702 251 876 318 mamm,
1152 251 1154 256 ’
1192 255 1253 316 me

141 401 207 472 erm
220 408 312 472 tuisse
325 408 479 472 dieturum.
521 408 578 472 Rei
590 408 807 490 enimepinor,
831 417 862 472 et
881 408 975 473 sontis
999 419 1056 485 est,
1069 413 1249 492 presentem

139 519 238 586 poenoe
259 503 426 582 irrogandas
439 499 560 564 modum
573 501 778 575 detrectando,
792 502 929 564 dictitare
941 522 1009 564 enm
1022 503 1117 568 fusse
1128 505 1250 578 modum

139 595 357 678 usurpandum,
370 595 422 675 qui
431 594 531 658 nullus
541 603 605 656 est:
627 595 775 677 sapientes
788 605 887 656 autem
895 596 1013 677 judiees
1026 595 1125 673 decet,
1138 607 1170 660 et
1182 597 1250 661 δυο

140 688 329 762 peraudire,
343 698 374 750 et
382 705 590 770 quemcunque
602 688 769 769 petulanter
782 687 1003 768 delinquentem
1017 691 1251 770 comprehende·

140 784 211 860 rint,
226 782 370 863 supplicio
383 800 528 862 coercere.
559 782 607 842 Ne
619 783 708 863 igitur
717 802 785 844 eum
799 781 896 843 dicere
906 780 1021 857 sinatis,
1033 785 1147 864 p'rirata
1162 782 1251 848 'etiam

137 875 253 959 judicia
275 877 346 938 mihi
363 865 435 957 'lege
460 875 593 950 concedi,
607 887 639 936 et
662 875 809 938 actionem
826 877 1252 954 injuriarum-conceduntur

142 972 273 1044 enim-,
287 971 352 1045 sed,
365 971 414 1032 rel
436 989 498 1031 non
520 971 628 1032 fecisse
650 990 683 1032 se
702 989 739 1032 ea
759 971 800 1032 de
822 971 928 1050 quihus
951 981 1119 1047 accusatur,
1132 974 1191 1049 rel,
1214 973 1250 1034 iis

120 1055 240 1142 'tantia
254 1068 363 1129 festum
376 1086 437 1128 non
450 1066 604 1148 polluisse,
628 1066 686 1127 hoe
707 1066 855 1127 ostendat.
896 1066 945 1127 De
968 1066 1026 1127 hoc
1044 1067 1119 1128 enim
1143 1075 1174 1128 et
1194 1084 1251 1149 ego

142 1179 210 1222 sum
223 1169 416 1241 conquestus,
426 1169 458 1222 et
470 1179 523 1222 vos
537 1179 617 1221 nunc
631 1160 805 1221 senmntiam
819 1157 931 1220 feretis.
976 1159 1064 1229 Quod
1079 1161 1103 1220 si
1121 1179 1179 1241 ego
1189 1159 1249 1242 pri·

139 1264 278 1315 vatorum
293 1251 471 1334 judiciorum
493 1252 687 1333 prerogativa
699 1251 818 1327 omissa,
838 1251 1006 1333 reipublice
1025 1253 1186 1314 vindictam
1204 1273 1251 1316 re·

141 1346 256 1427 linquo,
270 1355 301 1407 et
314 1345 346 1406 id
360 1345 516 1408 certamen
524 1346 634 1426 delegi,
645 1346 724 1407 unde
737 1345 810 1406 nihil
825 1347 864 1406 ad
877 1364 925 1406 me
945 1345 1017 1407 iuori
1031 1347 1118 1420 redit,
1131 1365 1250 1427 aequum

142 1441 232 1501 tuerit
255 1441 355 1520 utique
382 1441 451 1500 mihi
475 1439 600 1521 gratiam
622 1439 720 1526 potius
744 1439 847 1501 haberi
871 1437 996 1514 euobis,
1010 1459 1097 1520 quam
1110 1440 1268 1535 damnum,

143 1533 250 1614 uurs-
834 1608 839 1617 .

187 1630 235 1688 10.
260 1623 328 1688 Soio
352 1627 440 1696 οοίοοι
459 1646 528 1686 eum
541 1625 600 1688 hoc
613 1626 740 1687 subinde
753 1625 972 1713 insultaturum
983 1645 994 1706 :y
1013 1645 1051 1688 ne
1073 1643 1122 1686 me
1143 1625 1252 1688 tradite

144 1717 353 1795 Demostheni,
380 1739 476 1800 neque
503 1739 551 1780 me
576 1727 695 1798 propter
718 1718 950 1780 Demosthenem
975 1739 993 1778 e
1018 1717 1251 1784 rnedio'tollite.

145 1812 258 1873 ideone
271 1829 322 1870 me
338 1809 532 1884 interficietis,
557 1810 709 1889 quiacum
728 1809 790 1874 isto
804 1807 916 1870 belluni
940 1810 1032 1890 gero?
1052 1809 1137 1892 Talia
1160 1830 1251 1892 srepe,

143 1905 217 1980 scio,
231 1903 401 1976 clamitabit,
414 1912 449 1962 ut
463 1923 511 1962 me
524 1903 609 1962 hisce
621 1902 718 1962 verbis
728 1901 903 1964 insidiosum
913 1904 1015 1965 saciat.
1045 1905 1131 1965 Absit
1141 1913 1251 1980 autem,

142 2009 175 2059 et
183 1997 310 2056 multum
322 1992 410 2068 abrit,
423 2005 458 2054 ut
467 1993 538 2054 hren
550 1994 591 2054 ita
602 2012 635 2054 se
649 1992 788 2054 habeant.
811 1994 967 2056 Neminem
978 1997 1056 2058 enim
1069 2007 1185 2060 sontem
1199 2017 1251 2061 ves

143 2092 283 2169 cuiquam
307 2085 471 2150 accusatori
494 2085 632 2146 traditiss
653 2105 709 2146 neo
731 2087 820 2160 enim,
843 2088 895 2148 ubi
916 2089 981 2166 quis
1003 2089 1125 2150 affectus
1147 2091 1253 2170 injuria

143 2184 242 2255 suerit,
261 2180 321 2241 tale
335 2179 509 2262 supplicium
524 2178 709 2259 delinquenti
723 2177 862 2260 infligitis,
878 2180 967 2260 quale
981 2181 1006 2242 is
1021 2183 1071 2261 qui
1087 2182 1178 2242 laesus
1195 2194 1251 2259 est,

142 2274 338 2355 infligendum
352 2291 418 2340 esse
430 2271 608 2353 persuadere
620 2271 704 2332 robis
718 2272 828 2346 studet,
843 2273 898 2334 sed
911 2283 1024 2348 contra,
1042 2275 1148 2336 tulistis
1167 2276 1252 2358 leges

144 2379 214 2430 ante
227 2367 358 2448 injurias,
371 2385 462 2446 quum
477 2375 508 2424 et
520 2364 571 2443 qui
584 2363 789 2444 delinquerent
801 2365 832 2426 in
845 2367 959 2428 incerto
968 2376 1078 2442 essent,
1088 2377 1119 2428 et
1131 2367 1161 2428 in
1176 2387 1252 2448 quos

134 2461 363 2540 ‚delinqueretur
386 2465 473 2538 eique
492 2459 522 2518 in
542 2457 667 2519 incerto.
695 2459 771 2526 Quae
789 2478 859 2519 uero
877 2459 981 2520 harum
1001 2459 1100 2540 legum
1120 2460 1165 2519 ris
1186 2457 1254 2522 esti

144 2553 331 2615 Pollicentur
344 2551 480 2616 omnibus
495 2550 618 2625 civibus,
635 2551 660 2612 si
676 2550 792 2612 cuifiat
804 2551 918 2633 injuria,
930 2551 958 2614 ei
972 2572 1005 2614 se
1024 2552 1187 2616 ulciscendi
1198 2573 1253 2616 suo

143 2650 284 2732 presidio
303 2649 420 2730 copiam
432 2648 572 2710 iacturas.
609 2645 641 2707 Si
656 2665 745 2728 quem
755 2646 848 2728 igitur
859 2648 942 2730 leges
953 2647 1112 2722 violantem
1132 2650 1252 2732 punitis,

144 2763 213 2804 enm
226 2763 287 2803 non
301 2741 519 2806 accusatoribus
531 2740 659 2816 traditis,
674 2741 728 2802 sed
741 2742 825 2822 leges
837 2752 950 2804 vestm
963 2742 1153 2805 confirmatis.
1183 2746 1254 2807 Jant

144 2835 187 2896 ad
210 2835 293 2910 illud,
312 2853 411 2916 quum
438 2834 752 2907 Demosthenes,
781 2835 904 2915 inquiet,
930 2836 1054 2897 laesus
1083 2835 1146 2897 est'
1170 2837 1254 2918 justa

144 2937 179 2988 et
190 2929 352 2990 eommunis
366 2937 397 2988 et
409 2927 447 2988 ad
459 2928 590 2988 omnium
603 2927 789 2988 securitatem
798 2928 949 3006 pertinens
958 2929 1112 3009 responsio
1122 2939 1177 2992 est.
1199 2929 1255 2992 1110

144 3017 196 3080 die
205 3040 265 3080 uon
275 3040 323 3082 me
335 3020 569 3082 Demosthenem
576 3029 691 3080 tantum
701 3039 768 3080 esse
776 3019 969 3099 exagitatum,
977 3020 1127 3079 sedetiam
1135 3019 1254 3084 oedilem

143 3113 275 3178 vesmum
289 3137 297 3180 :
318 3117 399 3198 quod
413 3126 556 3196 quantum
569 3116 677 3188 valeat,
690 3115 760 3175 hino
776 3114 972 3194 cognoscetis.
1000 3111 1087 3174 Scitis
1100 3133 1117 3174 e
1132 3116 1254 3179 sexviris

145 3210 256 3270 nernini
270 3229 338 3272 esse
360 3229 469 3269 nomen
489 3209 639 3280 sex'vir,
659 3208 714 3268 sed
739 3225 826 3268 suum
847 3205 998 3286 quoddam
1020 3205 1187 3288 unicuique.
1220 3207 1253 3271 si

145 3323 237 3382 quem
254 3293 343 3383 igitur
355 3321 467 3375 eorum,
480 3300 552 3360 dum
565 3300 698 3380 privatus
721 3311 778 3372 est,
801 3299 849 3360 rel
862 3298 1011 3360 mulctarit
1029 3300 1185 3381 quispiam,
1206 3304 1254 3366 vel
1278 3297 1281 3307 ’

144 3393 287 3458 eonvic'iis
300 3395 466 3466 incesserit,
485 3393 655 3475 injuriarum
670 3402 701 3453 et
717 3392 841 3454 convicii
856 3392 970 3473 judicio
988 3393 1102 3474 privato
1119 3397 1254 3476 postula-

144 3491 244 3553 bitur:
272 3490 317 3551 sin
331 3489 490 3562 sexvirum,
503 3487 737 3568 ignominiosius
751 3487 840 3548 dubio
860 3487 1018 3548 notabitur.
1046 3490 1255 3571 Quapropter?

115 3652 118 3658 Ι
145 3580 239 3652 Quod
251 3581 385 3661 quisquis
397 3579 429 3640 id
442 3578 525 3652 facit,
537 3580 562 3639 is
570 3584 634 3655 jam
647 3579 737 3640 etiam
750 3578 833 3658 leges
846 3580 1025 3656 contumelia
1039 3571 1136 3656 affiiit,
1154 3592 1185 3642 et
1201 3601 1254 3644 ve-

145 3681 240 3734 stram
257 3691 443 3734 communem
458 3690 609 3747 eoronam,
623 3681 653 3733 et
666 3685 772 3732 nomeu
786 3670 931 3750 ciuitatis:
952 3693 1022 3734 nam
1035 3675 1131 3736 sexrir
1144 3675 1253 3738 nullius

36 3797 42 3814 ·
143 3763 273 3825 hominis
283 3769 331 3825 est
341 3782 460 3838 nornen,
472 3765 527 3826 sed
540 3762 675 3825 ciuitatis.
696 3763 812 3825 Eadem
826 3775 873 3825 est
886 3766 1151 3846 etpraetorisratio,
1165 3785 1254 3846 quem

145 3857 173 3918 si
186 3855 252 3935 quis
265 3867 440 3918 coronatum
454 3855 657 3929 verberaverit,
671 3865 723 3918 aut
736 3857 876 3928 conuiciis
886 3857 1049 3931 incesserit,
1061 3858 1178 3921 infamis
1188 3872 1254 3926 est:

144 3949 194 4010 sin
207 3950 363 4029 privatum,
376 3950 489 4032 privato
497 3950 613 4030 judicio
633 3957 681 4010 est
692 3950 847 4012 obnoxius.
876 3950 941 4010 Nec
959 3950 1066 4012 horum
1079 3961 1195 4014 tanturn
1217 3973 1255 4022 ea

142 4043 224 4104 ratio
235 4052 292 4118 est,
306 4044 361 4105 sed
374 4043 504 4104 omnium
520 4042 747 4122 eorumquibus
768 4042 885 4124 publice
906 4042 1005 4122 aliqua
1025 4044 1179 4121 securitas,
1201 4035 1255 4110 aut

142 4155 266 4196 coronae
273 4137 336 4217 jus',
350 4147 403 4198 aut
415 4136 489 4198 nlius
503 4135 646 4216 quispiam
659 4135 754 4196 honos
772 4135 964 4220 conceditur:
984 4137 1026 4199 ita
1039 4137 1140 4215 etiam,
1156 4142 1181 4202 si
1196 4142 1255 4202 Mi·

141 4228 212 4290 dias
233 4227 298 4290 aliis
317 4228 495 4309 quibusdam
515 4227 619 4288 diebus
638 4247 696 4300 me,
716 4237 751 4286 ut
769 4245 925 4308 personam
938 4227 1091 4309 priuatam,
1115 4234 1154 4293 ad
1174 4234 1254 4296 hunc

140 4321 268 4382 modum
280 4321 418 4402 lecisset,
432 4321 568 4403 privatim
579 4319 667 4382 etiam
677 4339 782 4400 poenas
795 4340 864 4381 eum
878 4321 949 4384 dare
957 4334 1125 4404 oporteretz
1147 4326 1171 4385 si
1185 4343 1254 4387 vero

141 4415 264 4478 redirem
276 4417 418 4493 restrum,
432 4416 480 4478 die
492 4415 581 4492 festo,
593 4413 640 4476 his
654 4413 790 4477 omnibus
803 4414 916 4495 injuriis
936 4425 968 4479 et
978 4417 1162 4484 coutumeliis
1178 4417 1252 4481 affe·
1278 4421 1284 4434 “
