2932 4952
197 327 202 334 ,
236 259 297 324 368
526 257 700 323 CONTRA
722 253 1049 332 A'NDROTIONEM‘.

233 419 378 502 poturis:
394 437 466 483 erm
480 427 578 479 autem
590 413 671 478 allud
684 417 825 497 quiddam
840 428 871 478 et
883 435 930 480 res
943 433 1042 479 sauros
1055 427 1200 486 moseres,
1213 429 1336 496 quarum

235 513 384 594 plumos
396 521 535 572 ue-estate
550 511 668 590 quidem
679 520 780 572 nostra
789 510 936 570 dedicatus
945 521 1025 582 suut,
1038 509 1162 570 eandem
1171 510 1337 570 cautionem

235 621 296 666 non
309 603 488 676 adhibueris,
500 622 589 684 quam
602 603 631 662 in
645 604 776 664 tributis:
797 619 896 664 noune
908 604 1007 684 palam
1020 612 1076 676 est,
1090 603 1198 664 surita
1210 603 1338 664 feceris?

169 693 176 710 ’
240 697 388 776 liquidem·
398 697 509 776 opinor.
740 691 743 696 ’

277 791 337 849 21:
350 789 448 868 Atque
457 787 532 848 illud
544 786 739 858 considerate,
753 786 955 860 Athenienses,
970 803 1058 868 qoam
1071 789 1228 868 prmolaras
1241 799 1272 848 et
1285 789 1337 848 st-

71 879 79 894 ‘
207 955 210 958 Ι
236 881 384 942 mirabiles
402 881 440 941 ad
460 897 577 940 omnem
591 879 789 958 posteritatem
809 879 1013 959 inscriptiones
1032 881 1337 960 reipublicesustule·

235 974 283 1045 rit,
297 988 386 1053 qnam
406 973 512 1052 impias
531 981 562 1032 et
580 971 779 1031 intolerabiles
792 973 965 1050 reposuerit.
992 973 1126 1034 Arbitror
1139 974 1217 1032 enim
1231 973 1337 1033 vidisse

238 1080 342 1126 omnes
353 1083 416 1138 ros,
428 1065 459 1123 in
474 1078 649 1124 coronarum
663 1063 799 1122 modiolis
813 1065 918 1122 subtus
928 1064 1100 1144 inscriptum
1111 1064 1214 1136 fuisse,
1233 1065 1338 1126 socii

150 1159 153 1166 “
237 1157 428 1238 populum
454 1155 725 1217 fortitudinis
747 1174 842 1234 ergo
865 1157 1117 1236 etjustitiss:
1139 1164 1202 1226 aut,
1228 1157 1337 1216 socii

239 1249 346 1309 dono
373 1247 562 1310 Minervae
583 1265 629 1310 es
653 1247 861 1307 manubiis:
885 1247 1338 1330 autoppidatim,illipopulum,

238 1341 403 1402 conservati
420 1341 576 1420 apopulo;
591 1339 691 1411 ueluti,
707 1340 937 1399 Euboeenses
951 1340 1109 1400 liberati
1126 1359 1264 1400 cor-ona
1279 1341 1337 1400 do·

204 1493 209 1498 .
238 1452 259 1493 n
270 1442 390 1493 strunt
409 1432 530 1512 popul
541 1451 609 1492 um.
624 1431 755 1491 ,Rursus
769 1431 877 1491 alicubi
890 1432 945 1492 luit
957 1432 1140 1512 inscriptum,
1163 1433 1274 1493 Couo
1293 1437 1338 1491 ex'

222 1526 377 1586 'navali
398 1525 578 1586 victoria
597 1535 718 1605 parta
740 1525 787 1583 de
810 1524 1147 1610 Lacedaemoniis.
1165 1514 1337 1588 Talesenim

237 1621 536 1680 ineruntooroosrum
547 1617 760 1698 inscriptiones.
780 1619 859 1685 Qum·
868 1619 957 1701 igitur
966 1619 1205 1680 etadmiretionis
1215 1621 1337 1679 multum

238 1721 269 1773 et
286 1712 403 1772 honoris
416 1710 499 1770 robis
519 1709 664 1781 ferebant,
678 1709 794 1769 ebolitse
810 1704 895 1784 sumt,¹
904 1711 1020 1771 coronis
1035 1710 1214 1772 destructis:
1234 1712 1338 1792 phialis

239 1814 348 1876 summ,
363 1821 441 1883 quas·
450 1819 550 1861 eanum
564 1802 631 1860 loco
641 1801 723 1861 vobis
737 1801 793 1861 iste
807 1802 876 1862 iecit
888 1802 1064 1882 impudicus,
1086 1802 1138 1862 An
1150 1803 1338 1865 drotioue

239 1904 429 1957 curatore
451 1895 571 1954 factm
603 1903 712 1964 eunt,
735 1895 908 1974 inscriptum
935 1903 990 1956 est.
1032 1895 1072 1954 Et
1090 1896 1174 1976 cujus
1194 1896 1338 1975 pollutum

236 1986 407 2048 libidinibus
430 2001 537 2066 eorpus
556 1985 670 2065 ingredi
694 1986 764 2045 iana
783 1985 866 2065 leges
886 2007 947 2046 non
967 1987 1077 2058 sinunt,
1098 1987 1163 2066 ejus
1182 2007 1291 2050 nomen
1310 1989 1339 2048 in

238 2079 443 2159 fanis-phialis·
454 2077 626 2158 inseriptum
640 2087 703 2138 est:
725 2078 934 2157 conserendum
948 2078 1070 2150 scilieet,
1091 2097 1151 2139 non
1166 2097 1252 2153 saue,
1261 2083 1337 2142 rete*

238 2172 321 2232 ribus
331 2171 389 2230 illis
402 2170 651 2250 inscriptionibus,
664 2179 697 2230 et
707 2169 785 2230 idem
798 2172 892 2244 vobis,
913 2172 938 2230 sl
958 2169 1013 2232 diis
1031 2171 1139 2250 placet,
1158 2172 1278 2234 honoris
1299 2174 1339 2233 fe*

240 2263 330 2326 renui
350 2263 400 2323 Sic
412 2264 469 2323 tria
478 2279 530 2323 eos
545 2262 733 2322 atrocissimo¹
741 2263 918 2323 commisisse
930 2264 1113 2342 perspicitur.
1148 2263 1226 2324 Nam
1239 2275 1271 2325 et
1283 2265 1340 2324 Mi·

239 2372 358 2418 nervam
380 2355 495 2416 coronis
513 2355 696 2434 spoliarunt:
719 2363 756 2415 et*
771 2356 886 2434 reipub.
908 2355 1127 2416 admirationem
1148 2357 1342 2431 sustulerunt,

240 2453 358 2530 quaest
378 2449 413 2508 iis
430 2448 516 2509 fectis
534 2447 702 2521 exsistebat,
724 2463 851 2528 quonum·
869 2463 988 2509 corones
1007 2448 1078 2522 illes,
1097 2450 1167 2510 dum
1193 2451 1342 2525 adessent,

240 2543 421 2604 monimenta
441 2542 578 2627 instante
598 2551 629 2602 et
645 2539 682 2602 iis
705 2543 849 2621 aquibus
872 2553 1052 2603 consecrate
1072 2542 1199 2617 luerem,
1220 2545 1341 2624 gloriam

241 2655 302 2696 uon
314 2655 434 2717 parvam
449 2637 621 2696 ademerunt
640 2635 785 2715 opinionis
799 2637 875 2717 ejus,
897 2655 957 2714 qua
977 2636 1058 2715 grati·
1071 2635 1159 2700 animi
1172 2639 1340 2705 memoriam
1451 2633 1452 2642 ’

241 2729 342 2789 testari
356 2727 520 2787 voluerunt.-
557 2727 621 2786 Etsi
634 2733 732 2788 eutem
746 2737 834 2788 tot-et
847 2737 930 2788 tanta
941 2729 1072 2792 facinore
1089 2727 1293 2808 designarunt,
1308 2745 1340 2791 eu

240 2821 329 2882 simul
341 2820 507 2898 etstnporis
518 2827 550 2879 et
562 2819 687 2898 ignaviae
699 2830 768 2879 sunt
779 2820 937 2898 progressi,
949 2831 983 2880 ut
995 2815 1258 2900 haec'tauquamre
1267 2825 1340 2885 bene
1450 2855 1451 2868 π

241 2923 329 2996 gesta
343 2914 514 2984 eelebrent3
537 2913 636 2991 itaque
664 2913 721 2972 iste
741 2931 774 2972 se
793 2921 878 2991 putat
897 2925 1021 2994 propter·
1035 2915 1112 2974 istos
1136 2927 1340 2976 conservatum

206 3019 209 3026 '
240 3008 294 3070 iri:
312 3003 531 3076 aliusassidet,
554 3011 650 3084 neque
670 3023 703 3064 se
724 3003 807 3064 abdit
826 3017 944 3085 propter
963 3001 1103 3068 nonore.
1140 3003 1243 3086 lisque
1269 3009 1341 3068 adeo

15 3131 19 3135 ·
110 3159 112 3163 ,
240 3111 403 3182 potromn
416 3097 504 3158 modo
523 3098 656 3178 pecunius
677 3097 792 3169 avidus,
814 3093 867 3158 s'ed
888 3108 919 3160 et
940 3099 1077 3179 stupidus
1098 3111 1154 3174 est,
1174 3111 1210 3160 ut
1229 3102 1341 3182 ignoret
1449 3093 1450 3116 ¹

240 3191 325 3263 illud,
340 3209 464 3252 coronas
478 3190 593 3250 sinatis
611 3190 729 3269 signum
751 3207 825 3264 esse,
846 3189 961 3270 phialas
982 3203 1082 3253 sutem
1095 3201 1126 3252 et
1144 3191 1213 3272 ejus
1232 3195 1340 3274 generis

230 3280 312 3355 'ulie
332 3283 515 3342 divitiarum:
537 3291 568 3342 et
595 3279 757 3360 quamlibet
783 3299 931 3355 coronam,
953 3283 1009 3344 etsi
1029 3293 1119 3363 pbrva
1142 3285 1241 3358 luerit,
1263 3302 1339 3366 reque

241 3395 309 3437 esse
321 3375 517 3436 honorificam
531 3383 565 3434 ut
579 3391 727 3452 magnam,
740 3372 848 3453 pocula
867 3385 965 3435 autem
978 3384 1010 3436 et
1022 3375 1179 3448 thuribula,
1200 3375 1227 3436 si
1242 3392 1341 3458 magus
1448 3421 1449 3432 ,

241 3470 284 3530 sit
305 3483 406 3528 eonem
428 3465 598 3539 multitudo,
617 3465 775 3544 opulentis
795 3465 943 3544 quendam
964 3468 1092 3528 excitare
1114 3469 1283 3547 opinionem
1307 3469 1341 3528 de
1448 3477 1449 3480 ’

242 3557 473 3644 possessoribus,
489 3557 534 3616 sin
554 3557 651 3636 persis
672 3566 703 3616 et
722 3558 824 3638 paucis
839 3557 972 3638 gloriere,
985 3567 1100 3620 tantum
1116 3561 1223 3620 abesse
1244 3571 1278 3621 ut
1292 3561 1341 3620 luo·
1447 3629 1448 3640 p

243 3655 308 3716 nori
320 3653 392 3722 sint,
403 3659 438 3708 ot
451 3649 539 3709 etiam
554 3650 672 3729 ineptus
686 3667 752 3710 esse
763 3649 899 3710 videaris.
1055 3707 1060 3721 „
1446 3641 1448 3656 ⁴

284 3749 336 3807 222.
358 3746 418 3804 Iste
431 3751 530 3802 autem
544 3742 645 3820 glorie
658 3743 897 3821 possessionibus
908 3741 1037 3815 abolitis,
1058 3743 1220 3824 opulentiae
1240 3747 1346 3809 substi-

242 3839 301 3901 tuit
310 3854 430 3920 perses,
446 3845 476 3894 et
490 3852 549 3894 non
564 3833 771 3911 diguasvobis.
793 3835 840 3894 Ac
852 3854 909 3896 neo
919 3835 992 3896 illud
1002 3835 1121 3914 quidem
1132 3837 1347 3911 animadvertit,

243 3931 378 4013 pecunius
392 3926 745 4005 cumulandssnunquam
763 3927 917 3989 studuisse
931 3929 1091 4008 populum:
1113 3930 1217 4008 ςῐστίω
1239 3942 1348 4004 sutem,

247 4041 336 4104 quam
348 4021 401 4081 ulli
413 4020 454 4080 rei
478 4019 584 4098 magis.
617 4018 801 4097 Argumento
824 4030 880 4092 est,
898 4021 990 4100 quod,
1010 4041 1078 4081 eum
1097 4021 1260 4102 aliquando
1282 4026 1348 4105 plu-

245 4118 350 4178 rimum
369 4113 503 4193 pecuniae
515 4112 646 4182 liaberet,
660 4111 736 4174 inter
749 4129 852 4172 omnes
866 4113 1001 4187 Graecos,
1015 4123 1082 4174 euru
1099 4131 1219 4176 omnem
1231 4117 1349 4191 honor's

246 4207 346 4273 studio
355 4203 512 4284 impendit:
527 4214 558 4265 et
569 4206 699 4284 pecunia
706 4203 744 4265 de
759 4222 813 4266 suo
824 4207 1015 4286 conterende,-
1025 4208 1138 4278 nullum
1151 4213 1285 4289 uuqusm
1299 4231 1349 4290 ps·

141 4293 145 4300 ’
246 4301 369 4363 nonium
383 4297 538 4356 recusarit.
570 4295 659 4360 Unde
681 4298 883 4377 possessiones
901 4295 1083 4358 immortuies
1096 4309 1143 4360 est
1158 4313 1351 4372 conuentus,

247 4403 420 4454 rumesium
433 4389 581 4466 §usumin
594 4390 774 4465 memoriam,
788 4400 851 4455 tum
864 4391 1051 4463 donariprum
1065 4403 1185 4474 propter
1194 4393 1262 4456 illas
1276 4414 1348 4456 corr·
