2932 4952
222 255 288 319 aaa
515 255 690 317 CONTRA
713 246 1035 358 Aunnomorrurr.

203 393 207 398 ¹
222 413 340 474 Telesti
353 403 576 474 adolescentulo
595 419 716 493 (nomen
735 414 812 474 enim
832 429 891 473 nun
905 413 1055 488 occurrit),
1070 421 1101 473 et
1113 413 1174 472 iere
1189 415 1323 494 aquibus

227 507 337 586 exegit,
351 525 390 566 ne
410 507 527 584 singula
540 527 709 586 persequar,
723 507 803 576 haud
817 507 879 566 scio
892 527 930 566 an
951 507 1028 565 ultra
1041 505 1149 566 ruinam
1165 508 1202 564 ab
1216 507 1278 566 ullo
1290 527 1324 566 ex

129 623 140 638 ·
222 601 363 658 omnibus
377 599 516 678 exegerit.
553 599 657 657 Utrum
672 600 761 677 igitur
773 599 883 678 putatis
897 599 1000 656 horum
1020 617 1165 678 quemque
1186 619 1268 676 aegre
1279 610 1323 658 tu·

226 691 304 762 iisse,
318 701 349 750 et
362 692 476 750 hostem
490 692 516 749 ei
530 692 640 750 lactum
654 691 925 771 propter‘tributum
939 689 1035 749 illud:
1060 709 1097 750 au
1112 691 1201 749 alium
1215 697 1324 763 eorum',

225 785 308 862 quod
327 784 410 844 vobis
424 783 557 842 omnibus
571 782 756 843 audientibus
777 803 891 843 servum
912 803 979 842 eum
1000 783 1164 862 appellarit,
1183 793 1214 842 et
1234 785 1322 842 setvis

224 883 411 954 prognatum,
425 874 505 953 quod
520 895 586 936 eum
603 886 769 936 sextantem
787 879 928 936 bonorum
949 877 1076 955 pendere
1090 897 1157 936 eum
1177 875 1330 954 inquilinis

225 978 359 1048 oportere
379 967 500 1028 dixerit:
522 968 620 1041 alium,
638 970 718 1047 quod
732 989 761 1028 e·
773 979 870 1029 scorto
890 965 1055 1046 suscepisse
1078 956 1202 1028 liberos:
1224 968 1322 1038 alium,

215 1059 305 1137 ,quod
325 1067 439 1138 patrem
465 1059 530 1138 ejus
551 1060 736 1139 prostituisse
756 1059 943 1139 pudicitiam-r
970 1058 1070 1131 aliurn,
1094 1059 1174 1138 quod
1200 1067 1322 1117 matrem

219 1151 445 1230 ejusqueestum
459 1151 565 1210 iecisse
576 1152 664 1212 dixit:
679 1152 768 1211 alium
778 1169 928 1210 recensere
940 1152 1038 1228 jussit,
1051 1151 1121 1230 quid
1135 1169 1173 1210 ex
1184 1150 1322 1230 peculatu

221 1244 395 1306 corroserit:
414 1243 443 1301 in
455 1243 527 1302 alios
536 1245 593 1308 alia
602 1243 847 1323 maledictajecit,
860 1261 962 1302 omnes
976 1243 1102 1321 denique
1116 1243 1216 1302 ordine
1227 1242 1322 1301 fandis

224 1334 410 1413 infandisque
437 1336 549 1415 probris
571 1348 602 1396 et
626 1337 767 1396 conviciis
791 1335 961 1396 lacessivit?
983 1335 1061 1396 Nam
1085 1353 1142 1413 ego
1165 1355 1238 1394 sane
1262 1336 1323 1395 scio

172 1444 180 1464 *
220 1445 337 1498 omues,
346 1428 375 1485 in
388 1428 524 1506 quasiste
535 1438 581 1488 est
590 1428 800 1499 debacchatus,
811 1428 952 1487 tributum
962 1427 1233 1489 necessariumesae
1244 1445 1322 1486 surn-

222 1529 307 1600 ptum
333 1519 530 1582 existimasse:
552 1519 605 1578 sed
632 1521 671 1580 ad
692 1540 759 1580 eum
781 1520 900 1579 modum
914 1518 1121 1578 contumeliam
1140 1519 1195 1578 obri
1215 1519 1327 1600 factam·

223 1629 301 1690 tegre
314 1611 435 1670 tulisse,
456 1612 535 1678 Quin
553 1624 583 1671 et
597 1611 670 1673 illud
682 1613 754 1682 scio,
774 1611 822 1670 isti
840 1611 1012 1669 mandatum
1026 1609 1116 1670 luisse
1136 1610 1268 1680 a'vobis,
1290 1603 1343 1670 ut*

222 1704 378 1782 pecuniam
402 1699 540 1782 exigeret,
566 1715 673 1762 aonut
695 1723 750 1763 sua
767 1697 873 1781 cuique
895 1703 974 1762 mala
996 1701 1134 1780 objiceret
1156 1711 1188 1760 et
1216 1721 1323 1783 oppro-

80 1838 82 1847 ·
106 1834 111 1843 ι
219 1797 331 1856 bearet.
364 1796 439 1864 Quae
464 1797 488 1855 si
507 1815 577 1855 veru
598 1793 870 1866 luerunt-tacenda
887 1794 942 1853 tibi
963 1793 1225 1864 fueraut-multa
1244 1793 1322 1852 enirn

222 1887 357 1946 omnibus
372 1887 456 1949 nubis
478 1887 562 1947 aliter
582 1887 731 1958 eveniunt,
753 1907 841 1964 quam
864 1887 1057 1955 vellemus-,
1079 1885 1124 1945 sin
1144 1885 1220 1946 falso
1242 1905 1321 1946 com·

217 1977 427 2051 'miniscehara
441 1971 539 2039 nonne
553 1981 654 2058 quovis
663 1978 812 2058 supplicio
825 1977 935 2056 dignus
948 1977 1005 2038 esi

268 2075 315 2132 18.
335 2071 403 2130 Jam
416 2091 453 2130 ex
470 2071 514 2131 liis
533 2089 601 2150 quoe
621 2081 792 2149 sequuntur,
814 2064 978 2130 evidentius
999 2065 1179 2148 intelligetis,
1197 2071 1322 2130 invisum

166 2216 169 2222 .
217 2163 387 2224 detumesce
410 2163 557 2232 omuibus,
577 2173 772 2242 non'propter
791 2165 983 2231 exactionem,
1004 2163 1057 2222 sed
1077 2170 1198 2242 propter
1215 2159 1322 2224 factam

208 2253 355 2333 'singulis
370 2254 578 2314 contumeliam
595 2264 625 2313 et
644 2253 914 2320 debacchationem.
935 2257 1155 2334 „Satyrusenim
1176 2257 1322 2316 navalium

220 2341 423 2418 turstanum
436 2357 550 2425 septem
564 2347 675 2412 talenta
688 2345 771 2404 vobis
785 2345 891 2424 exegit,
901 2345 954 2406 sed
967 2357 1092 2424 quatuor
1103 2358 1133 2405 et
1142 2347 1274 2425 triginta,
1285 2352 1322 2409 ab

217 2425 326 2504 iisdem
338 2439 395 2498 illis
416 2438 686 2516 hominibus‚·unde
700 2433 880 2498 armamenta
894 2436 1091 2518 suppeditavit
1111 2441 1237 2500 navibus
1255 2461 1322 2520 quoe

221 2531 368 2610 ablegatus
386 2540 465 2591 sunt.
491 2532 560 2600 Qua
580 2533 618 2591 de
632 2551 723 2592 causa
743 2549 798 2591 nec
818 2531 869 2590 ille
887 2531 941 2591 sibi
963 2551 1139 2611 quemquam
1161 2535 1234 2594 dicit
1254 2555 1322 2596 esse

221 2623 382 2696 inimicum,
404 2645 499 2704 oeque
514 2627 762 2704 eorumaquibus
780 2625 879 2704 exegit
901 2626 960 2698 ille,
984 2628 1137 2705 quisquam
1161 2628 1188 2686 ei
1210 2629 1321 2688 bellum

219 2715 336 2801 indixit,
365 2717 508 2775 Nimirum
522 2719 557 2794 is,
571 2717 650 2795 quod
664 2717 832 2778 mandatum
846 2719 949 2788 fuerat,
967 2717 1044 2796 egit:
1065 2729 1097 2778 tu
1111 2739 1180 2778 vero
1192 2730 1254 2786 tuae
1270 2741 1320 2799 pe·

216 2808 354 2868 talantias
375 2820 404 2867 et
420 2809 555 2869 audaoiae
567 2809 791 2888 licentiaparta,
811 2809 943 2869 homiues
965 2811 1130 2890 sumptibus
1151 2811 1320 2889 reipublice

219 2903 337 2964 collatis
360 2902 530 2975 exhaustos,
554 2912 584 2961 et
603 2914 632 2961 te
654 2904 800 2974 meliores,
823 2913 853 2962 et
875 2903 1041 2962 melioribus
1066 2914 1143 2962 ortos
1164 2905 1319 2972 natalibus,

216 2995 302 3056 ‘falsis
315 3005 346 3055 et
359 2995 504 3054 atrocibus
518 2995 634 3074 probris
650 2995 795 3052 incessere
807 2994 934 3053 voluisti.
962 2995 1093 3054 Credant
1106 2995 1196 3072 igitur
1205 2995 1321 3073 judices

220 3098 251 3148 te
262 3089 308 3147 sui
322 3087 419 3147 studio
432 3086 537 3146 iecisse
550 3087 616 3157 ista,
631 3095 662 3144 et
675 3095 734 3144 tuos
745 3086 934 3164 impudentia
948 3097 979 3146 et
988 3087 1176 3164 improbitatis
1192 3087 1321 3148 facinora

219 3181 263 3240 in‘
274 3179 446 3260 semetipsos
460 3179 722 3239 transmovebunt?
744 3179 837 3238 lmmo
851 3173 964 3256 aquius
978 3189 1007 3238 te
1021 3179 1137 3238 oderint
1152 3191 1320 3259 propterea,
1340 3255 1346 3262 ·
1451 3211 1452 3224 κ

221 3289 310 3351 quam
328 3273 559 3332 conservabunt.
605 3270 665 3339 Qui
685 3271 761 3330 enim
785 3270 897 3348 aliquid
923 3272 985 3349 agit
1008 3289 1059 3348 pro
1081 3274 1185 3350 repub.
1207 3273 1320 3352 reipub.

215 3377 317 3422 mores
330 3363 436 3422 imitari
448 3363 552 3430 debet;
567 3363 647 3440 quod
661 3364 712 3440 qui
726 3361 846 3434 faciunt,
855 3358 908 3421 ¹eos
920 3362 1006 3433 tueri,
1019 3363 1226 3434 Athenienses,
1235 3364 1318 3423 istius

218 3463 319 3515 autem
328 3454 436 3513 similes
446 3454 496 3534 qui
507 3465 583 3524 sunt,
593 3454 692 3514 odisse
703 3453 825 3514 debetis.
847 3454 1319 3516 Illudenimsc'ientibussortasue

217 3546 311 3620 vohis,
331 3546 387 3607 ‘sed
401 3556 500 3606 tamen
514 3546 627 3622 dicam3
649 3548 869 3626 qualescunque
894 3547 985 3605 amari
1007 3565 1025 3606 a
1045 3547 1128 3606 vobis
1154 3557 1186 3606 et
1200 3547 1320 3608 defendi

218 3639 424 3710 constabitne
438 3637 545 3697 siuriles
555 3658 621 3698 esse
636 3659 688 3698 vos
701 3641 856 3718 putabunt.

263 3729 320 3791 19.Ι
332 3731 430 3809 Atque
444 3727 598 3788 adesdum
612 3749 654 3789 ωε
668 3727 796 3789 alienum
810 3749 848 3788 ne
862 3730 980 3808 quidem
994 3732 1142 3810 redegisse
1156 3751 1210 3810 pro
1221 3733 1317 3804 vobis,

215 3823 248 3884 id
262 3841 377 3901 quoque
392 3820 491 3880 statim
503 3821 665 3880 ostendam.
688 3822 795 3899 Siquis
809 3822 965 3881 enimcum
980 3834 1075 3901 roget,
1091 3824 1149 3882 utri
1166 3825 1320 3886 eimoceu·

216 3917 305 3975 tiores
317 3933 387 3974 esse
400 3913 511 3974 civitati
525 3913 687 3985 videantur,
701 3903 877 3992 agricoloene
891 3924 922 3973 et
935 3916 1025 3993 parci,
1039 3916 1090 3992 qui
1102 3926 1224 3995 propter
1237 3917 1319 3978 aleu-

124 4071 128 4076 ,
153 4008 155 4012 ’
218 4007 274 4066 dus
287 4007 402 4077 liberos,
423 4015 454 4064 et
471 4005 649 4066 domesticos
661 4015 816 4084 sumptus,
831 4016 862 4064 et
879 4005 937 4066 alia
957 4024 1079 4066 munera
1100 4009 1190 4079 obita,
1210 4011 1321 4072 tributa

216 4097 425 4158 deseruerunt:
447 4117 485 4157 au
499 4099 549 4176 qui
564 4098 641 4156 ultro
653 4097 793 4167 collatam
814 4099 969 4176 pecuniam
983 4117 1049 4158 cunr
1071 4101 1107 4158 ab
1123 4102 1199 4172 aliis,
1217 4113 1281 4162 tum
1300 4123 1321 4162 a

217 4189 306 4250 sociis
322 4187 500 4248 furantur-et
513 4190 656 4267 perduut;
678 4207 737 4248 non
752 4193 787 4249 eb
802 4189 948 4262 nimirum,
962 4193 1095 4269 quamvis
1109 4193 1238 4254 frontem
1251 4217 1319 4276 per·

215 4282 353 4352 fricuerit,
368 4280 554 4359 inpudentiae
567 4282 675 4352 veniet,
696 4293 729 4340 ut
741 4281 831 4354 dicat,
851 4303 904 4342 eos
927 4285 978 4361 qui
988 4305 1046 4344 sua
1066 4305 1126 4345 non
1149 4289 1316 4358 conferunt,

217 4389 284 4436 esse
297 4373 480 4435 nocentiores
493 4371 541 4444 iis,
559 4374 756 4450 qui-aerarium
770 4375 989 4456 depeculantur.
1007 4377 1080 4460 ¹Qua
1093 4378 1181 4458 igitur
1195 4382 1317 4444 mudena
