2932 4952
132 227 138 232 ’
217 281 305 340 aso.
469 247 472 256 '
511 273 683 338 conrnn
710 272 1035 336 nunnorrourn.

213 435 293 504 ,inter
306 431 471 495 convicium
490 439 579 509 atque
593 431 714 503 crimen,
728 440 758 489 et
777 430 989 510 probationem.
1033 419 1321 512 Grimonenim'est,

213 528 239 587 si
251 526 316 606 quis
330 524 418 584 nudis
428 524 525 584 verbis
538 543 611 584 usus
622 518 746 584 orationi
762 544 824 584 sure
833 523 922 584 nullis
937 524 1115 602 argumentis
1129 523 1315 589 bdem‘facit:

213 618 357 700 probatio,
369 618 393 678 si
403 632 469 697 quae
484 617 566 688 dicit,
579 637 616 676 ea
628 618 716 676 etiam
730 636 799 676 vera
815 635 881 678 esse
901 617 1040 677 ostendit.
1084 617 1218 680 Necesse
1232 617 1319 697 igitur

214 724 261 776 est
271 732 323 772 eos
337 712 388 790 qui
401 711 535 790 probant,
546 709 726 786 argumentis
737 710 799 782 niti,
814 729 866 788 per
876 729 942 788 qum
956 710 997 770 rei
1009 710 1161 773 veritatem
1170 713 1252 774 vobis
1266 713 1316 774 de·

115 828 118 836 s
214 806 337 873 clarent,
352 813 404 863 aut
417 803 601 878 conjecturas
616 800 730 872 afferre,
745 810 797 860 aut
808 803 973 881 producere
987 813 1092 864 testes.
1126 805 1329 883 Nequeenij.

107 967 111 974 ,
159 965 165 977 ,
212 901 243 962 in
255 896 431 977 quibusdam
446 895 507 956 fieri
522 895 620 954 causis
634 903 740 972 potest,
760 904 794 953 ut
812 896 842 954 in
865 915 927 956 rem
947 905 1125 974 presentem
1148 897 1315 969 ducaminis

213 992 267 1054 sed
283 990 308 1050 si
321 989 386 1068 quis
397 989 460 1068 ejus
477 987 594 1066 generis
606 985 719 1064 aliquid
733 987 904 1059 ostenderit,
916 1007 1034 1078 semper
1049 990 1224 1070 rosrjustam
1233 993 1314 1054 ¹reri-

212 1085 280 1146 tatis
295 1083 404 1143 habere
416 1081 618 1161 probationem
624 1084 692 1154 jure
700 1079 829 1140 creditis.
872 1081 934 1140 Nos
948 1081 1036 1160 igitur
1045 1101 1104 1144 non
1115 1083 1319 1161 probabilibus

211 1176 316 1246 verbis,
332 1175 586 1253 sut'argume'ntis,
601 1173 653 1233 sed
668 1189 686 1234 a
699 1193 756 1252 quo
770 1173 896 1242 maxime
909 1163 1117 1256 prenaeorpcti
1129 1187 1265 1254 possunt,
1279 1197 1319 1240 eo·

212 1269 402 1339 ostendimus,
417 1253 569 1346 uirumque
584 1266 768 1337 adducimus,
783 1267 834 1346 qui
847 1268 986 1328 tabellam
1004 1269 1090 1330 uobis
1104 1269 1244 1342 exhibuit,
1258 1291 1317 1350 qna:

211 1364 296 1424 istius
317 1371 454 1422 anteacta
469 1360 528 1422 vita
541 1360 722 1422 continetur:
744 1359 795 1438 qui
809 1379 863 1418 suo
876 1360 1006 1440 periculo
1019 1361 1220 1424 testimonium
1235 1362 1317 1424 dicit.

210 1457 314 1534 Itaque
328 1455 352 1514 si
365 1455 429 1513 haec
445 1453 608 1513 convicium
632 1462 662 1512 et
683 1453 793 1511 crimen
812 1473 877 1512 esse
901 1453 1016 1528 dixerit,
1034 1473 1089 1514 uos
1113 1455 1316 1534 probationem
1347 1465 1350 1474 '

209 1567 276 1608 esse
289 1547 439 1628 putabitis,
454 1567 521 1625 quae
533 1566 603 1608 vero
611 1547 665 1606 iste
676 1547 756 1618 facit,
766 1547 931 1610 convicium
945 1557 976 1610 et
988 1548 1114 1612 crimen:
1138 1567 1206 1612 cum
1215 1559 1312 1612 autem

209 1623 248 1701 ad
263 1643 391 1702 servitos
405 1661 466 1704 rem
480 1641 571 1703 luisse
586 1640 775 1719 deferendam
791 1640 872 1713 dicit,
888 1641 930 1704 sic
944 1641 1158 1716 existimabitis,
1171 1662 1230 1702 nos
1241 1653 1272 1704 et
1283 1643 1312 1705 id

209 1736 348 1809 facturos,
368 1745 398 1796 et
418 1754 496 1794 nunc
515 1734 572 1793 bac
585 1733 624 1792 de
644 1733 710 1812 lege
724 1733 930 1796 convenienter
943 1735 1033 1814 loqui.
1051 1735 1137 1796 Nem
1153 1735 1179 1796 si
1196 1746 1230 1800 te
1243 1736 1316 1798 ulte·

208 1831 267 1890 rius
280 1829 407 1892 criminis
428 1848 510 1891 reum
530 1828 588 1888 hoo
610 1829 728 1902 nomine
752 1828 968 1902 accusaremus,
983 1849 1081 1892 causa
1092 1830 1146 1893 tibi
1166 1842 1249 1896 esset
1262 1851 1316 1894 cur

205 1923 403 2000 agreserres:
427 1921 529 1982 sedin
549 1921 607 1982 hoc
623 1921 738 2001 judicio
763 1921 801 1982 de
824 1922 982 1984 violatione
996 1922 1097 2004 legum
1110 1923 1310 2004 agitur,leges

208 2024 306 2074 autern
319 2015 383 2076 istis
394 2015 522 2074 moribus
532 2013 672 2092 praeditos
686 2034 742 2074 nec
752 2014 882 2094 legitima
896 2016 1055 2078 decernere
1069 2016 1234 2095 patiuntur,
1245 2035 1312 2081 nus«

207 2127 265 2187 que
279 2107 460 2170 ostendimus
479 2109 569 2168 istum
582 2124 643 2168 non
657 2107 768 2171 dixisse
780 2117 898 2169 tanturn
911 2119 1016 2172 eontra
1028 2107 1191 2188 leges‚'sed
1205 2109 1314 2172 vixisse

207 2203 296 2262 etiam
306 2202 389 2264 aliter
401 2221 490 2280 quam
501 2201 584 2280 leges
595 2201 713 2262 sinunt:
728 2220 801 2262 eane
816 2201 858 2265 de¹
867 2201 934 2279 lege
943 2201 1016 2262 nibil
1026 2201 1148 2275 dicetur,
1162 2222 1217 2282 per.
1224 2221 1312 2285 quam

208 2296 272 2356 boec
285 2290 467 2375 probantur?

246 2392 276 2450 8.
298 2388 478 2450 lllud'etiam
497 2386 740 2466 cognoscendum
755 2386 838 2448 vobis
852 2395 906 2458 ost,
931 2387 1071 2449 Solonem
1092 2388 1197 2457 harum
1214 2388 1314 2468 legum

165 2467 168 2472 ¹
205 2491 368 2556 auctorem,
383 2492 413 2542 et
426 2481 548 2542 aliarum
562 2480 621 2538 sere
634 2477 777 2549 omniurn,
791 2477 881 2555 longe
899 2477 989 2538 elium
1006 2498 1095 2556 quam
1107 2479 1164 2538 iste
1176 2479 1215 2540 sit
1224 2479 1314 2560 legis·

206 2575 340 2648 latorem,
354 2593 414 2635 non
428 2593 489 2632 uno
507 2571 596 2634 ruodo
610 2569 753 2630 scelerum
767 2587 873 2647 poenas
891 2568 927 2630 iis
941 2571 993 2648 qui
1008 2571 1111 2630 volunt
1132 2574 1314 2650 expetendae

203 2651 370 2745 permisisse
384 2677 400 2724 e
414 2664 597 2734 facinorosis,
612 2661 666 2722 sed
686 2659 885 2720 multifariam.
927 2661 1023 2723 Norat
1043 2663 1069 2724 is
1091 2663 1241 2741 nimirum,
1253 2686 1314 2729 nou

204 2778 294 2838 posse
304 2757 376 2829 fieri,
390 2765 425 2816 ut
435 2774 538 2816 omnes
551 2754 630 2816 cirea
644 2773 682 2812 ex
697 2763 893 2832 oequoesseut
905 2763 958 2814 aut
969 2754 1153 2835 eloquentes,
1163 2767 1222 2824 ¹aut
1242 2779 1312 2821 con·

204 2852 341 2924 fidentes,
352 2859 402 2913 aut
415 2847 568 2910 moderati.
611 2845 701 2914 Quod
722 2845 747 2905 si
770 2845 813 2906 ita
835 2846 985 2908 senneser
1002 2848 1085 2926 leges
1098 2859 1135 2908 ut
1154 2849 1312 2916 moderatis

206 2945 369 3026 sumpsisse
382 2960 486 3022 poenas
500 2940 571 3000 satis
581 2948 672 3012 esset,
685 2938 796 2998 multos
811 2938 929 3019 impune
943 2939 1005 3002 fore
1015 2941 1166 3020 improbos
1181 2945 1312 3008 cenauit:

206 3041 231 3100 si
244 3058 314 3098 rero
324 3045 358 3096 ut
370 3034 587 3096 confidentibus
599 3042 634 3093 et
641 3031 858 3112 eloquentibus,
872 3032 1003 3095 futurum
1025 3043 1059 3094 ut
1071 3033 1208 3098 homines
1223 3039 1313 3124 impe·

205 3132 253 3190 riti
264 3139 296 3190 et
306 3128 393 3189 rudes
406 3134 602 3206 nonpossent
614 3123 719 3186 eodem
738 3143 798 3203 quo
814 3123 856 3186 illi
876 3125 965 3188 modo
979 3146 1083 3206 poenas
1094 3146 1223 3200 sumere.
1261 3127 1316 3191 Β.

163 3300 165 3305 Ι
206 3240 297 3304 quum
308 3232 407 3284 autern
421 3239 488 3280 esse
502 3218 629 3291 censuit,
644 3237 682 3279 ne
694 3215 754 3291 cui,
769 3236 822 3297 pro
846 3237 901 3278 sua
921 3219 1066 3300 cujusque
1084 3220 1240 3294 facultate,
1254 3221 1313 3284 exis

206 3315 312 3396 gendoe
326 3334 422 3394 prenae
431 3313 480 3394 jus
494 3321 660 3392 negaretur.
698 3311 736 3370 Id
754 3321 852 3372 autem
874 3312 945 3373 fieri.
957 3313 1008 3391 qui
1021 3313 1138 3392 potuit?
1160 3315 1193 3375 Si
1207 3316 1314 3380 multas

205 3409 268 3468 rias
282 3421 334 3486 per
347 3408 428 3486 leges
443 3405 568 3466 muniret
581 3404 619 3464 ad
634 3405 815 3466 facinorosos
828 3404 1026 3466 invadendosv
1065 3406 1167 3468 Veluti
1177 3409 1209 3470 in
1219 3409 1313 3471 turm:

205 3503 306 3563 firmus
328 3521 372 3573 es,
386 3509 416 3560 et
435 3501 528 3578 teipso
548 3497 663 3558 fretus?
689 3497 800 3558 Abduc
812 3497 844 3558 ia
861 3517 1038 3558 carcerem·
1063 3497 1124 3558 Sed
1145 3497 1227 3562 mille
1246 3501 1316 3564 dra·

207 3594 300 3658 churis
310 3591 493 3674 periclitaris.
516 3590 659 3654 infirmior
673 3588 726 3652 es?
748 3589 932 3652 Noremriris
946 3591 1064 3651 indice:
1078 3591 1121 3653 illi
1133 3593 1258 3656 sacient
1280 3593 1315 3654 ld

205 3684 496 3769 quoqueformidasl
536 3685 665 3744 Accusa.
707 3683 779 3744 Non
793 3684 845 3744 tibi
865 3683 945 3756 fidis,
960 3692 990 3744 et
1011 3685 1168 3763 pauperior
1180 3706 1315 3765 esquam

204 3783 254 3861 qui
267 3783 345 3842 mille
355 3779 515 3841 drachmas
525 3777 643 3837 solvas?
684 3775 766 3836 Furti
777 3795 833 3855 age
846 3775 927 3855 apud
942 3775 1091 3846 arbitrum,
1101 3786 1133 3838 et
1144 3787 1231 3840 extra
1234 3781 1316 3860 peri·

204 3876 304 3935 culum
315 3873 381 3935 eris.
425 3873 570 3930 Neutrum
579 3869 683 3928 borum
695 3868 814 3948 placet?
835 3869 963 3930 Accusa.
996 3868 1093 3930 Etiam
1107 3869 1166 3930 boo
1179 3873 1314 3934 reformi-

205 3966 280 4028 daol
309 3968 410 4028 Defer.
453 3965 531 4024 Haec
545 3962 644 4023 omnia
658 3961 774 4022 diversa
788 3970 866 4022 sunt.
909 3961 1022 4021 Eodem
1034 3961 1166 4024 modoet
1178 3963 1211 4022 iu
1225 3985 1318 4028 cause

119 4049 121 4056 ’
202 4060 318 4119 violata
332 4059 491 4138 religionis,
501 4059 572 4118 licet
580 4055 728 4116 abducere
741 4055 772 4114 in
781 4071 940 4136 carcerem,
950 4073 1091 4118 accusare
1101 4055 1231 4135 publice,
1243 4078 1315 4120 cau-

204 4173 267 4214 sam
282 4154 361 4232 apud
374 4152 567 4241 Eumolpidas
580 4171 678 4240 agere,
691 4168 855 4230 proponere
868 4148 949 4230 apud
962 4169 1072 4229 regem.
1094 4149 1211 4212 Eodem
1222 4153 1316 4214 modo

203 4249 235 4306 in
249 4245 356 4308 ceteris
371 4245 432 4304 fere
446 4245 601 4306 universis.
646 4243 678 4304 Si
691 4244 757 4323 quis
769 4243 858 4322 igitur
872 4263 904 4304 se
918 4242 1087 4304 maleficum
1100 4262 1166 4308 esse
1179 4264 1244 4306 non
1259 4246 1316 4306 dil-

204 4339 331 4411 liteatrtr,
352 4345 406 4397 aut
425 4337 556 4416 impium,
577 4347 628 4398 aut
649 4337 851 4417 cujuscunque
864 4336 992 4400 criminis
1011 4337 1049 4398 de
1070 4356 1131 4416 quo
1154 4349 1315 4400 accusetur

205 4440 328 4506 sontem,
342 4429 396 4494 sed
404 4438 559 4511 propterea
572 4451 604 4496 se
618 4431 729 4496 absolvi
738 4432 880 4514 postulet,
892 4431 1020 4511 quodsi
1033 4429 1154 4512 quidem
1166 4431 1198 4494 in
1211 4451 1312 4512 ceme-
