<?xml version="1.0" encoding="UTF-8"?>
<!DOCTYPE html PUBLIC "-//W3C//DTD XHTML 1.0 Transitional//EN"
    "http://www.w3.org/TR/xhtml1/DTD/xhtml1-transitional.dtd">
<html xmlns="http://www.w3.org/1999/xhtml" xml:lang="en" lang="en">
 <head>
  <title>
</title>
<meta http-equiv="Content-Type" content="text/html;charset=utf-8" />
  <meta name='ocr-system' content='tesseract 3.04.00' />
  <meta name='ocr-capabilities' content='ocr_page ocr_carea ocr_par ocr_line ocrx_word'/>
</head>
<body>
  <div class='ocr_page' id='page_1' title='image "./demosthenisetsc08ulpigoog/demosthenisetsc08ulpigoog_0500.png"; bbox 0 0 2912 4946; ppageno 0'>
   <div class='ocr_carea' id='block_1_1' title="bbox 526 279 1241 372">
    <p class='ocr_par' dir='ltr' id='par_1_1' title="bbox 526 279 1241 372">
     <span class='ocr_line' id='line_1_1' title="bbox 526 279 1241 372; baseline -0.006 -24"><span class='ocrx_word' id='word_1_1' title='bbox 526 281 570 348; x_wconf 85' lang='lat' dir='ltr'><strong>ur</strong></span> <span class='ocrx_word' id='word_1_2' title='bbox 592 279 860 372; x_wconf 75' lang='lat' dir='ltr'><strong>Aruonuurr.</strong></span> <span class='ocrx_word' id='word_1_3' title='bbox 891 299 899 313; x_wconf 95' lang='lat'><strong>·</strong></span> <span class='ocrx_word' id='word_1_4' title='bbox 1181 285 1241 344; x_wconf 75' lang='lat' dir='ltr'><strong>sss</strong></span> 
     </span>
    </p>
   </div>
   <div class='ocr_carea' id='block_1_2' title="bbox 70 429 1300 2735">
    <p class='ocr_par' dir='ltr' id='par_1_2' title="bbox 70 429 1300 706">
     <span class='ocr_line' id='line_1_2' title="bbox 70 429 1243 524; baseline -0.002 -24"><span class='ocrx_word' id='word_1_5' title='bbox 70 515 73 524; x_wconf 30' lang='grc'>1</span> <span class='ocrx_word' id='word_1_6' title='bbox 141 437 223 522; x_wconf 85' lang='lat' dir='ltr'><strong>apud</strong></span> <span class='ocrx_word' id='word_1_7' title='bbox 235 457 290 501; x_wconf 85' lang='lat' dir='ltr'><strong>vos</strong></span> <span class='ocrx_word' id='word_1_8' title='bbox 300 439 353 520; x_wconf 90' lang='lat' dir='ltr'><strong>jus</strong></span> <span class='ocrx_word' id='word_1_9' title='bbox 366 457 464 500; x_wconf 88' lang='lat' dir='ltr'><strong>meum</strong></span> <span class='ocrx_word' id='word_1_10' title='bbox 477 437 618 519; x_wconf 86' lang='lat' dir='ltr'><strong>adeptum</strong></span> <span class='ocrx_word' id='word_1_11' title='bbox 631 438 770 519; x_wconf 83' lang='lat' dir='ltr'><strong>excipiat,</strong></span> <span class='ocrx_word' id='word_1_12' title='bbox 783 437 959 500; x_wconf 84' lang='lat' dir='ltr'><strong>et‘sororem</strong></span> <span class='ocrx_word' id='word_1_13' title='bbox 977 437 1082 502; x_wconf 85' lang='lat' dir='ltr'><strong>elacet.</strong></span> <span class='ocrx_word' id='word_1_14' title='bbox 1124 437 1157 498; x_wconf 88' lang='lat' dir='ltr'><strong>Si</strong></span> <span class='ocrx_word' id='word_1_15' title='bbox 1172 429 1243 500; x_wconf 79' lang='lat' dir='ltr'><strong>vercr&#39;</strong></span> 
     </span>
     <span class='ocr_line' id='line_1_3' title="bbox 139 527 1300 615; baseline 0 -21"><span class='ocrx_word' id='word_1_16' title='bbox 139 551 194 594; x_wconf 85' lang='lat' dir='ltr'><strong>vus</strong></span> <span class='ocrx_word' id='word_1_17' title='bbox 208 531 322 614; x_wconf 84' lang='lat' dir='ltr'><strong>aliquid</strong></span> <span class='ocrx_word' id='word_1_18' title='bbox 339 532 549 612; x_wconf 83' lang='lat' dir='ltr'><strong>secus-quud</strong></span> <span class='ocrx_word' id='word_1_19' title='bbox 570 527 885 604; x_wconf 76' lang='lat' dir='ltr'><strong>absit-decreveritis,</strong></span> <span class='ocrx_word' id='word_1_20' title='bbox 907 531 985 611; x_wconf 90' lang='lat' dir='ltr'><strong>quid·</strong></span> <span class='ocrx_word' id='word_1_21' title='bbox 1000 531 1043 592; x_wconf 92' lang='lat' dir='ltr'><strong>illi</strong></span> <span class='ocrx_word' id='word_1_22' title='bbox 1067 531 1156 615; x_wconf 63' lang='lat' dir='ltr'><strong>primi</strong></span> <span class='ocrx_word' id='word_1_23' title='bbox 1179 531 1243 594; x_wconf 80' lang='lat' dir='ltr'><strong>fare</strong></span> <span class='ocrx_word' id='word_1_24' title='bbox 1296 534 1300 542; x_wconf 91' lang='lat'>&#39;</span> 
     </span>
     <span class='ocr_line' id='line_1_4' title="bbox 141 615 1245 706; baseline 0 -20"><span class='ocrx_word' id='word_1_25' title='bbox 141 624 281 697; x_wconf 85' lang='lat' dir='ltr'><strong>censetis,</strong></span> <span class='ocrx_word' id='word_1_26' title='bbox 296 643 363 684; x_wconf 89' lang='lat' dir='ltr'><strong>cum</strong></span> <span class='ocrx_word' id='word_1_27' title='bbox 378 644 425 684; x_wconf 90' lang='lat' dir='ltr'><strong>me</strong></span> <span class='ocrx_word' id='word_1_28' title='bbox 439 624 544 691; x_wconf 83' lang='lat' dir='ltr'><strong>viderit</strong></span> <span class='ocrx_word' id='word_1_29' title='bbox 564 643 624 686; x_wconf 87' lang='lat' dir='ltr'><strong>non</strong></span> <span class='ocrx_word' id='word_1_30' title='bbox 648 623 781 706; x_wconf 81' lang='lat' dir='ltr'><strong>paternis</strong></span> <span class='ocrx_word' id='word_1_31' title='bbox 799 623 889 686; x_wconf 87' lang='lat' dir='ltr'><strong>modo</strong></span> <span class='ocrx_word' id='word_1_32' title='bbox 902 625 988 684; x_wconf 88' lang='lat' dir='ltr'><strong>bonis</strong></span> <span class='ocrx_word' id='word_1_33' title='bbox 1000 615 1170 705; x_wconf 85' lang='lat' dir='ltr'><strong>spoliatum,</strong></span> <span class='ocrx_word' id='word_1_34' title='bbox 1189 625 1245 686; x_wconf 82' lang='lat' dir='ltr'><strong>sed</strong></span> 
     </span>
    </p>

    <p class='ocr_par' dir='ltr' id='par_1_3' title="bbox 140 717 1243 798">
     <span class='ocr_line' id='line_1_5' title="bbox 140 717 1243 798; baseline -0.002 -18"><span class='ocrx_word' id='word_1_35' title='bbox 140 729 173 780; x_wconf 91' lang='lat' dir='ltr'><strong>et</strong></span> <span class='ocrx_word' id='word_1_36' title='bbox 185 717 272 778; x_wconf 86' lang='lat' dir='ltr'><strong>etiam</strong></span> <span class='ocrx_word' id='word_1_37' title='bbox 286 717 383 798; x_wconf 85' lang='lat' dir='ltr'><strong>capite</strong></span> <span class='ocrx_word' id='word_1_38' title='bbox 397 717 593 778; x_wconf 67' lang='lat' dir='ltr'><strong>diminutum?</strong></span> <span class='ocrx_word' id='word_1_39' title='bbox 614 717 651 778; x_wconf 87' lang='lat' dir='ltr'><strong>de</strong></span> <span class='ocrx_word' id='word_1_40' title='bbox 664 735 762 778; x_wconf 86' lang='lat' dir='ltr'><strong>sorore</strong></span> <span class='ocrx_word' id='word_1_41' title='bbox 774 736 845 777; x_wconf 89' lang='lat' dir='ltr'><strong>vero</strong></span> <span class='ocrx_word' id='word_1_42' title='bbox 858 736 913 776; x_wconf 89' lang='lat' dir='ltr'><strong>nec</strong></span> <span class='ocrx_word' id='word_1_43' title='bbox 928 737 1045 798; x_wconf 84' lang='lat' dir='ltr'><strong>sperare</strong></span> <span class='ocrx_word' id='word_1_44' title='bbox 1065 717 1153 789; x_wconf 83' lang='lat' dir='ltr'><strong>ausit,</strong></span> <span class='ocrx_word' id='word_1_45' title='bbox 1176 737 1243 780; x_wconf 89' lang='lat' dir='ltr'><strong>eam</strong></span> 
     </span>
    </p>

    <p class='ocr_par' dir='ltr' id='par_1_4' title="bbox 137 808 1244 890">
     <span class='ocr_line' id='line_1_6' title="bbox 137 808 1244 890; baseline -0.004 -18"><span class='ocrx_word' id='word_1_46' title='bbox 137 810 232 872; x_wconf 83' lang='lat' dir='ltr'><strong>ullam</strong></span> <span class='ocrx_word' id='word_1_47' title='bbox 243 808 407 889; x_wconf 76' lang='lat' dir='ltr'><strong>sedignum</strong></span> <span class='ocrx_word' id='word_1_48' title='bbox 417 809 627 883; x_wconf 85' lang='lat' dir='ltr'><strong>conditionem,</strong></span> <span class='ocrx_word' id='word_1_49' title='bbox 638 809 677 870; x_wconf 87' lang='lat' dir='ltr'><strong>ob</strong></span> <span class='ocrx_word' id='word_1_50' title='bbox 687 819 852 872; x_wconf 85' lang='lat' dir='ltr'><strong>secuturam</strong></span> <span class='ocrx_word' id='word_1_51' title='bbox 866 808 1006 890; x_wconf 84' lang='lat' dir='ltr'><strong>inopiam,</strong></span> <span class='ocrx_word' id='word_1_52' title='bbox 1021 809 1244 872; x_wconf 75' lang='lat' dir='ltr'><strong>assecuturaml</strong></span> 
     </span>
    </p>

    <p class='ocr_par' dir='ltr' id='par_1_5' title="bbox 141 899 1246 983">
     <span class='ocr_line' id='line_1_7' title="bbox 141 899 1246 983; baseline 0.002 -21"><span class='ocrx_word' id='word_1_53' title='bbox 141 901 215 962; x_wconf 81' lang='lat' dir='ltr'><strong>Non</strong></span> <span class='ocrx_word' id='word_1_54' title='bbox 228 921 346 982; x_wconf 69' lang='lat' dir='ltr'><strong>aequum</strong></span> <span class='ocrx_word' id='word_1_55' title='bbox 357 901 547 983; x_wconf 73' lang='lat' dir='ltr'><strong>estjudices‚</strong></span> <span class='ocrx_word' id='word_1_56' title='bbox 560 899 692 962; x_wconf 85' lang='lat' dir='ltr'><strong>velmilri</strong></span> <span class='ocrx_word' id='word_1_57' title='bbox 700 907 750 978; x_wconf 88' lang='lat' dir='ltr'><strong>jus</strong></span> <span class='ocrx_word' id='word_1_58' title='bbox 765 921 784 962; x_wconf 92' lang='lat' dir='ltr'><strong>a</strong></span> <span class='ocrx_word' id='word_1_59' title='bbox 795 902 879 962; x_wconf 83' lang='lat' dir='ltr'><strong>vobis</strong></span> <span class='ocrx_word' id='word_1_60' title='bbox 891 902 1003 982; x_wconf 69' lang='lat' dir='ltr'><strong>negari,</strong></span> <span class='ocrx_word' id='word_1_61' title='bbox 1015 903 1063 963; x_wconf 77' lang='lat' dir='ltr'><strong>sel</strong></span> <span class='ocrx_word' id='word_1_62' title='bbox 1076 903 1167 966; x_wconf 84' lang='lat' dir='ltr'><strong>istum</strong></span> <span class='ocrx_word' id='word_1_63' title='bbox 1179 913 1246 964; x_wconf 73' lang='lat' dir='ltr'><strong>tn·</strong></span> 
     </span>
    </p>

    <p class='ocr_par' dir='ltr' id='par_1_6' title="bbox 139 993 1244 1076">
     <span class='ocr_line' id='line_1_8' title="bbox 139 993 1244 1076; baseline 0.002 -20"><span class='ocrx_word' id='word_1_64' title='bbox 139 1004 189 1056; x_wconf 82' lang='lat' dir='ltr'><strong>tas</strong></span> <span class='ocrx_word' id='word_1_65' title='bbox 201 1014 273 1076; x_wconf 88' lang='lat' dir='ltr'><strong>opes</strong></span> <span class='ocrx_word' id='word_1_66' title='bbox 285 1015 339 1076; x_wconf 89' lang='lat' dir='ltr'><strong>per</strong></span> <span class='ocrx_word' id='word_1_67' title='bbox 350 995 484 1076; x_wconf 82' lang='lat' dir='ltr'><strong>injuriam</strong></span> <span class='ocrx_word' id='word_1_68' title='bbox 498 995 641 1068; x_wconf 77' lang='lat' dir='ltr'><strong>obtinere.</strong></span> <span class='ocrx_word' id='word_1_69' title='bbox 679 993 809 1055; x_wconf 84' lang='lat' dir='ltr'><strong>&#39;l&#39;ametsi</strong></span> <span class='ocrx_word' id='word_1_70' title='bbox 823 995 902 1054; x_wconf 87' lang='lat' dir='ltr'><strong>enirn</strong></span> <span class='ocrx_word' id='word_1_71' title='bbox 912 995 1043 1056; x_wconf 88' lang='lat' dir='ltr'><strong>nondum</strong></span> <span class='ocrx_word' id='word_1_72' title='bbox 1057 997 1115 1057; x_wconf 88' lang='lat' dir='ltr'><strong>mei</strong></span> <span class='ocrx_word' id='word_1_73' title='bbox 1128 997 1244 1076; x_wconf 85' lang='lat' dir='ltr'><strong>pericu·</strong></span> 
     </span>
    </p>

    <p class='ocr_par' dir='ltr' id='par_1_7' title="bbox 140 1087 1244 1170">
     <span class='ocr_line' id='line_1_9' title="bbox 140 1087 1244 1170; baseline 0.001 -21"><span class='ocrx_word' id='word_1_74' title='bbox 140 1087 204 1149; x_wconf 89' lang='lat' dir='ltr'><strong>lum</strong></span> <span class='ocrx_word' id='word_1_75' title='bbox 217 1087 343 1150; x_wconf 81' lang='lat' dir='ltr'><strong>feceritis</strong></span> <span class='ocrx_word' id='word_1_76' title='bbox 355 1088 451 1170; x_wconf 90' lang='lat' dir='ltr'><strong>qualis</strong></span> <span class='ocrx_word' id='word_1_77' title='bbox 467 1088 522 1150; x_wconf 83' lang='lat' dir='ltr'><strong>sim</strong></span> <span class='ocrx_word' id='word_1_78' title='bbox 533 1107 606 1168; x_wconf 81' lang='lat' dir='ltr'><strong>erga</strong></span> <span class='ocrx_word' id='word_1_79' title='bbox 620 1105 672 1148; x_wconf 87' lang='lat' dir='ltr'><strong>vos</strong></span> <span class='ocrx_word' id='word_1_80' title='bbox 689 1087 816 1161; x_wconf 85' lang='lat' dir='ltr'><strong>futurus,</strong></span> <span class='ocrx_word' id='word_1_81' title='bbox 831 1088 1009 1168; x_wconf 86' lang='lat' dir='ltr'><strong>sperandum</strong></span> <span class='ocrx_word' id='word_1_82' title='bbox 1023 1100 1123 1150; x_wconf 86' lang='lat' dir='ltr'><strong>tamen</strong></span> <span class='ocrx_word' id='word_1_83' title='bbox 1136 1098 1183 1150; x_wconf 90' lang='lat' dir='ltr'><strong>est</strong></span> <span class='ocrx_word' id='word_1_84' title='bbox 1196 1108 1244 1152; x_wconf 91' lang='lat' dir='ltr'><strong>me</strong></span> 
     </span>
    </p>

    <p class='ocr_par' dir='ltr' id='par_1_8' title="bbox 129 1179 1245 1262">
     <span class='ocr_line' id='line_1_10' title="bbox 129 1179 1245 1262; baseline 0.002 -20"><span class='ocrx_word' id='word_1_85' title='bbox 129 1200 203 1248; x_wconf 77' lang='lat' dir='ltr'><strong>¹uon</strong></span> <span class='ocrx_word' id='word_1_86' title='bbox 213 1181 275 1242; x_wconf 80' lang='lat' dir='ltr'><strong>lore</strong></span> <span class='ocrx_word' id='word_1_87' title='bbox 288 1192 370 1262; x_wconf 85' lang='lat' dir='ltr'><strong>patre</strong></span> <span class='ocrx_word' id='word_1_88' title='bbox 384 1180 577 1248; x_wconf 80' lang='lat' dir='ltr'><strong>deteriorem:</strong></span> <span class='ocrx_word' id='word_1_89' title='bbox 589 1179 673 1246; x_wconf 79' lang='lat' dir='ltr'><strong>istius</strong></span> <span class='ocrx_word' id='word_1_90' title='bbox 687 1199 757 1241; x_wconf 83' lang='lat' dir='ltr'><strong>vero</strong></span> <span class='ocrx_word' id='word_1_91' title='bbox 769 1180 899 1244; x_wconf 81' lang='lat' dir='ltr'><strong>animum</strong></span> <span class='ocrx_word' id='word_1_92' title='bbox 911 1179 954 1240; x_wconf 90' lang='lat' dir='ltr'><strong>sic</strong></span> <span class='ocrx_word' id='word_1_93' title='bbox 967 1179 1167 1262; x_wconf 84' lang='lat' dir='ltr'><strong>perspexistis.</strong></span> <span class='ocrx_word' id='word_1_94' title='bbox 1200 1181 1245 1244; x_wconf 89' lang='lat' dir='ltr'><strong>Ut</strong></span> 
     </span>
    </p>

    <p class='ocr_par' dir='ltr' id='par_1_9' title="bbox 140 1271 1247 1355">
     <span class='ocr_line' id='line_1_11' title="bbox 140 1271 1247 1355; baseline 0.002 -17"><span class='ocrx_word' id='word_1_95' title='bbox 140 1285 326 1355; x_wconf 81' lang='lat' dir='ltr'><strong>compertum</strong></span> <span class='ocrx_word' id='word_1_96' title='bbox 343 1273 426 1336; x_wconf 83' lang='lat' dir='ltr'><strong>robis</strong></span> <span class='ocrx_word' id='word_1_97' title='bbox 449 1274 500 1346; x_wconf 85' lang='lat' dir='ltr'><strong>sit,</strong></span> <span class='ocrx_word' id='word_1_98' title='bbox 519 1292 598 1344; x_wconf 86' lang='lat' dir='ltr'><strong>eum,</strong></span> <span class='ocrx_word' id='word_1_99' title='bbox 621 1271 724 1353; x_wconf 86' lang='lat' dir='ltr'><strong>amplis</strong></span> <span class='ocrx_word' id='word_1_100' title='bbox 748 1273 853 1354; x_wconf 87' lang='lat' dir='ltr'><strong>opibus</strong></span> <span class='ocrx_word' id='word_1_101' title='bbox 878 1274 1036 1354; x_wconf 73' lang='lat' dir='ltr'><strong>susceptis,</strong></span> <span class='ocrx_word' id='word_1_102' title='bbox 1061 1274 1136 1338; x_wconf 86' lang='lat' dir='ltr'><strong>adeo</strong></span> <span class='ocrx_word' id='word_1_103' title='bbox 1156 1295 1247 1340; x_wconf 84' lang='lat' dir='ltr'><strong>suum</strong></span> 
     </span>
    </p>

    <p class='ocr_par' dir='ltr' id='par_1_10' title="bbox 141 1365 1245 1449">
     <span class='ocr_line' id='line_1_12' title="bbox 141 1365 1245 1449; baseline 0 -19"><span class='ocrx_word' id='word_1_104' title='bbox 141 1367 283 1430; x_wconf 70' lang='lat' dir='ltr'><strong>madium·</strong></span> <span class='ocrx_word' id='word_1_105' title='bbox 294 1387 365 1448; x_wconf 82' lang='lat' dir='ltr'><strong>erga</strong></span> <span class='ocrx_word' id='word_1_106' title='bbox 378 1385 432 1428; x_wconf 83' lang='lat' dir='ltr'><strong>vas</strong></span> <span class='ocrx_word' id='word_1_107' title='bbox 452 1376 483 1427; x_wconf 91' lang='lat' dir='ltr'><strong>et</strong></span> <span class='ocrx_word' id='word_1_108' title='bbox 496 1365 703 1428; x_wconf 66' lang='lat' dir='ltr'><strong>liberalitatem</strong></span> <span class='ocrx_word' id='word_1_109' title='bbox 722 1385 874 1447; x_wconf 87' lang='lat' dir='ltr'><strong>nunquam</strong></span> <span class='ocrx_word' id='word_1_110' title='bbox 895 1366 1073 1449; x_wconf 81' lang='lat' dir='ltr'><strong>declarasse,</strong></span> <span class='ocrx_word' id='word_1_111' title='bbox 1093 1376 1127 1430; x_wconf 89' lang='lat' dir='ltr'><strong>ut</strong></span> <span class='ocrx_word' id='word_1_112' title='bbox 1147 1369 1245 1430; x_wconf 84' lang='lat' dir='ltr'><strong>aliena</strong></span> 
     </span>
    </p>

    <p class='ocr_par' dir='ltr' id='par_1_11' title="bbox 141 1457 1038 1541">
     <span class='ocr_line' id='line_1_13' title="bbox 141 1457 1038 1541; baseline -0.004 -19"><span class='ocrx_word' id='word_1_113' title='bbox 141 1460 233 1522; x_wconf 87' lang='lat' dir='ltr'><strong>etiarn</strong></span> <span class='ocrx_word' id='word_1_114' title='bbox 247 1459 424 1541; x_wconf 83' lang='lat' dir='ltr'><strong>patrimonia</strong></span> <span class='ocrx_word' id='word_1_115' title='bbox 437 1457 475 1520; x_wconf 90' lang='lat' dir='ltr'><strong>ad</strong></span> <span class='ocrx_word' id='word_1_116' title='bbox 491 1478 523 1518; x_wconf 87' lang='lat' dir='ltr'><strong>se</strong></span> <span class='ocrx_word' id='word_1_117' title='bbox 537 1457 640 1518; x_wconf 87' lang='lat' dir='ltr'><strong>fraude</strong></span> <span class='ocrx_word' id='word_1_118' title='bbox 653 1458 807 1521; x_wconf 70' lang='lat' dir='ltr'><strong>attraxisse</strong></span> <span class='ocrx_word' id='word_1_119' title='bbox 821 1459 1038 1522; x_wconf 76' lang='lat' dir='ltr'><strong>sitcstensum.</strong></span> 
     </span>
    </p>

    <p class='ocr_par' dir='ltr' id='par_1_12' title="bbox 140 1549 1261 2735">
     <span class='ocr_line' id='line_1_14' title="bbox 182 1549 1256 1633; baseline 0.001 -19"><span class='ocrx_word' id='word_1_120' title='bbox 182 1555 212 1614; x_wconf 89' lang='lat'><strong>6.</strong></span> <span class='ocrx_word' id='word_1_121' title='bbox 233 1553 309 1614; x_wconf 84' lang='lat' dir='ltr'><strong>Hoec</strong></span> <span class='ocrx_word' id='word_1_122' title='bbox 332 1552 421 1633; x_wconf 84' lang='lat' dir='ltr'><strong>igitur</strong></span> <span class='ocrx_word' id='word_1_123' title='bbox 440 1549 663 1622; x_wconf 61' lang='lat' dir='ltr'><strong>considerantes</strong></span> <span class='ocrx_word' id='word_1_124' title='bbox 677 1561 845 1632; x_wconf 74' lang='lat' dir='ltr'><strong>cutemque</strong></span> <span class='ocrx_word' id='word_1_125' title='bbox 864 1552 1022 1626; x_wconf 88' lang='lat' dir='ltr'><strong>recordati,</strong></span> <span class='ocrx_word' id='word_1_126' title='bbox 1038 1551 1115 1614; x_wconf 86' lang='lat' dir='ltr'><strong>sicut</strong></span> <span class='ocrx_word' id='word_1_127' title='bbox 1128 1553 1256 1631; x_wconf 63' lang='lat' dir='ltr'><strong>justitia,</strong></span> 
     </span>
     <span class='ocr_line' id='line_1_15' title="bbox 140 1641 1243 1727; baseline 0 -21"><span class='ocrx_word' id='word_1_128' title='bbox 140 1644 283 1727; x_wconf 85' lang='lat' dir='ltr'><strong>postulat,</strong></span> <span class='ocrx_word' id='word_1_129' title='bbox 302 1646 345 1706; x_wconf 85' lang='lat' dir='ltr'><strong>ita</strong></span> <span class='ocrx_word' id='word_1_130' title='bbox 361 1644 521 1706; x_wconf 81' lang='lat' dir='ltr'><strong>decernite.</strong></span> <span class='ocrx_word' id='word_1_131' title='bbox 556 1644 612 1704; x_wconf 90' lang='lat' dir='ltr'><strong>Est</strong></span> <span class='ocrx_word' id='word_1_132' title='bbox 625 1652 724 1706; x_wconf 83' lang='lat' dir='ltr'><strong>autem</strong></span> <span class='ocrx_word' id='word_1_133' title='bbox 737 1641 821 1706; x_wconf 86' lang='lat' dir='ltr'><strong>vobis</strong></span> <span class='ocrx_word' id='word_1_134' title='bbox 842 1645 916 1705; x_wconf 89' lang='lat' dir='ltr'><strong>tides</strong></span> <span class='ocrx_word' id='word_1_135' title='bbox 936 1644 1054 1706; x_wconf 82' lang='lat' dir='ltr'><strong>abunde</strong></span> <span class='ocrx_word' id='word_1_136' title='bbox 1067 1645 1148 1708; x_wconf 86' lang='lat' dir='ltr'><strong>facta</strong></span> <span class='ocrx_word' id='word_1_137' title='bbox 1159 1647 1243 1708; x_wconf 84' lang='lat' dir='ltr'><strong>testi·</strong></span> 
     </span>
     <span class='ocr_line' id='line_1_16' title="bbox 140 1735 1243 1820; baseline 0.003 -22"><span class='ocrx_word' id='word_1_138' title='bbox 140 1739 208 1813; x_wconf 90' lang='lat' dir='ltr'><strong>bus,</strong></span> <span class='ocrx_word' id='word_1_139' title='bbox 226 1737 418 1820; x_wconf 74' lang='lat' dir='ltr'><strong>argumentis,</strong></span> <span class='ocrx_word' id='word_1_140' title='bbox 431 1737 619 1812; x_wconf 77' lang='lat' dir='ltr'><strong>conjecturis,</strong></span> <span class='ocrx_word' id='word_1_141' title='bbox 635 1735 761 1805; x_wconf 71' lang='lat' dir='ltr'><strong>interm</strong></span> <span class='ocrx_word' id='word_1_142' title='bbox 771 1737 867 1799; x_wconf 83' lang='lat' dir='ltr'><strong>verbis</strong></span> <span class='ocrx_word' id='word_1_143' title='bbox 888 1736 940 1816; x_wconf 81' lang='lat' dir='ltr'><strong>qui</strong></span> <span class='ocrx_word' id='word_1_144' title='bbox 961 1757 1029 1798; x_wconf 88' lang='lat' dir='ltr'><strong>mea</strong></span> <span class='ocrx_word' id='word_1_145' title='bbox 1048 1756 1080 1798; x_wconf 89' lang='lat' dir='ltr'><strong>se</strong></span> <span class='ocrx_word' id='word_1_146' title='bbox 1091 1739 1243 1819; x_wconf 81' lang='lat' dir='ltr'><strong>accepisse</strong></span> 
     </span>
     <span class='ocr_line' id='line_1_17' title="bbox 141 1829 1243 1922; baseline 0.001 -31"><span class='ocrx_word' id='word_1_147' title='bbox 141 1831 279 1894; x_wconf 83' lang='lat' dir='ltr'><strong>universa</strong></span> <span class='ocrx_word' id='word_1_148' title='bbox 297 1831 485 1892; x_wconf 85' lang='lat' dir='ltr'><strong>confitentur.</strong></span> <span class='ocrx_word' id='word_1_149' title='bbox 515 1830 642 1910; x_wconf 16' lang='lat' dir='ltr'><strong>Euhuero</strong></span> <span class='ocrx_word' id='word_1_150' title='bbox 656 1849 785 1922; x_wconf 83' lang='lat' dir='ltr'><strong>expensa</strong></span> <span class='ocrx_word' id='word_1_151' title='bbox 798 1829 869 1892; x_wconf 90' lang='lat' dir='ltr'><strong>mibi</strong></span> <span class='ocrx_word' id='word_1_152' title='bbox 882 1829 993 1903; x_wconf 81' lang='lat' dir='ltr'><strong>lerunt,</strong></span> <span class='ocrx_word' id='word_1_153' title='bbox 1008 1849 1084 1889; x_wconf 86' lang='lat' dir='ltr'><strong>cum</strong></span> <span class='ocrx_word' id='word_1_154' title='bbox 1102 1829 1174 1890; x_wconf 89' lang='lat' dir='ltr'><strong>nihil</strong></span> <span class='ocrx_word' id='word_1_155' title='bbox 1192 1851 1243 1892; x_wconf 86' lang='lat' dir='ltr'><strong>ex-</strong></span> 
     </span>
     <span class='ocr_line' id='line_1_18' title="bbox 140 1921 1243 2006; baseline 0 -22"><span class='ocrx_word' id='word_1_156' title='bbox 140 1923 308 2006; x_wconf 74' lang='lat' dir='ltr'><strong>penderint,</strong></span> <span class='ocrx_word' id='word_1_157' title='bbox 322 1923 378 1984; x_wconf 82' lang='lat' dir='ltr'><strong>scd</strong></span> <span class='ocrx_word' id='word_1_158' title='bbox 391 1922 450 2003; x_wconf 89' lang='lat' dir='ltr'><strong>ipsi</strong></span> <span class='ocrx_word' id='word_1_159' title='bbox 463 1923 561 1982; x_wconf 87' lang='lat' dir='ltr'><strong>omnia</strong></span> <span class='ocrx_word' id='word_1_160' title='bbox 570 1921 732 1986; x_wconf 84' lang='lat' dir='ltr'><strong>detineant.</strong></span> <span class='ocrx_word' id='word_1_161' title='bbox 754 1923 831 1982; x_wconf 73' lang='lat' dir='ltr'><strong>Haec</strong></span> <span class='ocrx_word' id='word_1_162' title='bbox 841 1923 931 2002; x_wconf 78' lang='lat' dir='ltr'><strong>igitur</strong></span> <span class='ocrx_word' id='word_1_163' title='bbox 938 1921 1153 1984; x_wconf 85' lang='lat' dir='ltr'><strong>consideranda</strong></span> <span class='ocrx_word' id='word_1_164' title='bbox 1161 1924 1243 1985; x_wconf 87' lang='lat' dir='ltr'><strong>vobis</strong></span> 
     </span>
     <span class='ocr_line' id='line_1_19' title="bbox 141 2013 1242 2102; baseline -0.002 -24"><span class='ocrx_word' id='word_1_165' title='bbox 141 2027 224 2090; x_wconf 85' lang='lat' dir='ltr'><strong>sunt,</strong></span> <span class='ocrx_word' id='word_1_166' title='bbox 241 2028 273 2076; x_wconf 89' lang='lat' dir='ltr'><strong>et</strong></span> <span class='ocrx_word' id='word_1_167' title='bbox 285 2015 386 2102; x_wconf 87' lang='lat' dir='ltr'><strong>aliqua</strong></span> <span class='ocrx_word' id='word_1_168' title='bbox 398 2014 491 2076; x_wconf 81' lang='lat' dir='ltr'><strong>nostri</strong></span> <span class='ocrx_word' id='word_1_169' title='bbox 503 2014 640 2080; x_wconf 85' lang='lat' dir='ltr'><strong>bebenda</strong></span> <span class='ocrx_word' id='word_1_170' title='bbox 649 2014 741 2082; x_wconf 89' lang='lat' dir='ltr'><strong>ratio;</strong></span> <span class='ocrx_word' id='word_1_171' title='bbox 758 2013 921 2093; x_wconf 81' lang='lat' dir='ltr'><strong>intelligitis</strong></span> <span class='ocrx_word' id='word_1_172' title='bbox 940 2014 1028 2086; x_wconf 88' lang='lat' dir='ltr'><strong>enim,</strong></span> <span class='ocrx_word' id='word_1_173' title='bbox 1042 2033 1090 2075; x_wconf 91' lang='lat' dir='ltr'><strong>me</strong></span> <span class='ocrx_word' id='word_1_174' title='bbox 1103 2015 1242 2094; x_wconf 89' lang='lat' dir='ltr'><strong>patrimo-</strong></span> 
     </span>
     <span class='ocr_line' id='line_1_20' title="bbox 141 2103 1243 2189; baseline 0.001 -21"><span class='ocrx_word' id='word_1_175' title='bbox 141 2108 194 2169; x_wconf 90' lang='lat' dir='ltr'><strong>nio</strong></span> <span class='ocrx_word' id='word_1_176' title='bbox 214 2127 335 2189; x_wconf 83' lang='lat' dir='ltr'><strong>perros</strong></span> <span class='ocrx_word' id='word_1_177' title='bbox 354 2115 535 2188; x_wconf 83' lang='lat' dir='ltr'><strong>recuperate,</strong></span> <span class='ocrx_word' id='word_1_178' title='bbox 558 2103 595 2167; x_wconf 87' lang='lat' dir='ltr'><strong>err</strong></span> <span class='ocrx_word' id='word_1_179' title='bbox 615 2106 723 2179; x_wconf 83' lang='lat' dir='ltr'><strong>officio,</strong></span> <span class='ocrx_word' id='word_1_180' title='bbox 738 2115 769 2166; x_wconf 88' lang='lat' dir='ltr'><strong>et</strong></span> <span class='ocrx_word' id='word_1_181' title='bbox 782 2105 859 2185; x_wconf 78' lang='lat' dir='ltr'><strong>grati</strong></span> <span class='ocrx_word' id='word_1_182' title='bbox 872 2105 960 2166; x_wconf 86' lang='lat' dir='ltr'><strong>animi</strong></span> <span class='ocrx_word' id='word_1_183' title='bbox 979 2125 1061 2185; x_wconf 83' lang='lat' dir='ltr'><strong>erga,</strong></span> <span class='ocrx_word' id='word_1_184' title='bbox 1074 2107 1243 2188; x_wconf 69' lang='lat' dir='ltr'><strong>reipublicae</strong></span> 
     </span>
     <span class='ocr_line' id='line_1_21' title="bbox 141 2197 1243 2278; baseline -0.002 -14"><span class='ocrx_word' id='word_1_185' title='bbox 141 2221 265 2264; x_wconf 88' lang='lat' dir='ltr'><strong>munera</strong></span> <span class='ocrx_word' id='word_1_186' title='bbox 274 2201 399 2265; x_wconf 86' lang='lat' dir='ltr'><strong>libenter</strong></span> <span class='ocrx_word' id='word_1_187' title='bbox 410 2197 570 2274; x_wconf 61' lang='lat' dir='ltr'><strong>obiturum,⁴</strong></span> <span class='ocrx_word' id='word_1_188' title='bbox 578 2199 659 2278; x_wconf 86' lang='lat' dir='ltr'><strong>quod</strong></span> <span class='ocrx_word' id='word_1_189' title='bbox 673 2219 754 2260; x_wconf 84' lang='lat' dir='ltr'><strong>meas</strong></span> <span class='ocrx_word' id='word_1_190' title='bbox 769 2198 840 2258; x_wconf 88' lang='lat' dir='ltr'><strong>mihi</strong></span> <span class='ocrx_word' id='word_1_191' title='bbox 853 2198 1011 2259; x_wconf 76' lang='lat' dir='ltr'><strong>facultates</strong></span> <span class='ocrx_word' id='word_1_192' title='bbox 1017 2198 1243 2278; x_wconf 83' lang='lat' dir='ltr'><strong>juaterestitue·</strong></span> 
     </span>
     <span class='ocr_line' id='line_1_22' title="bbox 141 2290 1261 2373; baseline -0.001 -16"><span class='ocrx_word' id='word_1_193' title='bbox 141 2293 229 2364; x_wconf 70' lang='lat' dir='ltr'><strong>titini</strong></span> <span class='ocrx_word' id='word_1_194' title='bbox 245 2295 303 2355; x_wconf 87' lang='lat' dir='ltr'><strong>iste</strong></span> <span class='ocrx_word' id='word_1_195' title='bbox 316 2302 425 2368; x_wconf 88' lang='lat' dir='ltr'><strong>autem,</strong></span> <span class='ocrx_word' id='word_1_196' title='bbox 438 2294 463 2354; x_wconf 87' lang='lat' dir='ltr'><strong>si</strong></span> <span class='ocrx_word' id='word_1_197' title='bbox 476 2292 503 2355; x_wconf 88' lang='lat' dir='ltr'><strong>ei</strong></span> <span class='ocrx_word' id='word_1_198' title='bbox 514 2313 582 2372; x_wconf 72' lang='lat' dir='ltr'><strong>qum</strong></span> <span class='ocrx_word' id='word_1_199' title='bbox 595 2311 662 2354; x_wconf 88' lang='lat' dir='ltr'><strong>mea</strong></span> <span class='ocrx_word' id='word_1_200' title='bbox 682 2301 752 2353; x_wconf 84' lang='lat' dir='ltr'><strong>sunt</strong></span> <span class='ocrx_word' id='word_1_201' title='bbox 764 2290 942 2373; x_wconf 85' lang='lat' dir='ltr'><strong>possidenda</strong></span> <span class='ocrx_word' id='word_1_202' title='bbox 959 2291 1150 2365; x_wconf 76' lang='lat' dir='ltr'><strong>tradideritis,</strong></span> <span class='ocrx_word' id='word_1_203' title='bbox 1170 2295 1243 2356; x_wconf 88' lang='lat' dir='ltr'><strong>nibil</strong></span> <span class='ocrx_word' id='word_1_204' title='bbox 1256 2353 1261 2364; x_wconf 61' lang='lat'>„</span> 
     </span>
     <span class='ocr_line' id='line_1_23' title="bbox 141 2384 1243 2467; baseline -0.003 -17"><span class='ocrx_word' id='word_1_205' title='bbox 141 2389 247 2450; x_wconf 87' lang='lat' dir='ltr'><strong>horum</strong></span> <span class='ocrx_word' id='word_1_206' title='bbox 255 2397 301 2448; x_wconf 88' lang='lat' dir='ltr'><strong>est</strong></span> <span class='ocrx_word' id='word_1_207' title='bbox 313 2387 457 2448; x_wconf 84' lang='lat' dir='ltr'><strong>facturus.</strong></span> <span class='ocrx_word' id='word_1_208' title='bbox 498 2385 563 2446; x_wconf 87' lang='lat' dir='ltr'><strong>Nec</strong></span> <span class='ocrx_word' id='word_1_209' title='bbox 576 2386 653 2446; x_wconf 89' lang='lat' dir='ltr'><strong>enim</strong></span> <span class='ocrx_word' id='word_1_210' title='bbox 667 2394 770 2467; x_wconf 86' lang='lat' dir='ltr'><strong>putare</strong></span> <span class='ocrx_word' id='word_1_211' title='bbox 782 2385 908 2460; x_wconf 89' lang='lat' dir='ltr'><strong>debetis,</strong></span> <span class='ocrx_word' id='word_1_212' title='bbox 920 2384 981 2445; x_wconf 82' lang='lat' dir='ltr'><strong>lore</strong></span> <span class='ocrx_word' id='word_1_213' title='bbox 991 2393 1026 2444; x_wconf 90' lang='lat' dir='ltr'><strong>ut</strong></span> <span class='ocrx_word' id='word_1_214' title='bbox 1038 2385 1195 2466; x_wconf 88' lang='lat' dir='ltr'><strong>quicquam</strong></span> <span class='ocrx_word' id='word_1_215' title='bbox 1203 2387 1243 2448; x_wconf 93' lang='lat' dir='ltr'><strong>de</strong></span> 
     </span>
     <span class='ocr_line' id='line_1_24' title="bbox 141 2476 1242 2562; baseline -0.004 -20"><span class='ocrx_word' id='word_1_216' title='bbox 141 2483 177 2542; x_wconf 90' lang='lat' dir='ltr'><strong>iis</strong></span> <span class='ocrx_word' id='word_1_217' title='bbox 191 2482 296 2562; x_wconf 89' lang='lat' dir='ltr'><strong>opibus</strong></span> <span class='ocrx_word' id='word_1_218' title='bbox 309 2479 339 2542; x_wconf 85' lang='lat' dir='ltr'><strong>in</strong></span> <span class='ocrx_word' id='word_1_219' title='bbox 352 2477 562 2560; x_wconf 87' lang='lat' dir='ltr'><strong>rempublicam</strong></span> <span class='ocrx_word' id='word_1_220' title='bbox 576 2477 715 2540; x_wconf 90' lang='lat' dir='ltr'><strong>collatum</strong></span> <span class='ocrx_word' id='word_1_221' title='bbox 731 2478 811 2551; x_wconf 83' lang='lat' dir='ltr'><strong>velit,</strong></span> <span class='ocrx_word' id='word_1_222' title='bbox 825 2497 897 2557; x_wconf 86' lang='lat' dir='ltr'><strong>quas</strong></span> <span class='ocrx_word' id='word_1_223' title='bbox 914 2476 1063 2556; x_wconf 81' lang='lat' dir='ltr'><strong>accepisse</strong></span> <span class='ocrx_word' id='word_1_224' title='bbox 1078 2497 1110 2538; x_wconf 86' lang='lat' dir='ltr'><strong>se</strong></span> <span class='ocrx_word' id='word_1_225' title='bbox 1128 2478 1178 2539; x_wconf 86' lang='lat' dir='ltr'><strong>ivit</strong></span> <span class='ocrx_word' id='word_1_226' title='bbox 1196 2480 1242 2538; x_wconf 87' lang='lat' dir='ltr'><strong>in·</strong></span> 
     </span>
     <span class='ocr_line' id='line_1_25' title="bbox 141 2569 1242 2654; baseline -0.004 -18"><span class='ocrx_word' id='word_1_227' title='bbox 141 2575 242 2636; x_wconf 74' lang='lat' dir='ltr'><strong>finias:</strong></span> <span class='ocrx_word' id='word_1_228' title='bbox 264 2573 318 2635; x_wconf 83' lang='lat' dir='ltr'><strong>sed</strong></span> <span class='ocrx_word' id='word_1_229' title='bbox 340 2573 438 2654; x_wconf 80' lang='lat' dir='ltr'><strong>patim</strong></span> <span class='ocrx_word' id='word_1_230' title='bbox 462 2571 610 2650; x_wconf 69' lang='lat' dir='ltr'><strong>occultare</strong></span> <span class='ocrx_word' id='word_1_231' title='bbox 632 2571 782 2646; x_wconf 70' lang='lat' dir='ltr'><strong>studebit·</strong></span> <span class='ocrx_word' id='word_1_232' title='bbox 796 2580 831 2632; x_wconf 90' lang='lat' dir='ltr'><strong>ut</strong></span> <span class='ocrx_word' id='word_1_233' title='bbox 846 2570 914 2651; x_wconf 81' lang='lat' dir='ltr'><strong>jure</strong></span> <span class='ocrx_word' id='word_1_234' title='bbox 935 2569 1090 2634; x_wconf 82' lang='lat' dir='ltr'><strong>absolutus</strong></span> <span class='ocrx_word' id='word_1_235' title='bbox 1113 2581 1178 2634; x_wconf 81' lang='lat' dir='ltr'><strong>esse</strong></span> <span class='ocrx_word' id='word_1_236' title='bbox 1198 2571 1242 2634; x_wconf 82' lang='lat' dir='ltr'><strong>vi-</strong></span> 
     </span>
     <span class='ocr_line' id='line_1_26' title="bbox 141 2666 1245 2735; baseline 0 -6"><span class='ocrx_word' id='word_1_237' title='bbox 141 2666 352 2730; x_wconf 63' lang='lat' dir='ltr'><strong>fflatur....</strong></span> <span class='ocrx_word' id='word_1_238' title='bbox 644 2721 647 2728; x_wconf 87' lang='lat'>.</span> <span class='ocrx_word' id='word_1_239' title='bbox 723 2717 736 2728; x_wconf 90' lang='lat'><strong>..</strong></span> <span class='ocrx_word' id='word_1_240' title='bbox 997 2705 999 2712; x_wconf 64' lang='lat'>‹</span> <span class='ocrx_word' id='word_1_241' title='bbox 1139 2707 1160 2735; x_wconf 50' lang='grc' dir='ltr'><strong>ι,</strong></span> <span class='ocrx_word' id='word_1_242' title='bbox 1242 2698 1245 2707; x_wconf 79' lang='lat'>=</span> 
     </span>
    </p>
   </div>
   <div class='ocr_carea' id='block_1_3' title="bbox 0 0 1463 4946">
    <p class='ocr_par' dir='ltr' id='par_1_13' title="bbox 0 0 1463 4946">
     <span class='ocr_line' id='line_1_27' title="bbox 0 0 1463 4946; baseline 0 0"><span class='ocrx_word' id='word_1_243' title='bbox 0 0 1463 4946; x_wconf 95' lang='lat' dir='ltr'><strong> </strong></span> 
     </span>
    </p>
   </div>
  </div>
 </body>
</html>
