2886 4946
316 594 476 656 LlBANlI
496 592 861 653 ARGUMENTUM'IN
882 590 1129 653 ORATIONEM
1152 585 1210 648 DE

501 699 735 759 REPUBLICA
757 698 1025 759 ORDINANDA.

248 884 353 930 Ouarro
362 882 411 928 bueo
422 896 467 928 uon
476 885 525 942 jam
535 879 669 942 Philippioa
680 886 726 938 eut,
744 881 786 928 ted
803 879 910 928 annona
920 877 1071 939 uimpboitur:
1089 889 1141 923 uam
1152 887 1224 937 qaam
1235 873 1312 922 aue-

214 959 306 1008 uieuuet
324 960 355 1006 de
370 958 476 1006 theatrali
494 958 594 1020 peoauiu
610 958 759 1006 deliberaturi
777 958 949 1013 oonreuiaueul,
965 970 1103 1018 progreauue
1114 955 1138 1000 in
1148 953 1250 1002 medium
1260 953 1312 1000 Do·

214 1039 345 1086 moatbeueu
356 1040 446 1094 suadet,
455 1045 481 1086 ut
489 1037 553 1084 eires
565 1038 588 1085 iu
601 1038 686 1086 ulmea
701 1036 868 1084 distribuantur
879 1043 903 1082 et
917 1034 1037 1082 militando
1056 1039 1125 1094 atque
1143 1029 1257 1092 perieulis
1266 1043 1312 1090 pru

215 1117 288 1162 salute
300 1115 398 1162 Graeeiae
408 1114 535 1162 subeundis
547 1122 649 1162 ueterem
667 1113 803 1176 dignitatern
821 1124 969 1174 reouperent,
980 1109 1085 1157 ostendit
1093 1109 1171 1164 etiam,
1181 1107 1206 1154 iu
1218 1121 1314 1168 eompa-

214 1192 303 1239 ratione
313 1198 387 1239 utatur
397 1189 518 1254 prreueutiu
529 1206 581 1238 oum
594 1181 683 1246 uetere,
699 1196 809 1251 quantum
825 1203 838 1235 u
858 1187 945 1236 uirtute
963 1195 987 1234 et
998 1185 1139 1234 excellentia
1149 1185 1262 1247 majorum
1271 1183 1313 1230 de·

216 1269 355 1332 generarint.

515 1490 1013 1526 ρι--ι-τ--ι--ι-ιιῲῖ

545 1717 984 1805 DEMOSTHENIS

347 1943 421 2018 uu
464 1941 802 2018 nuruuurou
845 1899 1205 2018 ounruuunn

669 2146 865 2214 ORATIO.

174 2419 176 2424 Ι
241 2346 362 2431 ,1.’Βκ
382 2347 439 2406 hac
459 2347 583 2427 pecunia
602 2357 633 2406 et
653 2347 689 2407 iis
714 2347 858 2408 derebus
879 2356 998 2428 propter
1019 2365 1094 2426 quaa
1116 2346 1185 2406 haeo
1205 2346 1320 2408 indicta

218 2441 322 2500 concio
336 2449 391 2512 eet,
406 2449 552 2513 neutrum,
572 2439 781 2513 Athenienses,
795 2440 912 2500 difficile
925 2439 994 2500 mihi
1007 2441 1089 2500 fautu
1102 2457 1169 2500 erae
1185 2439 1320 2536 uidetur,

217 2533 264 2592 vel
283 2533 442 2611 objurgatis
461 2533 518 2591 illis
540 2533 589 2610 qui
608 2532 726 2611 publica
745 2532 923 2593 distribuunt
944 2543 976 2592 et
996 2533 1172 2613 largiuntur,
1196 2532 1320 2593 laudem

220 2625 299 2703 apud
318 2643 369 2683 eos
387 2624 516 2684 inuenire
540 2626 589 2703 qui
609 2625 819 2704 rempublicam
837 2643 889 2705 per
907 2626 971 2685 lime
990 2624 1060 2684 lodi
1081 2625 1218 2698 eredunt,
1230 2625 1321 2685 velui
1435 2627 1436 2644 l

220 2715 361 2796 uudmger
386 2717 441 2776 illie
467 2725 498 2776 et
522 2715 620 2775 horter
642 2717 680 2777 ud
704 2717 916 2799 accipiendum,
938 2718 975 2777 iit
999 2728 1114 2796 gratum
1140 2719 1241 2780 secere
1269 2719 1321 2798 qui

220 2827 328 2886 magua
340 2807 440 2888 inopia
461 2818 648 2890 premuntur:
670 2810 765 2869 neutri
777 2812 864 2884 enim,
884 2809 1004 2890 publico
1024 2811 1103 2869 bono
1121 2810 1322 2883 considerato,
1434 2829 1435 2853 ¹

221 2902 369 2980 negotium
392 2902 449 2960 hoo
472 2901 519 2961 vel
540 2903 668 2979 probant
693 2903 740 2961 rol
757 2903 935 2982 improbent,
957 2903 1011 2963 sed
1035 2913 1122 2982 prout
1138 2901 1252 2982 quique
1276 2903 1322 2965 rel
1433 2943 1434 2962 r

220 3004 309 3074 egent
320 2994 368 3053 rel
382 2993 486 3075 opibus
496 2994 657 3055 abundant.
700 2995 766 3073 Ego
775 3015 844 3056 vero
863 3005 959 3056 utrum
979 2993 1185 3074 accipiendam
1199 2996 1240 3055 eit
1253 3015 1322 3056 nee-

220 3107 268 3159 ue,
281 3107 376 3166 neque
389 3087 420 3145 id
434 3088 565 3148 suadebo
579 3107 673 3167 neque
687 3088 885 3149 dissuadebo:
907 3105 1014 3148 monuo
1026 3088 1122 3148 solum
1135 3097 1172 3146 ut
1184 3087 1322 3167 cogitetis

220 3191 251 3241 et
263 3182 319 3260 ipsi
330 3182 482 3241 vobiscum
496 3182 685 3254 meditemini,
701 3191 852 3260 argentam
865 3182 922 3241 hoc
933 3181 972 3242 de
984 3201 1044 3262 quo
1054 3181 1223 3242 deliberatis
1237 3181 1322 3249 lever

219 3273 472 3345 cousuetudinem,
483 3293 572 3352 quam
585 3275 709 3348 inducit,
720 3291 785 3333 esse
794 3290 921 3352 gravem.
958 3274 1049 3343 Quod
1064 3275 1090 3334 si
1103 3293 1170 3334 eam
1179 3274 1323 3334 rationem
1431 3265 1432 3280 ἶ

139 3399 144 3407 ·
220 3363 351 3436 inieritis,
361 3374 395 3423 ut
407 3368 457 3443 qui
470 3365 597 3426 officium
612 3386 693 3426 suurn
709 3365 830 3438 laniunt,
845 3367 865 3425 ii
880 3367 968 3426 etiam
982 3357 1138 3446 accipient,
1152 3383 1216 3426 non
1227 3367 1323 3426 solum

221 3473 282 3515 nou
296 3455 420 3527 leedotis,
433 3459 487 3517 sed
507 3459 701 3540 maximopere
717 3459 857 3538 juvabitis
871 3467 935 3517 tum
954 3459 1244 3538 rempublicamtum
1258 3477 1325 3518 ron-

223 3541 379 3626 mbopsorz
401 3549 447 3607 uin
467 3549 506 3608 ad
520 3551 722 3630 accipiendum
744 3559 774 3612 ot
795 3551 904 3610 festum
928 3560 959 3610 et
981 3567 1073 3611 cauta
1091 3550 1235 3628 quelibet
1255 3552 1327 3611 eatis

222 3639 286 3711 erit,
303 3639 340 3698 de
354 3640 400 3700 his
415 3651 513 3700 autem
527 3661 594 3721 qum
614 3657 757 3722 preterea
769 3643 904 3706 feriende
918 3643 977 3703 sint
991 3663 1031 3704 ue
1040 3643 1327 3723 oradonee'quidem
1357 3659 1359 3664 ’

224 3731 656 3813 audirevolueriur,·provideoe
670 3749 706 3796 n‘e
720 3737 876 3806 fortemne,
891 3733 983 3796 iubis
996 3728 1063 3818 qum
1076 3754 1158 3798 nuuc
1170 3749 1253 3800 recte
1265 3737 1328 3797 lieri

223 3820 1046 3907 censoria·aliquunduvuhementermaiseJuuicetie-.1··
1112 3821 1131 3874 ἶ
1170 3857 1174 3869 ·
1198 3842 1223 3854 ’“

267 3917 304 3971 2.·
318 3917 386 3995 Ego
397 3929 495 3978 autem
506 3929 642 3997 oportere
654 3939 854 3992 oensem—ne
865 3939 944 3981 vero
951 3930 1072 4002 propter
1090 3923 1122 3982 id
1136 3913 1220 4002 qnod
1229 3921 1329 3983 dicam

227 4003 389 4082 obturbate,
404 4011 457 4069 sed
481 4031 512 4070 re
534 4011 634 4070 audite
643 4013 824 4091 judicate—‚
834 4014 1086 4092 quemadmodum
1100 4016 1139 4075 de
1153 4016 1330 4096 accipiendo

229 4095 398 4156 concionem
411 4102 578 4177 indiximus,
592 4105 635 4163 eic
648 4105 735 4164 etiam
750 4106 787 4166 de
801 4106 983 4166 ordinatione
995 4107 1166 4187 reipubliooe
1187 4117 1219 4168 et
1239 4126 1330 4186 eppa-

230 4193 293 4242 retu
303 4185 406 4246 bellico
419 4191 507 4252 indici
519 4196 699 4270 concionem,
715 4206 745 4256 et
758 4198 890 4277 singulos
902 4217 964 4258 non
978 4199 1068 4259 modo
1082 4200 1122 4259 ad
1134 4199 1201 4260 brec
1218 4207 1333 4258 attente

209 4315 211 4322 ,
231 4274 388 4350 audienda,
401 4281 551 4344 sedetiam
565 4289 604 4346 ad
614 4289 748 4349 alacriter
761 4291 953 4369 exsequenda
962 4305 1117 4373 promptos
1128 4313 1196 4353 osee
1205 4292 1333 4352 debere:

231 4376 274 4438 ut,
295 4387 314 4428 0
335 4369 536 4449 Athenienses,
553 4397 633 4457 spem
656 4380 781 4444 formum
802 4381 929 4445 melioris
944 4383 976 4446 iu
989 4385 1074 4447 vobis
1095 4386 1170 4467 ipsiu
1183 4385 1332 4458 babeatis,
