<?xml version="1.0" encoding="UTF-8"?>
<!DOCTYPE html PUBLIC "-//W3C//DTD XHTML 1.0 Transitional//EN"
    "http://www.w3.org/TR/xhtml1/DTD/xhtml1-transitional.dtd">
<html xmlns="http://www.w3.org/1999/xhtml" xml:lang="en" lang="en">
 <head>
  <title>
</title>
<meta http-equiv="Content-Type" content="text/html;charset=utf-8" />
  <meta name='ocr-system' content='tesseract 3.04.00' />
  <meta name='ocr-capabilities' content='ocr_page ocr_carea ocr_par ocr_line ocrx_word'/>
</head>
<body>
  <div class='ocr_page' id='page_1' title='image "./demosthenisetsc08ulpigoog/demosthenisetsc08ulpigoog_0182.png"; bbox 0 0 2886 4946; ppageno 0'>
   <div class='ocr_carea' id='block_1_1' title="bbox 513 231 1215 343">
    <p class='ocr_par' dir='ltr' id='par_1_1' title="bbox 513 231 1215 343">
     <span class='ocr_line' id='line_1_1' title="bbox 513 231 1215 343; baseline 0.009 -45"><span class='ocrx_word' id='word_1_1' title='bbox 513 231 811 314; x_wconf 67' lang='lat' dir='ltr'>„uaooaoua</span> <span class='ocrx_word' id='word_1_2' title='bbox 914 331 917 343; x_wconf 21' lang='grc' dir='ltr'>ι</span> <span class='ocrx_word' id='word_1_3' title='bbox 958 273 963 282; x_wconf 89' lang='grc'>-</span> <span class='ocrx_word' id='word_1_4' title='bbox 1163 244 1215 306; x_wconf 82' lang='lat' dir='ltr'>mr</span> 
     </span>
    </p>
   </div>
   <div class='ocr_carea' id='block_1_2' title="bbox 16 359 1220 658">
    <p class='ocr_par' dir='ltr' id='par_1_2' title="bbox 16 359 1220 658">
     <span class='ocr_line' id='line_1_2' title="bbox 16 359 1220 476; baseline 0.006 -25"><span class='ocrx_word' id='word_1_5' title='bbox 16 359 17 400; x_wconf 28' lang='grc' dir='ltr'>ἶ</span> <span class='ocrx_word' id='word_1_6' title='bbox 124 394 266 471; x_wconf 74' lang='lat' dir='ltr'>opudlllus</span> <span class='ocrx_word' id='word_1_7' title='bbox 278 395 464 470; x_wconf 78' lang='lat' dir='ltr'>comparando</span> <span class='ocrx_word' id='word_1_8' title='bbox 478 394 646 454; x_wconf 80' lang='lat' dir='ltr'>administer</span> <span class='ocrx_word' id='word_1_9' title='bbox 661 405 748 475; x_wconf 88' lang='lat' dir='ltr'>atque</span> <span class='ocrx_word' id='word_1_10' title='bbox 757 395 881 476; x_wconf 74' lang='lat' dir='ltr'>adjutor,</span> <span class='ocrx_word' id='word_1_11' title='bbox 890 395 939 474; x_wconf 93' lang='lat' dir='ltr'>qui</span> <span class='ocrx_word' id='word_1_12' title='bbox 951 392 1023 456; x_wconf 78' lang='lat' dir='ltr'>falsa</span> <span class='ocrx_word' id='word_1_13' title='bbox 1032 397 1096 456; x_wconf 78' lang='lat' dir='ltr'>haec</span> <span class='ocrx_word' id='word_1_14' title='bbox 1110 381 1220 458; x_wconf 66' lang='lat' dir='ltr'>aiii:</span> 
     </span>
     <span class='ocr_line' id='line_1_3' title="bbox 123 485 1217 572; baseline 0.002 -26"><span class='ocrx_word' id='word_1_15' title='bbox 123 487 248 546; x_wconf 82' lang='lat' dir='ltr'>tiavitet</span> <span class='ocrx_word' id='word_1_16' title='bbox 257 485 359 546; x_wconf 78' lang='lat' dir='ltr'>fucum</span> <span class='ocrx_word' id='word_1_17' title='bbox 370 487 455 546; x_wconf 77' lang='lat' dir='ltr'>vobis</span> <span class='ocrx_word' id='word_1_18' title='bbox 470 487 548 557; x_wconf 82' lang='lat' dir='ltr'>t&#39;ecit,</span> <span class='ocrx_word' id='word_1_19' title='bbox 563 487 588 546; x_wconf 91' lang='lat' dir='ltr'>is</span> <span class='ocrx_word' id='word_1_20' title='bbox 602 489 713 566; x_wconf 85' lang='lat' dir='ltr'>estqui</span> <span class='ocrx_word' id='word_1_21' title='bbox 726 489 927 572; x_wconf 79' lang='lat' dir='ltr'>Thebanorum</span> <span class='ocrx_word' id='word_1_22' title='bbox 943 509 1020 547; x_wconf 90' lang='lat' dir='ltr'>nunc</span> <span class='ocrx_word' id='word_1_23' title='bbox 1035 491 1116 567; x_wconf 83' lang='lat' dir='ltr'>luget</span> <span class='ocrx_word' id='word_1_24' title='bbox 1128 490 1217 551; x_wconf 70' lang='lat' dir='ltr'>infun</span> 
     </span>
     <span class='ocr_line' id='line_1_4' title="bbox 122 579 1216 658; baseline 0.004 -22"><span class='ocrx_word' id='word_1_25' title='bbox 122 581 202 638; x_wconf 88' lang='lat' dir='ltr'>tuuia</span> <span class='ocrx_word' id='word_1_26' title='bbox 220 597 369 658; x_wconf 87' lang='lat' dir='ltr'>quamque</span> <span class='ocrx_word' id='word_1_27' title='bbox 383 597 418 638; x_wconf 90' lang='lat' dir='ltr'>ea</span> <span class='ocrx_word' id='word_1_28' title='bbox 431 579 607 640; x_wconf 77' lang='lat' dir='ltr'>miserabilia</span> <span class='ocrx_word' id='word_1_29' title='bbox 620 579 678 638; x_wconf 88' lang='lat' dir='ltr'>sint</span> <span class='ocrx_word' id='word_1_30' title='bbox 690 580 816 658; x_wconf 79' lang='lat' dir='ltr'>exponit,</span> <span class='ocrx_word' id='word_1_31' title='bbox 836 599 902 639; x_wconf 90' lang='lat' dir='ltr'>cum</span> <span class='ocrx_word' id='word_1_32' title='bbox 916 590 946 638; x_wconf 88' lang='lat' dir='ltr'>et</span> <span class='ocrx_word' id='word_1_33' title='bbox 958 581 1105 640; x_wconf 86' lang='lat' dir='ltr'>horum¹et</span> <span class='ocrx_word' id='word_1_34' title='bbox 1117 601 1216 640; x_wconf 90' lang='lat' dir='ltr'>eorum</span> 
     </span>
    </p>
   </div>
   <div class='ocr_carea' id='block_1_3' title="bbox 15 663 1216 750">
    <p class='ocr_par' dir='ltr' id='par_1_3' title="bbox 15 663 1216 750">
     <span class='ocr_line' id='line_1_5' title="bbox 15 663 1216 750; baseline 0.004 -22"><span class='ocrx_word' id='word_1_35' title='bbox 15 685 16 728; x_wconf 67' lang='lat'>3</span> <span class='ocrx_word' id='word_1_36' title='bbox 123 692 186 750; x_wconf 74' lang='lat' dir='ltr'>quae¹</span> <span class='ocrx_word' id='word_1_37' title='bbox 202 671 405 730; x_wconf 89' lang='lat' dir='ltr'>Phocensibus</span> <span class='ocrx_word' id='word_1_38' title='bbox 420 671 588 730; x_wconf 86' lang='lat' dir='ltr'>acciderunt</span> <span class='ocrx_word' id='word_1_39' title='bbox 601 681 630 730; x_wconf 94' lang='lat' dir='ltr'>et</span> <span class='ocrx_word' id='word_1_40' title='bbox 643 672 770 730; x_wconf 88' lang='lat' dir='ltr'>omniurn</span> <span class='ocrx_word' id='word_1_41' title='bbox 786 671 910 750; x_wconf 89' lang='lat' dir='ltr'>denique</span> <span class='ocrx_word' id='word_1_42' title='bbox 923 663 1106 750; x_wconf 67' lang='lat' dir='ltr'>quascunque</span> <span class='ocrx_word' id='word_1_43' title='bbox 1120 671 1216 734; x_wconf 69' lang='lat' dir='ltr'>Graeci</span> 
     </span>
    </p>
   </div>
   <div class='ocr_carea' id='block_1_4' title="bbox 25 755 1217 4004">
    <p class='ocr_par' dir='ltr' id='par_1_4' title="bbox 120 755 1216 1120">
     <span class='ocr_line' id='line_1_6' title="bbox 121 755 1215 843; baseline 0.002 -20"><span class='ocrx_word' id='word_1_44' title='bbox 121 765 306 843; x_wconf 89' lang='lat' dir='ltr'>pertulerunt</span> <span class='ocrx_word' id='word_1_45' title='bbox 320 763 460 841; x_wconf 85' lang='lat' dir='ltr'>malorum</span> <span class='ocrx_word' id='word_1_46' title='bbox 478 765 541 842; x_wconf 89' lang='lat' dir='ltr'>ipse</span> <span class='ocrx_word' id='word_1_47' title='bbox 558 774 660 824; x_wconf 78' lang='lat' dir='ltr'><strong>auctor</strong></span> <span class='ocrx_word' id='word_1_48' title='bbox 675 765 806 824; x_wconf 83' lang='lat' dir='ltr'>exsistat.</span> <span class='ocrx_word' id='word_1_49' title='bbox 838 755 1054 835; x_wconf 64' lang='lat' dir='ltr'>Scilicetenim</span> <span class='ocrx_word' id='word_1_50' title='bbox 1069 765 1215 838; x_wconf 84' lang='lat' dir='ltr'>AEschine,</span> 
     </span>
     <span class='ocr_line' id='line_1_7' title="bbox 121 852 1216 936; baseline 0.002 -20"><span class='ocrx_word' id='word_1_51' title='bbox 121 866 151 916; x_wconf 91' lang='lat' dir='ltr'>tu</span> <span class='ocrx_word' id='word_1_52' title='bbox 161 852 283 936; x_wconf 89' lang='lat' dir='ltr'>propter</span> <span class='ocrx_word' id='word_1_53' title='bbox 296 876 382 916; x_wconf 86' lang='lat' dir='ltr'>casus</span> <span class='ocrx_word' id='word_1_54' title='bbox 396 857 462 916; x_wconf 92' lang='lat' dir='ltr'>illos</span> <span class='ocrx_word' id='word_1_55' title='bbox 476 857 590 935; x_wconf 82' lang='lat' dir='ltr'>angeris</span> <span class='ocrx_word' id='word_1_56' title='bbox 605 867 635 916; x_wconf 90' lang='lat' dir='ltr'>et</span> <span class='ocrx_word' id='word_1_57' title='bbox 649 857 853 916; x_wconf 87' lang='lat' dir='ltr'>Thebanorum</span> <span class='ocrx_word' id='word_1_58' title='bbox 867 857 959 915; x_wconf 82' lang='lat' dir='ltr'>uicem</span> <span class='ocrx_word' id='word_1_59' title='bbox 973 857 1066 929; x_wconf 89' lang='lat' dir='ltr'>doles,</span> <span class='ocrx_word' id='word_1_60' title='bbox 1079 859 1127 934; x_wconf 90' lang='lat' dir='ltr'>qui</span> <span class='ocrx_word' id='word_1_61' title='bbox 1147 877 1216 936; x_wconf 88' lang='lat' dir='ltr'>pos·</span> 
     </span>
     <span class='ocr_line' id='line_1_8' title="bbox 121 948 1214 1028; baseline 0.001 -19"><span class='ocrx_word' id='word_1_62' title='bbox 121 950 270 1009; x_wconf 84' lang='lat' dir='ltr'>sessiones</span> <span class='ocrx_word' id='word_1_63' title='bbox 283 948 385 1009; x_wconf 82' lang='lat' dir='ltr'>teneas</span> <span class='ocrx_word' id='word_1_64' title='bbox 399 948 556 1008; x_wconf 86' lang='lat' dir='ltr'>in&#39;Boeotia</span> <span class='ocrx_word' id='word_1_65' title='bbox 570 960 600 1008; x_wconf 89' lang='lat' dir='ltr'>et</span> <span class='ocrx_word' id='word_1_66' title='bbox 613 950 724 1009; x_wconf 89' lang='lat' dir='ltr'>illorum</span> <span class='ocrx_word' id='word_1_67' title='bbox 745 969 831 1028; x_wconf 84' lang='lat' dir='ltr'>agros</span> <span class='ocrx_word' id='word_1_68' title='bbox 851 950 942 1021; x_wconf 87' lang='lat' dir='ltr'>colas,</span> <span class='ocrx_word' id='word_1_69' title='bbox 963 969 1019 1027; x_wconf 83' lang='lat' dir='ltr'>ego</span> <span class='ocrx_word' id='word_1_70' title='bbox 1037 969 1103 1008; x_wconf 86' lang='lat' dir='ltr'>vero</span> <span class='ocrx_word' id='word_1_71' title='bbox 1122 951 1214 1022; x_wconf 84' lang='lat' dir='ltr'>laetor,</span> 
     </span>
     <span class='ocr_line' id='line_1_9' title="bbox 120 1033 1205 1120; baseline 0 -21"><span class='ocrx_word' id='word_1_72' title='bbox 120 1043 170 1120; x_wconf 93' lang='lat' dir='ltr'>qui</span> <span class='ocrx_word' id='word_1_73' title='bbox 186 1043 284 1100; x_wconf 87' lang='lat' dir='ltr'>statim</span> <span class='ocrx_word' id='word_1_74' title='bbox 295 1040 337 1116; x_wconf 85' lang='lat' dir='ltr'>¹ad</span> <span class='ocrx_word' id='word_1_75' title='bbox 351 1040 524 1120; x_wconf 90' lang='lat' dir='ltr'>supplicium</span> <span class='ocrx_word' id='word_1_76' title='bbox 540 1041 717 1119; x_wconf 75' lang='lat' dir='ltr'>depascetur</span> <span class='ocrx_word' id='word_1_77' title='bbox 730 1043 767 1100; x_wconf 94' lang='lat' dir='ltr'>ab</span> <span class='ocrx_word' id='word_1_78' title='bbox 781 1061 817 1100; x_wconf 93' lang='lat' dir='ltr'>eo</span> <span class='ocrx_word' id='word_1_79' title='bbox 831 1042 881 1120; x_wconf 89' lang='lat' dir='ltr'>qui</span> <span class='ocrx_word' id='word_1_80' title='bbox 894 1033 958 1100; x_wconf 80' lang='lat' dir='ltr'>haec</span> <span class='ocrx_word' id='word_1_81' title='bbox 971 1039 1114 1100; x_wconf 81' lang='lat' dir='ltr'>effecerat.</span> <span class='ocrx_word' id='word_1_82' title='bbox 1200 1083 1205 1092; x_wconf 77' lang='lat'><em>.</em></span> 
     </span>
    </p>

    <p class='ocr_par' dir='ltr' id='par_1_5' title="bbox 25 1133 1217 4004">
     <span class='ocr_line' id='line_1_10' title="bbox 162 1133 1214 1214; baseline 0.004 -22"><span class='ocrx_word' id='word_1_83' title='bbox 162 1136 215 1192; x_wconf 88' lang='grc'>14.</span> <span class='ocrx_word' id='word_1_84' title='bbox 238 1133 299 1192; x_wconf 85' lang='lat' dir='ltr'>Sed</span> <span class='ocrx_word' id='word_1_85' title='bbox 313 1133 342 1190; x_wconf 90' lang='lat' dir='ltr'>iu</span> <span class='ocrx_word' id='word_1_86' title='bbox 356 1151 420 1192; x_wconf 90' lang='lat' dir='ltr'>eam</span> <span class='ocrx_word' id='word_1_87' title='bbox 434 1133 592 1214; x_wconf 84' lang='lat' dir='ltr'>orationem</span> <span class='ocrx_word' id='word_1_88' title='bbox 602 1133 700 1204; x_wconf 86' lang='lat' dir='ltr'>incidi,</span> <span class='ocrx_word' id='word_1_89' title='bbox 709 1153 768 1212; x_wconf 92' lang='lat' dir='ltr'>qua</span> <span class='ocrx_word' id='word_1_90' title='bbox 777 1153 823 1193; x_wconf 85' lang='lat' dir='ltr'>me</span> <span class='ocrx_word' id='word_1_91' title='bbox 834 1144 901 1213; x_wconf 87' lang='lat' dir='ltr'>po&#39;st</span> <span class='ocrx_word' id='word_1_92' title='bbox 911 1133 1081 1212; x_wconf 87' lang='lat' dir='ltr'>paulumuti</span> <span class='ocrx_word' id='word_1_93' title='bbox 1090 1135 1214 1196; x_wconf 82' lang='lat' dir='ltr'>sortasse</span> 
     </span>
     <span class='ocr_line' id='line_1_11' title="bbox 119 1224 1214 1306; baseline 0.001 -20"><span class='ocrx_word' id='word_1_94' title='bbox 119 1227 213 1286; x_wconf 91' lang='lat' dir='ltr'>multo</span> <span class='ocrx_word' id='word_1_95' title='bbox 242 1225 337 1302; x_wconf 83' lang='lat' dir='ltr'>magis</span> <span class='ocrx_word' id='word_1_96' title='bbox 361 1224 533 1282; x_wconf 86' lang='lat' dir='ltr'>conveniet:</span> <span class='ocrx_word' id='word_1_97' title='bbox 555 1235 681 1283; x_wconf 85' lang='lat' dir='ltr'>revertor</span> <span class='ocrx_word' id='word_1_98' title='bbox 700 1226 799 1303; x_wconf 91' lang='lat' dir='ltr'>itaque</span> <span class='ocrx_word' id='word_1_99' title='bbox 820 1227 856 1286; x_wconf 89' lang='lat' dir='ltr'>ad</span> <span class='ocrx_word' id='word_1_100' title='bbox 877 1227 1070 1306; x_wconf 88' lang='lat' dir='ltr'>probandum,</span> <span class='ocrx_word' id='word_1_101' title='bbox 1093 1228 1214 1287; x_wconf 89' lang='lat' dir='ltr'>istorum</span> 
     </span>
     <span class='ocr_line' id='line_1_12' title="bbox 121 1309 1213 1400; baseline 0 -20"><span class='ocrx_word' id='word_1_102' title='bbox 121 1318 304 1396; x_wconf 81' lang='lat' dir='ltr'>corruptelas</span> <span class='ocrx_word' id='word_1_103' title='bbox 318 1324 348 1374; x_wconf 87' lang='lat' dir='ltr'>et</span> <span class='ocrx_word' id='word_1_104' title='bbox 361 1315 470 1400; x_wconf 76' lang='lat' dir='ltr'>injusta</span> <span class='ocrx_word' id='word_1_105' title='bbox 482 1314 610 1373; x_wconf 85' lang='lat' dir='ltr'>facinora</span> <span class='ocrx_word' id='word_1_106' title='bbox 631 1335 730 1373; x_wconf 83' lang='lat' dir='ltr'>earum</span> <span class='ocrx_word' id='word_1_107' title='bbox 744 1319 773 1374; x_wconf 88' lang='lat' dir='ltr'>in</span> <span class='ocrx_word' id='word_1_108' title='bbox 787 1320 891 1394; x_wconf 90' lang='lat' dir='ltr'>quibus</span> <span class='ocrx_word' id='word_1_109' title='bbox 910 1309 1150 1378; x_wconf 40' lang='lat' dir='ltr'>nuncuveraam‘ur</span> <span class='ocrx_word' id='word_1_110' title='bbox 1168 1340 1213 1380; x_wconf 90' lang='lat' dir='ltr'>re-</span> 
     </span>
     <span class='ocr_line' id='line_1_13' title="bbox 119 1397 1214 1486; baseline 0.002 -15"><span class='ocrx_word' id='word_1_111' title='bbox 119 1433 183 1471; x_wconf 91' lang='lat' dir='ltr'>rum</span> <span class='ocrx_word' id='word_1_112' title='bbox 197 1429 265 1468; x_wconf 90' lang='lat' dir='ltr'>esse</span> <span class='ocrx_word' id='word_1_113' title='bbox 280 1397 394 1467; x_wconf 87' lang='lat' dir='ltr'>causas.</span> <span class='ocrx_word' id='word_1_114' title='bbox 430 1405 507 1464; x_wconf 88' lang='lat' dir='ltr'>Nam</span> <span class='ocrx_word' id='word_1_115' title='bbox 521 1416 675 1484; x_wconf 79' lang='lat' dir='ltr'>postquam</span> <span class='ocrx_word' id='word_1_116' title='bbox 689 1425 782 1465; x_wconf 84' lang='lat' dir='ltr'>ros-a</span> <span class='ocrx_word' id='word_1_117' title='bbox 795 1407 1130 1486; x_wconf 80' lang='lat' dir='ltr'>Philippo-circumventi</span> <span class='ocrx_word' id='word_1_118' title='bbox 1144 1414 1214 1474; x_wconf 89' lang='lat' dir='ltr'>estis</span> 
     </span>
     <span class='ocr_line' id='line_1_14' title="bbox 115 1489 1217 1580; baseline 0 -16"><span class='ocrx_word' id='word_1_119' title='bbox 115 1507 243 1564; x_wconf 89' lang='lat' dir='ltr'>istorum</span> <span class='ocrx_word' id='word_1_120' title='bbox 254 1519 354 1579; x_wconf 75' lang='lat' dir='ltr'>opera,</span> <span class='ocrx_word' id='word_1_121' title='bbox 364 1497 414 1577; x_wconf 91' lang='lat' dir='ltr'>qui</span> <span class='ocrx_word' id='word_1_122' title='bbox 424 1516 454 1556; x_wconf 85' lang='lat' dir='ltr'>se</span> <span class='ocrx_word' id='word_1_123' title='bbox 461 1498 494 1556; x_wconf 88' lang='lat' dir='ltr'>in</span> <span class='ocrx_word' id='word_1_124' title='bbox 503 1498 694 1576; x_wconf 80' lang='lat' dir='ltr'>legationibus</span> <span class='ocrx_word' id='word_1_125' title='bbox 705 1489 837 1556; x_wconf 83' lang='lat' dir='ltr'>mercede</span> <span class='ocrx_word' id='word_1_126' title='bbox 843 1498 1009 1559; x_wconf 86' lang='lat' dir='ltr'>locaverant</span> <span class='ocrx_word' id='word_1_127' title='bbox 1018 1503 1144 1580; x_wconf 82' lang='lat' dir='ltr'>nihilque</span> <span class='ocrx_word' id='word_1_128' title='bbox 1155 1507 1217 1564; x_wconf 87' lang='lat' dir='ltr'>veri</span> 
     </span>
     <span class='ocr_line' id='line_1_15' title="bbox 118 1585 1214 1670; baseline -0.003 -11"><span class='ocrx_word' id='word_1_129' title='bbox 118 1597 201 1659; x_wconf 86' lang='lat' dir='ltr'>vobis</span> <span class='ocrx_word' id='word_1_130' title='bbox 221 1592 434 1662; x_wconf 84' lang='lat' dir='ltr'>renuntiarant,</span> <span class='ocrx_word' id='word_1_131' title='bbox 454 1591 569 1670; x_wconf 84' lang='lat' dir='ltr'>decepti</span> <span class='ocrx_word' id='word_1_132' title='bbox 582 1600 679 1650; x_wconf 90' lang='lat' dir='ltr'>autem</span> <span class='ocrx_word' id='word_1_133' title='bbox 692 1589 777 1650; x_wconf 83' lang='lat' dir='ltr'>simui</span> <span class='ocrx_word' id='word_1_134' title='bbox 790 1602 859 1650; x_wconf 89' lang='lat' dir='ltr'>sunt</span> <span class='ocrx_word' id='word_1_135' title='bbox 882 1602 913 1650; x_wconf 89' lang='lat' dir='ltr'>et</span> <span class='ocrx_word' id='word_1_136' title='bbox 930 1593 1027 1652; x_wconf 81' lang='lat' dir='ltr'>miseri</span> <span class='ocrx_word' id='word_1_137' title='bbox 1047 1585 1214 1656; x_wconf 83' lang='lat' dir='ltr'>Phocenses</span> 
     </span>
     <span class='ocr_line' id='line_1_16' title="bbox 120 1683 1214 1767; baseline -0.005 -14"><span class='ocrx_word' id='word_1_138' title='bbox 120 1707 283 1767; x_wconf 86' lang='lat' dir='ltr'>eorumque</span> <span class='ocrx_word' id='word_1_139' title='bbox 295 1688 382 1745; x_wconf 88' lang='lat' dir='ltr'>urbes</span> <span class='ocrx_word' id='word_1_140' title='bbox 402 1684 610 1763; x_wconf 64' lang='lat' dir='ltr'>deletasquid</span> <span class='ocrx_word' id='word_1_141' title='bbox 630 1683 740 1742; x_wconf 81' lang='lat' dir='ltr'>iactum</span> <span class='ocrx_word' id='word_1_142' title='bbox 761 1684 828 1744; x_wconf 78' lang='lat' dir='ltr'>esti</span> <span class='ocrx_word' id='word_1_143' title='bbox 851 1684 1097 1767; x_wconf 74' lang='lat' dir='ltr'>contemptissimi</span> <span class='ocrx_word' id='word_1_144' title='bbox 1118 1687 1214 1748; x_wconf 87' lang='lat' dir='ltr'>Thes·</span> 
     </span>
     <span class='ocr_line' id='line_1_17' title="bbox 120 1769 1212 1860; baseline -0.006 -14"><span class='ocrx_word' id='word_1_145' title='bbox 120 1785 174 1846; x_wconf 85' lang='lat' dir='ltr'>sali</span> <span class='ocrx_word' id='word_1_146' title='bbox 189 1794 221 1844; x_wconf 95' lang='lat' dir='ltr'>et</span> <span class='ocrx_word' id='word_1_147' title='bbox 231 1780 376 1841; x_wconf 84' lang='lat' dir='ltr'>vecordes</span> <span class='ocrx_word' id='word_1_148' title='bbox 389 1777 518 1836; x_wconf 84' lang='lat' dir='ltr'>Thebani</span> <span class='ocrx_word' id='word_1_149' title='bbox 532 1777 666 1848; x_wconf 87' lang='lat' dir='ltr'>amicum,</span> <span class='ocrx_word' id='word_1_150' title='bbox 679 1769 842 1856; x_wconf 85' lang='lat' dir='ltr'>patronum,</span> <span class='ocrx_word' id='word_1_151' title='bbox 857 1789 1034 1838; x_wconf 78' lang='lat' dir='ltr'>servatorem</span> <span class='ocrx_word' id='word_1_152' title='bbox 1047 1779 1212 1860; x_wconf 87' lang='lat' dir='ltr'>Philippum</span> 
     </span>
     <span class='ocr_line' id='line_1_18' title="bbox 119 1870 1214 1952; baseline -0.005 -12"><span class='ocrx_word' id='word_1_153' title='bbox 119 1879 287 1940; x_wconf 79' lang='lat' dir='ltr'>ducebant:</span> <span class='ocrx_word' id='word_1_154' title='bbox 311 1873 402 1952; x_wconf 84' lang='lat' dir='ltr'>instar</span> <span class='ocrx_word' id='word_1_155' title='bbox 422 1870 549 1930; x_wconf 82' lang='lat' dir='ltr'>omnium</span> <span class='ocrx_word' id='word_1_156' title='bbox 569 1871 593 1929; x_wconf 85' lang='lat' dir='ltr'>is</span> <span class='ocrx_word' id='word_1_157' title='bbox 607 1870 663 1928; x_wconf 89' lang='lat' dir='ltr'>iliis</span> <span class='ocrx_word' id='word_1_158' title='bbox 684 1881 761 1930; x_wconf 83' lang='lat' dir='ltr'>erat:</span> <span class='ocrx_word' id='word_1_159' title='bbox 783 1881 813 1929; x_wconf 85' lang='lat' dir='ltr'>et</span> <span class='ocrx_word' id='word_1_160' title='bbox 832 1891 991 1931; x_wconf 76' lang='lat' dir='ltr'>neronem</span> <span class='ocrx_word' id='word_1_161' title='bbox 1012 1872 1129 1951; x_wconf 90' lang='lat' dir='ltr'>quidem</span> <span class='ocrx_word' id='word_1_162' title='bbox 1150 1879 1214 1950; x_wconf 87' lang='lat' dir='ltr'>ejus</span> 
     </span>
     <span class='ocr_line' id='line_1_19' title="bbox 115 1963 1212 2046; baseline -0.011 -10"><span class='ocrx_word' id='word_1_163' title='bbox 115 1973 316 2042; x_wconf 80' lang='lat' dir='ltr'>sustinebant,</span> <span class='ocrx_word' id='word_1_164' title='bbox 328 1967 379 2046; x_wconf 92' lang='lat' dir='ltr'>qui</span> <span class='ocrx_word' id='word_1_165' title='bbox 392 1965 472 2025; x_wconf 85' lang='lat' dir='ltr'>aliud</span> <span class='ocrx_word' id='word_1_166' title='bbox 485 1964 632 2044; x_wconf 86' lang='lat' dir='ltr'>quippiam</span> <span class='ocrx_word' id='word_1_167' title='bbox 643 1963 732 2024; x_wconf 82' lang='lat' dir='ltr'>vellet</span> <span class='ocrx_word' id='word_1_168' title='bbox 742 1966 851 2025; x_wconf 88' lang='lat' dir='ltr'>dicere.</span> <span class='ocrx_word' id='word_1_169' title='bbox 865 1996 868 2010; x_wconf 89' lang='lat'>·</span> <span class='ocrx_word' id='word_1_170' title='bbox 883 1966 1067 2038; x_wconf 76' lang='lat' dir='ltr'>vosautem,</span> <span class='ocrx_word' id='word_1_171' title='bbox 1081 1971 1212 2045; x_wconf 83' lang='lat' dir='ltr'>quamvis</span> 
     </span>
     <span class='ocr_line' id='line_1_20' title="bbox 25 2047 1212 2146; baseline -0.006 -17"><span class='ocrx_word' id='word_1_172' title='bbox 25 2065 28 2072; x_wconf 78' lang='lat'>&#39;</span> <span class='ocrx_word' id='word_1_173' title='bbox 120 2091 155 2130; x_wconf 90' lang='lat' dir='ltr'>ea</span> <span class='ocrx_word' id='word_1_174' title='bbox 175 2073 243 2146; x_wconf 85' lang='lat' dir='ltr'>quae</span> <span class='ocrx_word' id='word_1_175' title='bbox 261 2061 523 2139; x_wconf 87' lang='lat' dir='ltr'>fiebantsuspecta</span> <span class='ocrx_word' id='word_1_176' title='bbox 539 2057 683 2140; x_wconf 84' lang='lat' dir='ltr'>haberetis</span> <span class='ocrx_word' id='word_1_177' title='bbox 701 2068 731 2117; x_wconf 92' lang='lat' dir='ltr'>et</span> <span class='ocrx_word' id='word_1_178' title='bbox 743 2059 842 2138; x_wconf 90' lang='lat' dir='ltr'>iniquo</span> <span class='ocrx_word' id='word_1_179' title='bbox 857 2058 956 2118; x_wconf 88' lang='lat' dir='ltr'>anirnn</span> <span class='ocrx_word' id='word_1_180' title='bbox 973 2047 1212 2140; x_wconf 70' lang='lat' dir='ltr'>ferretispacem</span> 
     </span>
     <span class='ocr_line' id='line_1_21' title="bbox 119 2141 1212 2229; baseline -0.007 -8"><span class='ocrx_word' id='word_1_181' title='bbox 119 2172 220 2221; x_wconf 89' lang='lat' dir='ltr'>tamen</span> <span class='ocrx_word' id='word_1_182' title='bbox 247 2152 425 2216; x_wconf 84' lang='lat' dir='ltr'>servabatis:</span> <span class='ocrx_word' id='word_1_183' title='bbox 453 2149 642 2228; x_wconf 87' lang='lat' dir='ltr'>nequeenim</span> <span class='ocrx_word' id='word_1_184' title='bbox 666 2161 728 2209; x_wconf 86' lang='lat' dir='ltr'>erat</span> <span class='ocrx_word' id='word_1_185' title='bbox 750 2151 968 2228; x_wconf 88' lang='lat' dir='ltr'>quod-efficere</span> <span class='ocrx_word' id='word_1_186' title='bbox 988 2141 1127 2229; x_wconf 81' lang='lat' dir='ltr'>poteratis</span> <span class='ocrx_word' id='word_1_187' title='bbox 1149 2155 1212 2214; x_wconf 89' lang='lat' dir='ltr'>soli.</span> 
     </span>
     <span class='ocr_line' id='line_1_22' title="bbox 120 2242 1213 2329; baseline -0.001 -20"><span class='ocrx_word' id='word_1_188' title='bbox 120 2251 219 2313; x_wconf 81' lang='lat' dir='ltr'>Graeci</span> <span class='ocrx_word' id='word_1_189' title='bbox 228 2266 345 2329; x_wconf 91' lang='lat' dir='ltr'>quoque</span> <span class='ocrx_word' id='word_1_190' title='bbox 351 2244 464 2322; x_wconf 88' lang='lat' dir='ltr'>reliqui,</span> <span class='ocrx_word' id='word_1_191' title='bbox 479 2243 621 2302; x_wconf 87' lang='lat' dir='ltr'>consimili</span> <span class='ocrx_word' id='word_1_192' title='bbox 635 2242 781 2302; x_wconf 86' lang='lat' dir='ltr'>vobiscum</span> <span class='ocrx_word' id='word_1_193' title='bbox 794 2243 904 2302; x_wconf 87' lang='lat' dir='ltr'>ratione</span> <span class='ocrx_word' id='word_1_194' title='bbox 918 2243 1037 2322; x_wconf 89' lang='lat' dir='ltr'>decepti</span> <span class='ocrx_word' id='word_1_195' title='bbox 1047 2253 1078 2303; x_wconf 91' lang='lat' dir='ltr'>et</span> <span class='ocrx_word' id='word_1_196' title='bbox 1092 2265 1146 2305; x_wconf 90' lang='lat' dir='ltr'>sua</span> <span class='ocrx_word' id='word_1_197' title='bbox 1161 2269 1213 2326; x_wconf 88' lang='lat' dir='ltr'>spe</span> 
     </span>
     <span class='ocr_line' id='line_1_23' title="bbox 113 2335 1211 2423; baseline -0.008 -15"><span class='ocrx_word' id='word_1_198' title='bbox 113 2342 375 2421; x_wconf 64' lang='lat' dir='ltr'>&#39;trustrathpacem</span> <span class='ocrx_word' id='word_1_199' title='bbox 386 2339 683 2408; x_wconf 84' lang='lat' dir='ltr'>libenterservabant,</span> <span class='ocrx_word' id='word_1_200' title='bbox 696 2335 811 2422; x_wconf 81' lang='lat' dir='ltr'>tametsi</span> <span class='ocrx_word' id='word_1_201' title='bbox 821 2347 919 2422; x_wconf 87' lang='lat' dir='ltr'>essent</span> <span class='ocrx_word' id='word_1_202' title='bbox 929 2336 984 2413; x_wconf 88' lang='lat' dir='ltr'>ipsi</span> <span class='ocrx_word' id='word_1_203' title='bbox 997 2338 1211 2423; x_wconf 85' lang='lat' dir='ltr'>quodammodo</span> 
     </span>
     <span class='ocr_line' id='line_1_24' title="bbox 115 2428 1212 2522; baseline -0.005 -26"><span class='ocrx_word' id='word_1_204' title='bbox 115 2435 293 2522; x_wconf 84' lang='lat' dir='ltr'>jamdudum</span> <span class='ocrx_word' id='word_1_205' title='bbox 305 2432 383 2502; x_wconf 81' lang='lat' dir='ltr'>bello</span> <span class='ocrx_word' id='word_1_206' title='bbox 396 2429 531 2492; x_wconf 87' lang='lat' dir='ltr'>lacessiti.</span> <span class='ocrx_word' id='word_1_207' title='bbox 555 2428 631 2488; x_wconf 85' lang='lat' dir='ltr'>Cum</span> <span class='ocrx_word' id='word_1_208' title='bbox 648 2430 725 2488; x_wconf 89' lang='lat' dir='ltr'>enim</span> <span class='ocrx_word' id='word_1_209' title='bbox 739 2447 972 2507; x_wconf 85' lang='lat' dir='ltr'>quoquoversum</span> <span class='ocrx_word' id='word_1_210' title='bbox 990 2447 1127 2506; x_wconf 82' lang='lat' dir='ltr'>grassans</span> <span class='ocrx_word' id='word_1_211' title='bbox 1143 2432 1212 2491; x_wconf 92' lang='lat' dir='ltr'>Phi-</span> 
     </span>
     <span class='ocr_line' id='line_1_25' title="bbox 119 2520 1209 2612; baseline -0.008 -20"><span class='ocrx_word' id='word_1_212' title='bbox 119 2535 218 2612; x_wconf 89' lang='lat' dir='ltr'>lippus</span> <span class='ocrx_word' id='word_1_213' title='bbox 239 2527 351 2608; x_wconf 82' lang='lat' dir='ltr'>illyrios</span> <span class='ocrx_word' id='word_1_214' title='bbox 370 2535 405 2584; x_wconf 89' lang='lat' dir='ltr'>et</span> <span class='ocrx_word' id='word_1_215' title='bbox 413 2523 573 2595; x_wconf 74' lang='lat' dir='ltr'>Tribalios,=</span> <span class='ocrx_word' id='word_1_216' title='bbox 581 2521 738 2581; x_wconf 88' lang='lat' dir='ltr'>nonnullus</span> <span class='ocrx_word' id='word_1_217' title='bbox 759 2520 845 2579; x_wconf 90' lang='lat' dir='ltr'>etiam</span> <span class='ocrx_word' id='word_1_218' title='bbox 868 2520 1037 2580; x_wconf 82' lang='lat' dir='ltr'>Groecorum</span> <span class='ocrx_word' id='word_1_219' title='bbox 1051 2523 1209 2600; x_wconf 79' lang='lat' dir='ltr'>subigeret,</span> 
     </span>
     <span class='ocr_line' id='line_1_26' title="bbox 119 2614 1211 2700; baseline -0.005 -17"><span class='ocrx_word' id='word_1_220' title='bbox 119 2626 288 2700; x_wconf 79' lang='lat' dir='ltr'>multasque</span> <span class='ocrx_word' id='word_1_221' title='bbox 302 2628 465 2698; x_wconf 83' lang='lat' dir='ltr'>etmagnas</span> <span class='ocrx_word' id='word_1_222' title='bbox 479 2617 577 2698; x_wconf 85' lang='lat' dir='ltr'>copias</span> <span class='ocrx_word' id='word_1_223' title='bbox 592 2633 645 2674; x_wconf 90' lang='lat' dir='ltr'>suo</span> <span class='ocrx_word' id='word_1_224' title='bbox 662 2614 819 2700; x_wconf 86' lang='lat' dir='ltr'>subjiceret</span> <span class='ocrx_word' id='word_1_225' title='bbox 829 2614 958 2692; x_wconf 90' lang='lat' dir='ltr'>imperio,</span> <span class='ocrx_word' id='word_1_226' title='bbox 968 2624 1003 2674; x_wconf 80' lang='lat' dir='ltr'>&#39;et</span> <span class='ocrx_word' id='word_1_227' title='bbox 1014 2616 1147 2674; x_wconf 89' lang='lat' dir='ltr'>nonnulli</span> <span class='ocrx_word' id='word_1_228' title='bbox 1158 2637 1211 2696; x_wconf 86' lang='lat' dir='ltr'>pa·</span> 
     </span>
     <span class='ocr_line' id='line_1_27' title="bbox 119 2707 1210 2786; baseline -0.01 -6"><span class='ocrx_word' id='word_1_229' title='bbox 119 2721 162 2780; x_wconf 90' lang='lat' dir='ltr'>cis</span> <span class='ocrx_word' id='word_1_230' title='bbox 187 2711 361 2782; x_wconf 82' lang='lat' dir='ltr'>auctoritate</span> <span class='ocrx_word' id='word_1_231' title='bbox 386 2709 451 2769; x_wconf 83' lang='lat' dir='ltr'>freti</span> <span class='ocrx_word' id='word_1_232' title='bbox 478 2727 520 2768; x_wconf 57' lang='lat' dir='ltr'>ex*</span> <span class='ocrx_word' id='word_1_233' title='bbox 537 2708 700 2767; x_wconf 88' lang='lat' dir='ltr'>civitatibus</span> <span class='ocrx_word' id='word_1_234' title='bbox 718 2707 788 2764; x_wconf 89' lang='lat' dir='ltr'>illuc</span> <span class='ocrx_word' id='word_1_235' title='bbox 808 2707 929 2785; x_wconf 85' lang='lat' dir='ltr'>proiecti</span> <span class='ocrx_word' id='word_1_236' title='bbox 948 2719 1210 2786; x_wconf 86' lang='lat' dir='ltr'>corrumperentur,</span> 
     </span>
     <span class='ocr_line' id='line_1_28' title="bbox 114 2799 1210 2892; baseline -0.01 -21"><span class='ocrx_word' id='word_1_237' title='bbox 114 2804 243 2892; x_wconf 66' lang='lat' dir='ltr'>&#39;quorum</span> <span class='ocrx_word' id='word_1_238' title='bbox 257 2823 334 2863; x_wconf 93' lang='lat' dir='ltr'>unus</span> <span class='ocrx_word' id='word_1_239' title='bbox 346 2802 392 2860; x_wconf 93' lang='lat' dir='ltr'>hic</span> <span class='ocrx_word' id='word_1_240' title='bbox 406 2799 551 2872; x_wconf 62' lang='lat' dir='ltr'>suintune</span> <span class='ocrx_word' id='word_1_241' title='bbox 563 2799 791 2876; x_wconf 67' lang='lat' dir='ltr'>inquom&#39;omnes,</span> <span class='ocrx_word' id='word_1_242' title='bbox 802 2807 903 2858; x_wconf 85' lang='lat' dir='ltr'>contra</span> <span class='ocrx_word' id='word_1_243' title='bbox 916 2817 989 2877; x_wconf 91' lang='lat' dir='ltr'>quos</span> <span class='ocrx_word' id='word_1_244' title='bbox 1000 2799 1063 2858; x_wconf 87' lang='lat' dir='ltr'>haeo</span> <span class='ocrx_word' id='word_1_245' title='bbox 1073 2799 1121 2859; x_wconf 92' lang='lat' dir='ltr'>ille</span> <span class='ocrx_word' id='word_1_246' title='bbox 1132 2819 1210 2860; x_wconf 86' lang='lat' dir='ltr'>eom·</span> 
     </span>
     <span class='ocr_line' id='line_1_29' title="bbox 114 2891 1212 2988; baseline -0.006 -25"><span class='ocrx_word' id='word_1_247' title='bbox 114 2903 256 2988; x_wconf 87' lang='lat' dir='ltr'>parabat,</span> <span class='ocrx_word' id='word_1_248' title='bbox 273 2895 353 2956; x_wconf 86' lang='lat' dir='ltr'>bello</span> <span class='ocrx_word' id='word_1_249' title='bbox 367 2893 595 2952; x_wconf 88' lang='lat' dir='ltr'>lacessebantur.</span> <span class='ocrx_word' id='word_1_250' title='bbox 630 2892 718 2960; x_wconf 89' lang='lat' dir='ltr'>Quod</span> <span class='ocrx_word' id='word_1_251' title='bbox 738 2892 762 2950; x_wconf 84' lang='lat' dir='ltr'>ri</span> <span class='ocrx_word' id='word_1_252' title='bbox 782 2911 841 2952; x_wconf 89' lang='lat' dir='ltr'>non</span> <span class='ocrx_word' id='word_1_253' title='bbox 861 2891 1134 2966; x_wconf 87' lang='lat' dir='ltr'>animadvertebant,</span> <span class='ocrx_word' id='word_1_254' title='bbox 1156 2897 1212 2956; x_wconf 85' lang='lat' dir='ltr'>alia</span> 
     </span>
     <span class='ocr_line' id='line_1_30' title="bbox 118 2983 1211 3068; baseline -0.009 -12"><span class='ocrx_word' id='word_1_255' title='bbox 118 2999 184 3056; x_wconf 84' lang='lat' dir='ltr'>hoec</span> <span class='ocrx_word' id='word_1_256' title='bbox 196 2987 370 3068; x_wconf 86' lang='lat' dir='ltr'>disceptatio</span> <span class='ocrx_word' id='word_1_257' title='bbox 385 2996 439 3057; x_wconf 88' lang='lat' dir='ltr'>est,</span> <span class='ocrx_word' id='word_1_258' title='bbox 450 2985 577 3062; x_wconf 86' lang='lat' dir='ltr'>nihilque</span> <span class='ocrx_word' id='word_1_259' title='bbox 592 2984 629 3043; x_wconf 90' lang='lat' dir='ltr'>ad</span> <span class='ocrx_word' id='word_1_260' title='bbox 640 3003 685 3042; x_wconf 90' lang='lat' dir='ltr'>me</span> <span class='ocrx_word' id='word_1_261' title='bbox 695 2984 827 3062; x_wconf 89' lang='lat' dir='ltr'>pertinet.</span> <span class='ocrx_word' id='word_1_262' title='bbox 849 2983 913 3061; x_wconf 85' lang='lat' dir='ltr'>Ego</span> <span class='ocrx_word' id='word_1_263' title='bbox 927 2985 1002 3043; x_wconf 90' lang='lat' dir='ltr'>enim</span> <span class='ocrx_word' id='word_1_264' title='bbox 1017 2986 1211 3062; x_wconf 71' lang='lat' dir='ltr'>predicebam</span> 
     </span>
     <span class='ocr_line' id='line_1_31' title="bbox 118 3077 1210 3156; baseline -0.013 -7"><span class='ocrx_word' id='word_1_265' title='bbox 118 3098 149 3149; x_wconf 92' lang='lat' dir='ltr'>et</span> <span class='ocrx_word' id='word_1_266' title='bbox 160 3083 348 3150; x_wconf 78' lang='lat' dir='ltr'>testificabar,</span> <span class='ocrx_word' id='word_1_267' title='bbox 362 3088 424 3136; x_wconf 91' lang='lat' dir='ltr'>tum</span> <span class='ocrx_word' id='word_1_268' title='bbox 439 3078 515 3156; x_wconf 89' lang='lat' dir='ltr'>apud</span> <span class='ocrx_word' id='word_1_269' title='bbox 528 3095 580 3136; x_wconf 87' lang='lat' dir='ltr'>vos</span> <span class='ocrx_word' id='word_1_270' title='bbox 594 3081 706 3154; x_wconf 76' lang='lat' dir='ltr'>semper</span> <span class='ocrx_word' id='word_1_271' title='bbox 719 3084 779 3133; x_wconf 90' lang='lat' dir='ltr'>tum</span> <span class='ocrx_word' id='word_1_272' title='bbox 793 3093 966 3152; x_wconf 85' lang='lat' dir='ltr'>quocunque</span> <span class='ocrx_word' id='word_1_273' title='bbox 981 3077 1086 3136; x_wconf 87' lang='lat' dir='ltr'>missus</span> <span class='ocrx_word' id='word_1_274' title='bbox 1097 3097 1210 3140; x_wconf 64' lang='lat' dir='ltr'>esem:</span> 
     </span>
     <span class='ocr_line' id='line_1_32' title="bbox 111 3167 1211 3248; baseline -0.01 -7"><span class='ocrx_word' id='word_1_275' title='bbox 111 3179 251 3242; x_wconf 86' lang='lat' dir='ltr'>&#39;civitates</span> <span class='ocrx_word' id='word_1_276' title='bbox 265 3181 363 3233; x_wconf 88' lang='lat' dir='ltr'>autem</span> <span class='ocrx_word' id='word_1_277' title='bbox 377 3171 567 3248; x_wconf 74' lang='lat' dir='ltr'>aegrotabant,</span> <span class='ocrx_word' id='word_1_278' title='bbox 582 3168 651 3226; x_wconf 90' lang='lat' dir='ltr'>dum</span> <span class='ocrx_word' id='word_1_279' title='bbox 664 3167 731 3225; x_wconf 90' lang='lat' dir='ltr'>hino</span> <span class='ocrx_word' id='word_1_280' title='bbox 747 3167 932 3244; x_wconf 84' lang='lat' dir='ltr'>magistratus</span> <span class='ocrx_word' id='word_1_281' title='bbox 950 3169 1090 3247; x_wconf 88' lang='lat' dir='ltr'>rebusque</span> <span class='ocrx_word' id='word_1_282' title='bbox 1107 3171 1211 3248; x_wconf 65' lang='lat' dir='ltr'>geren</span> 
     </span>
     <span class='ocr_line' id='line_1_33' title="bbox 111 3256 1209 3352; baseline -0.005 -23"><span class='ocrx_word' id='word_1_283' title='bbox 111 3256 164 3334; x_wconf 83' lang='lat' dir='ltr'>‘dis</span> <span class='ocrx_word' id='word_1_284' title='bbox 179 3265 312 3352; x_wconf 75' lang='lat' dir='ltr'>praefecti</span> <span class='ocrx_word' id='word_1_285' title='bbox 324 3281 447 3322; x_wconf 89' lang='lat' dir='ltr'>munera</span> <span class='ocrx_word' id='word_1_286' title='bbox 460 3269 611 3340; x_wconf 88' lang='lat' dir='ltr'>captarent</span> <span class='ocrx_word' id='word_1_287' title='bbox 625 3280 661 3320; x_wconf 89' lang='lat' dir='ltr'>ac</span> <span class='ocrx_word' id='word_1_288' title='bbox 674 3259 766 3338; x_wconf 86' lang='lat' dir='ltr'>pretio</span> <span class='ocrx_word' id='word_1_289' title='bbox 778 3261 1131 3337; x_wconf 86' lang='lat' dir='ltr'>corrumperentur,·illino</span> <span class='ocrx_word' id='word_1_290' title='bbox 1151 3266 1209 3344; x_wconf 86' lang='lat' dir='ltr'>pri·</span> 
     </span>
     <span class='ocr_line' id='line_1_34' title="bbox 110 3344 1210 3436; baseline -0.007 -11"><span class='ocrx_word' id='word_1_291' title='bbox 110 3344 177 3427; x_wconf 77' lang='lat' dir='ltr'>&#39;vati</span> <span class='ocrx_word' id='word_1_292' title='bbox 187 3373 223 3430; x_wconf 73' lang='lat' dir='ltr'>;et</span> <span class='ocrx_word' id='word_1_293' title='bbox 236 3356 393 3419; x_wconf 90' lang='lat' dir='ltr'>multitudo</span> <span class='ocrx_word' id='word_1_294' title='bbox 411 3355 514 3434; x_wconf 90' lang='lat' dir='ltr'>partim</span> <span class='ocrx_word' id='word_1_295' title='bbox 528 3353 626 3412; x_wconf 82' lang='lat' dir='ltr'>futura</span> <span class='ocrx_word' id='word_1_296' title='bbox 645 3372 705 3412; x_wconf 89' lang='lat' dir='ltr'>non</span> <span class='ocrx_word' id='word_1_297' title='bbox 717 3351 910 3436; x_wconf 86' lang='lat' dir='ltr'>providerent,</span> <span class='ocrx_word' id='word_1_298' title='bbox 924 3353 1026 3430; x_wconf 87' lang='lat' dir='ltr'>partim</span> <span class='ocrx_word' id='word_1_299' title='bbox 1040 3356 1210 3432; x_wconf 88' lang='lat' dir='ltr'>quotidiana</span> 
     </span>
     <span class='ocr_line' id='line_1_35' title="bbox 111 3443 1210 3534; baseline -0.007 -16"><span class='ocrx_word' id='word_1_300' title='bbox 111 3452 302 3534; x_wconf 69' lang='lat' dir='ltr'>&#39;udalgerius</span> <span class='ocrx_word' id='word_1_301' title='bbox 315 3459 343 3511; x_wconf 89' lang='lat' dir='ltr'>et</span> <span class='ocrx_word' id='word_1_302' title='bbox 355 3449 415 3508; x_wconf 91' lang='lat' dir='ltr'>otio</span> <span class='ocrx_word' id='word_1_303' title='bbox 424 3449 631 3516; x_wconf 84' lang='lat' dir='ltr'>inescarentur,</span> <span class='ocrx_word' id='word_1_304' title='bbox 642 3445 768 3524; x_wconf 92' lang='lat' dir='ltr'>denique</span> <span class='ocrx_word' id='word_1_305' title='bbox 783 3443 823 3502; x_wconf 92' lang='lat' dir='ltr'>sic</span> <span class='ocrx_word' id='word_1_306' title='bbox 837 3461 940 3503; x_wconf 89' lang='lat' dir='ltr'>omnes</span> <span class='ocrx_word' id='word_1_307' title='bbox 950 3457 1048 3506; x_wconf 87' lang='lat' dir='ltr'>essent</span> <span class='ocrx_word' id='word_1_308' title='bbox 1058 3447 1163 3521; x_wconf 88' lang='lat' dir='ltr'>affecti,</span> <span class='ocrx_word' id='word_1_309' title='bbox 1177 3461 1210 3510; x_wconf 92' lang='lat' dir='ltr'>ut</span> 
     </span>
     <span class='ocr_line' id='line_1_36' title="bbox 112 3537 1211 3625; baseline -0.012 -12"><span class='ocrx_word' id='word_1_310' title='bbox 112 3553 154 3613; x_wconf 80' lang='lat' dir='ltr'>&#39;ad</span> <span class='ocrx_word' id='word_1_311' title='bbox 170 3570 203 3610; x_wconf 91' lang='lat' dir='ltr'>se</span> <span class='ocrx_word' id='word_1_312' title='bbox 226 3544 344 3625; x_wconf 90' lang='lat' dir='ltr'>quidem</span> <span class='ocrx_word' id='word_1_313' title='bbox 361 3539 439 3600; x_wconf 90' lang='lat' dir='ltr'>s&#39;olos</span> <span class='ocrx_word' id='word_1_314' title='bbox 459 3539 567 3598; x_wconf 85' lang='lat' dir='ltr'>malum</span> <span class='ocrx_word' id='word_1_315' title='bbox 588 3557 647 3597; x_wconf 91' lang='lat' dir='ltr'>non</span> <span class='ocrx_word' id='word_1_316' title='bbox 671 3556 856 3597; x_wconf 88' lang='lat' dir='ltr'>accessurum</span> <span class='ocrx_word' id='word_1_317' title='bbox 875 3537 981 3616; x_wconf 85' lang='lat' dir='ltr'>singuli</span> <span class='ocrx_word' id='word_1_318' title='bbox 1003 3541 1211 3613; x_wconf 82' lang='lat' dir='ltr'>existimarent,</span> 
     </span>
     <span class='ocr_line' id='line_1_37' title="bbox 115 3627 1208 3714; baseline -0.005 -18"><span class='ocrx_word' id='word_1_319' title='bbox 115 3643 171 3704; x_wconf 74' lang='lat' dir='ltr'>s&#39;ed</span> <span class='ocrx_word' id='word_1_320' title='bbox 184 3637 286 3704; x_wconf 84' lang='lat' dir='ltr'>alienis</span> <span class='ocrx_word' id='word_1_321' title='bbox 298 3632 433 3714; x_wconf 87' lang='lat' dir='ltr'>periculis</span> <span class='ocrx_word' id='word_1_322' title='bbox 447 3651 493 3691; x_wconf 87' lang='lat' dir='ltr'>res</span> <span class='ocrx_word' id='word_1_323' title='bbox 507 3649 575 3690; x_wconf 91' lang='lat' dir='ltr'>suas</span> <span class='ocrx_word' id='word_1_324' title='bbox 595 3631 625 3688; x_wconf 91' lang='lat' dir='ltr'>in</span> <span class='ocrx_word' id='word_1_325' title='bbox 645 3639 709 3688; x_wconf 91' lang='lat' dir='ltr'>tuto</span> <span class='ocrx_word' id='word_1_326' title='bbox 728 3649 759 3688; x_wconf 85' lang='lat' dir='ltr'>se</span> <span class='ocrx_word' id='word_1_327' title='bbox 779 3627 922 3688; x_wconf 87' lang='lat' dir='ltr'>collocare</span> <span class='ocrx_word' id='word_1_328' title='bbox 941 3647 1029 3708; x_wconf 89' lang='lat' dir='ltr'>posse</span> <span class='ocrx_word' id='word_1_329' title='bbox 1049 3632 1208 3692; x_wconf 86' lang='lat' dir='ltr'>crederent.</span> 
     </span>
     <span class='ocr_line' id='line_1_38' title="bbox 114 3721 1209 3813; baseline -0.009 -22"><span class='ocrx_word' id='word_1_330' title='bbox 114 3737 220 3813; x_wconf 83' lang='lat' dir='ltr'>ltaque</span> <span class='ocrx_word' id='word_1_331' title='bbox 233 3725 413 3788; x_wconf 90' lang='lat' dir='ltr'>multitudini</span> <span class='ocrx_word' id='word_1_332' title='bbox 427 3724 527 3802; x_wconf 86' lang='lat' dir='ltr'>opinor</span> <span class='ocrx_word' id='word_1_333' title='bbox 540 3724 596 3783; x_wconf 92' lang='lat' dir='ltr'>hoc</span> <span class='ocrx_word' id='word_1_334' title='bbox 610 3741 667 3782; x_wconf 89' lang='lat' dir='ltr'>usu</span> <span class='ocrx_word' id='word_1_335' title='bbox 677 3722 765 3793; x_wconf 87' lang='lat' dir='ltr'>venit,</span> <span class='ocrx_word' id='word_1_336' title='bbox 775 3731 809 3780; x_wconf 92' lang='lat' dir='ltr'>ut</span> <span class='ocrx_word' id='word_1_337' title='bbox 820 3741 874 3801; x_wconf 89' lang='lat' dir='ltr'>pro</span> <span class='ocrx_word' id='word_1_338' title='bbox 883 3721 995 3782; x_wconf 85' lang='lat' dir='ltr'>infinita</span> <span class='ocrx_word' id='word_1_339' title='bbox 1004 3722 1053 3780; x_wconf 87' lang='lat' dir='ltr'>ilia</span> <span class='ocrx_word' id='word_1_340' title='bbox 1064 3732 1093 3781; x_wconf 90' lang='lat' dir='ltr'>et</span> <span class='ocrx_word' id='word_1_341' title='bbox 1105 3723 1209 3782; x_wconf 89' lang='lat' dir='ltr'>intem·</span> 
     </span>
     <span class='ocr_line' id='line_1_39' title="bbox 111 3815 1209 3911; baseline -0.015 -21"><span class='ocrx_word' id='word_1_342' title='bbox 111 3821 349 3911; x_wconf 86' lang='lat' dir='ltr'>&#39;pestivadesidia</span> <span class='ocrx_word' id='word_1_343' title='bbox 358 3819 518 3878; x_wconf 90' lang='lat' dir='ltr'>libertatem</span> <span class='ocrx_word' id='word_1_344' title='bbox 528 3817 685 3882; x_wconf 85' lang='lat' dir='ltr'>amitteret:</span> <span class='ocrx_word' id='word_1_345' title='bbox 696 3815 872 3894; x_wconf 90' lang='lat' dir='ltr'>principibus</span> <span class='ocrx_word' id='word_1_346' title='bbox 878 3833 946 3876; x_wconf 84' lang='lat' dir='ltr'>vero</span> <span class='ocrx_word' id='word_1_347' title='bbox 952 3815 1058 3892; x_wconf 91' lang='lat' dir='ltr'>quique</span> <span class='ocrx_word' id='word_1_348' title='bbox 1065 3831 1095 3872; x_wconf 91' lang='lat' dir='ltr'>se</span> <span class='ocrx_word' id='word_1_349' title='bbox 1102 3825 1209 3877; x_wconf 70' lang='lat' dir='ltr'>cetera</span> 
     </span>
     <span class='ocr_line' id='line_1_40' title="bbox 109 3905 1208 4004; baseline -0.009 -23"><span class='ocrx_word' id='word_1_350' title='bbox 109 3919 225 4004; x_wconf 75' lang='lat' dir='ltr'>&#39;praeter</span> <span class='ocrx_word' id='word_1_351' title='bbox 233 3917 346 3994; x_wconf 87' lang='lat' dir='ltr'>seipsos</span> <span class='ocrx_word' id='word_1_352' title='bbox 352 3912 479 3972; x_wconf 86' lang='lat' dir='ltr'>vendere</span> <span class='ocrx_word' id='word_1_353' title='bbox 484 3910 636 3989; x_wconf 88' lang='lat' dir='ltr'>putabant,</span> <span class='ocrx_word' id='word_1_354' title='bbox 647 3918 679 3967; x_wconf 89' lang='lat' dir='ltr'>ut</span> <span class='ocrx_word' id='word_1_355' title='bbox 688 3906 744 3986; x_wconf 92' lang='lat' dir='ltr'>ipsi</span> <span class='ocrx_word' id='word_1_356' title='bbox 753 3927 817 3966; x_wconf 93' lang='lat' dir='ltr'>sese</span> <span class='ocrx_word' id='word_1_357' title='bbox 822 3907 928 3986; x_wconf 86' lang='lat' dir='ltr'>primos</span> <span class='ocrx_word' id='word_1_358' title='bbox 939 3905 1066 3964; x_wconf 90' lang='lat' dir='ltr'>omnium</span> <span class='ocrx_word' id='word_1_359' title='bbox 1075 3907 1208 3971; x_wconf 87' lang='lat' dir='ltr'>venditos</span> 
     </span>
    </p>
   </div>
   <div class='ocr_carea' id='block_1_5' title="bbox 116 3997 1304 4080">
    <p class='ocr_par' dir='ltr' id='par_1_6' title="bbox 116 3997 1304 4080">
     <span class='ocr_line' id='line_1_41' title="bbox 116 3997 1304 4080; baseline -0.02 -6"><span class='ocrx_word' id='word_1_360' title='bbox 116 4031 186 4074; x_wconf 91' lang='lat' dir='ltr'>esse</span> <span class='ocrx_word' id='word_1_361' title='bbox 195 4008 345 4069; x_wconf 67' lang='lat' dir='ltr'>sonarent</span> <span class='ocrx_word' id='word_1_362' title='bbox 359 4005 473 4063; x_wconf 89' lang='lat' dir='ltr'>Etenim</span> <span class='ocrx_word' id='word_1_363' title='bbox 482 4021 534 4080; x_wconf 90' lang='lat' dir='ltr'>pro</span> <span class='ocrx_word' id='word_1_364' title='bbox 544 4000 643 4060; x_wconf 88' lang='lat' dir='ltr'>amicis</span> <span class='ocrx_word' id='word_1_365' title='bbox 653 4011 740 4078; x_wconf 89' lang='lat' dir='ltr'>atque</span> <span class='ocrx_word' id='word_1_366' title='bbox 750 3997 923 4077; x_wconf 85' lang='lat' dir='ltr'>hospitibus,</span> <span class='ocrx_word' id='word_1_367' title='bbox 934 4015 1000 4072; x_wconf 84' lang='lat' dir='ltr'>quae</span> <span class='ocrx_word' id='word_1_368' title='bbox 1010 4005 1071 4054; x_wconf 90' lang='lat' dir='ltr'>tum</span> <span class='ocrx_word' id='word_1_369' title='bbox 1080 4002 1207 4076; x_wconf 76' lang='lat' dir='ltr'>nomina,</span> <span class='ocrx_word' id='word_1_370' title='bbox 1301 4056 1304 4068; x_wconf 36' lang='lat'><strong><em>¹</em></strong></span> 
     </span>
    </p>
   </div>
   <div class='ocr_carea' id='block_1_6' title="bbox 105 4091 1208 4546">
    <p class='ocr_par' dir='ltr' id='par_1_7' title="bbox 113 4091 1208 4262">
     <span class='ocr_line' id='line_1_42' title="bbox 115 4091 1208 4174; baseline -0.01 -8"><span class='ocrx_word' id='word_1_371' title='bbox 115 4123 187 4166; x_wconf 90' lang='lat' dir='ltr'>cum</span> <span class='ocrx_word' id='word_1_372' title='bbox 200 4099 367 4159; x_wconf 88' lang='lat' dir='ltr'>muneribus</span> <span class='ocrx_word' id='word_1_373' title='bbox 380 4094 647 4170; x_wconf 89' lang='lat' dir='ltr'>corrumpebantur,</span> <span class='ocrx_word' id='word_1_374' title='bbox 663 4091 853 4168; x_wconf 87' lang='lat' dir='ltr'>accipiebant,</span> <span class='ocrx_word' id='word_1_375' title='bbox 872 4105 949 4174; x_wconf 84' lang='lat' dir='ltr'>nunc</span> <span class='ocrx_word' id='word_1_376' title='bbox 961 4100 1156 4153; x_wconf 85' lang='lat' dir='ltr'>assentatores</span> <span class='ocrx_word' id='word_1_377' title='bbox 1178 4109 1208 4155; x_wconf 90' lang='lat' dir='ltr'>et</span> 
     </span>
     <span class='ocr_line' id='line_1_43' title="bbox 113 4179 1126 4262; baseline -0.014 -6"><span class='ocrx_word' id='word_1_378' title='bbox 113 4197 173 4256; x_wconf 91' lang='lat' dir='ltr'>diis</span> <span class='ocrx_word' id='word_1_379' title='bbox 186 4191 273 4252; x_wconf 90' lang='lat' dir='ltr'>invisi</span> <span class='ocrx_word' id='word_1_380' title='bbox 286 4200 316 4248; x_wconf 90' lang='lat' dir='ltr'>et</span> <span class='ocrx_word' id='word_1_381' title='bbox 328 4195 435 4248; x_wconf 81' lang='lat' dir='ltr'>coetera</span> <span class='ocrx_word' id='word_1_382' title='bbox 445 4183 473 4242; x_wconf 92' lang='lat' dir='ltr'>id</span> <span class='ocrx_word' id='word_1_383' title='bbox 482 4203 572 4262; x_wconf 85' lang='lat' dir='ltr'>genus</span> <span class='ocrx_word' id='word_1_384' title='bbox 583 4183 689 4254; x_wconf 90' lang='lat' dir='ltr'>omnia,</span> <span class='ocrx_word' id='word_1_385' title='bbox 702 4181 805 4258; x_wconf 89' lang='lat' dir='ltr'>quibus</span> <span class='ocrx_word' id='word_1_386' title='bbox 816 4179 895 4254; x_wconf 81' lang='lat' dir='ltr'>digni</span> <span class='ocrx_word' id='word_1_387' title='bbox 907 4187 984 4249; x_wconf 90' lang='lat' dir='ltr'>sunt,</span> <span class='ocrx_word' id='word_1_388' title='bbox 994 4181 1126 4242; x_wconf 89' lang='lat' dir='ltr'>audiunt.</span> 
     </span>
    </p>

    <p class='ocr_par' dir='ltr' id='par_1_8' title="bbox 105 4267 1208 4546">
     <span class='ocr_line' id='line_1_44' title="bbox 105 4267 1207 4358; baseline -0.009 -13"><span class='ocrx_word' id='word_1_389' title='bbox 105 4349 110 4358; x_wconf 70' lang='grc'>,</span> <span class='ocrx_word' id='word_1_390' title='bbox 159 4289 215 4348; x_wconf 63' lang='grc' dir='ltr'>15.λ</span> <span class='ocrx_word' id='word_1_391' title='bbox 229 4283 321 4343; x_wconf 86' lang='lat' dir='ltr'>Jure:</span> <span class='ocrx_word' id='word_1_392' title='bbox 339 4297 425 4338; x_wconf 87' lang='lat' dir='ltr'>nemo</span> <span class='ocrx_word' id='word_1_393' title='bbox 440 4276 527 4348; x_wconf 87' lang='lat' dir='ltr'>enim,</span> <span class='ocrx_word' id='word_1_394' title='bbox 540 4274 743 4356; x_wconf 62' lang='lat' dir='ltr'>Athenienses</span> <span class='ocrx_word' id='word_1_395' title='bbox 758 4289 816 4348; x_wconf 93' lang='lat' dir='ltr'>quo</span> <span class='ocrx_word' id='word_1_396' title='bbox 837 4267 988 4346; x_wconf 88' lang='lat' dir='ltr'>proditoris</span> <span class='ocrx_word' id='word_1_397' title='bbox 1003 4273 1119 4334; x_wconf 90' lang='lat' dir='ltr'>utilitati</span> <span class='ocrx_word' id='word_1_398' title='bbox 1136 4295 1207 4334; x_wconf 89' lang='lat' dir='ltr'>con-</span> 
     </span>
     <span class='ocr_line' id='line_1_45' title="bbox 105 4359 1208 4454; baseline -0.009 -17"><span class='ocrx_word' id='word_1_399' title='bbox 105 4379 198 4442; x_wconf 78' lang='lat' dir='ltr'>·sulat</span> <span class='ocrx_word' id='word_1_400' title='bbox 215 4371 377 4454; x_wconf 76' lang='lat' dir='ltr'>pecuniam.</span> <span class='ocrx_word' id='word_1_401' title='bbox 385 4368 513 4440; x_wconf 85' lang='lat' dir='ltr'>insumit,</span> <span class='ocrx_word' id='word_1_402' title='bbox 531 4386 626 4444; x_wconf 87' lang='lat' dir='ltr'>neque</span> <span class='ocrx_word' id='word_1_403' title='bbox 647 4374 801 4442; x_wconf 86' lang='lat' dir='ltr'>postquam</span> <span class='ocrx_word' id='word_1_404' title='bbox 816 4359 853 4420; x_wconf 89' lang='lat' dir='ltr'>iis</span> <span class='ocrx_word' id='word_1_405' title='bbox 873 4381 938 4439; x_wconf 84' lang='lat' dir='ltr'>quae</span> <span class='ocrx_word' id='word_1_406' title='bbox 957 4363 1080 4424; x_wconf 87' lang='lat' dir='ltr'>redemit</span> <span class='ocrx_word' id='word_1_407' title='bbox 1098 4367 1208 4445; x_wconf 87' lang='lat' dir='ltr'>potitus</span> 
     </span>
     <span class='ocr_line' id='line_1_46' title="bbox 114 4453 1207 4546; baseline -0.016 -13"><span class='ocrx_word' id='word_1_408' title='bbox 114 4473 165 4546; x_wconf 82' lang='lat' dir='ltr'>sit,</span> <span class='ocrx_word' id='word_1_409' title='bbox 177 4470 215 4529; x_wconf 88' lang='lat' dir='ltr'>de</span> <span class='ocrx_word' id='word_1_410' title='bbox 224 4467 260 4524; x_wconf 89' lang='lat' dir='ltr'>iis</span> <span class='ocrx_word' id='word_1_411' title='bbox 273 4483 340 4542; x_wconf 73' lang='lat' dir='ltr'>qum</span> <span class='ocrx_word' id='word_1_412' title='bbox 351 4459 696 4539; x_wconf 65' lang='lat' dir='ltr'>⁴supersunt-proditorem</span> <span class='ocrx_word' id='word_1_413' title='bbox 710 4457 740 4516; x_wconf 90' lang='lat' dir='ltr'>iu</span> <span class='ocrx_word' id='word_1_414' title='bbox 753 4453 905 4518; x_wconf 85' lang='lat' dir='ltr'>consilium</span> <span class='ocrx_word' id='word_1_415' title='bbox 919 4455 1055 4525; x_wconf 77' lang='lat' dir='ltr'>adhibet3</span> <span class='ocrx_word' id='word_1_416' title='bbox 1076 4458 1117 4520; x_wconf 84' lang='lat' dir='ltr'>sie</span> <span class='ocrx_word' id='word_1_417' title='bbox 1131 4461 1207 4520; x_wconf 83' lang='lat' dir='ltr'>enim</span> 
     </span>
    </p>
   </div>
   <div class='ocr_carea' id='block_1_7' title="bbox 0 0 1448 4946">
    <p class='ocr_par' dir='ltr' id='par_1_9' title="bbox 0 0 1448 4946">
     <span class='ocr_line' id='line_1_47' title="bbox 0 0 1448 4946; baseline 0 3"><span class='ocrx_word' id='word_1_418' title='bbox 0 0 1448 4946; x_wconf 95' lang='lat' dir='ltr'> </span> 
     </span>
    </p>
   </div>
  </div>
 </body>
</html>
