2946 4954
475 335 533 399 os
556 335 827 402 muraenam
848 296 1097 398 isenricus.
1271 337 1330 395 aas
1431 427 1435 434 Ι

635 589 638 597 ’
677 625 870 688 navorro.
953 649 962 714 4-

223 741 299 810 Haec
320 767 374 826 pro
384 752 486 830 vobis,
509 754 746 829 Athenienses,
738 777 769 816 ιιι
791 755 914 833 singulis
929 753 1119 820 concionibus
1137 770 1235 832 preco
1251 762 1322 814 vota

220 836 304 910 lacit,
318 842 458 913 mandata
470 844 593 936 legibus,
605 857 719 908 etcum
738 857 855 908 senatus
869 847 1013 920 consedit,
1031 845 1123 925 apud
1123 865 1191 904 eum
1204 847 1318 925 repetit.

222 927 392 1008 Nequeiste
403 957 446 996 se
443 937 535 998 hese
521 959 662 1022 ignorare
670 948 768 1018 potest
777 940 896 1000 dicere.
904 939 978 1000 dum
984 957 1061 998 enrm
1075 937 1224 1016 scriptioni
1238 939 1318 1043 apud

221 1039 277 1080 vos
290 1023 372 1085 deret
389 1047 520 1106 operam,
540 1041 575 1090 et
590 1033 705 1092 senatui
726 1020 887 1103 inserviret,
905 1029 969 1110 ipse
987 1029 1083 1108 legem
1096 1029 1178 1088 hanc
1190 1030 1318 1106 praeconi

219 1118 384 1182 enarrabat.
402 1119 517 1181 Annon
529 1121 790 1200 igiturabsnrdum
803 1121 955 1201 quiddam,
965 1130 995 1180 et
1006 1139 1101 1210 rerum
1116 1117 1229 1184 naturae
1243 1139 1316 1180 con-

217 1205 339 1290 trarium
348 1209 542 1286 fennensi,
555 1234 622 1291 quae
637 1213 866 1286 mandatis,1mo
878 1232 944 1291 quae
961 1213 1069 1291 petitis,
1083 1221 1117 1269 ut
1136 1210 1176 1268 dii
1187 1219 1315 1272 vestran
1391 1258 1393 1264 a

215 1295 311 1357 vicem
324 1315 533 1381 exsequentur,
546 1326 583 1364 aa
596 1325 663 1366 cum
683 1305 772 1364 hodie
786 1307 816 1364 in
836 1310 985 1381 vestrapte¹
1000 1311 1090 1362 manu
1107 1302 1176 1374 sint,
1190 1321 1250 1362 non
1261 1303 1315 1364 ia·
1331 1357 1333 1364 .

215 1389 318 1449 cletis:
342 1394 494 1472 sedquem
509 1395 613 1456 abillis
627 1395 703 1455 male
717 1395 801 1472 perdi
814 1395 930 1472 optatis,
944 1393 1051 1470 ipsum,
1066 1401 1097 1450 et
1112 1409 1216 1494 genus,
1229 1403 1260 1452 et
1273 1395 1330 1454 la·'

214 1477 364 1538 miliam'
339 1502 413 1560 ejus,
429 1504 496 1543 eum
507 1485 570 1563 ipsi
588 1484 764 1544 absolveris:
786 1483 989 1562 Nequaquam.
1014 1481 1091 1542 Nam
1101 1481 1150 1560 qui
1163 1501 1215 1540 vos
1230 1483 1313 1546 retal
1371 1487 1377 1496 ”

213 1568 291 1642 lerit,
312 1591 379 1632 eum
405 1574 460 1634 diis
483 1575 662 1653 puniendum
682 1574 868 1654 relinquite:
882 1593 969 1651 quem
985 1591 1054 1634 rero
1075 1573 1132 1652 ipsi
1151 1570 1312 1698 deprehen·

213 1660 327 1733 desitis,
344 1663 382 1723 de
395 1683 432 1723 eo
446 1665 539 1739 nihil
527 1687 589 1746 Jam
603 1668 660 1728 illis
673 1667 854 1729 mandatote

258 1756 307 1816 25
322 1755 375 1822 Eo
390 1766 487 1817 autem
490 1760 686 1837 impudentias
697 1768 727 1819 et
741 1759 871 1819 audacias
880 1768 1039 1820 renarrem
1050 1776 1118 1817 eum
1131 1767 1200 1818 esse
1211 1757 1310 1838 audio,

213 1853 260 1914 ut,
274 1847 410 1906 omnibus
425 1851 498 1908 actis
517 1850 638 1922 cedens,
649 1851 925 1930 *quee‘renunciaviq
938 1870 1004 1928 qum
1017 1848 1166 1929 pollicitus
1190 1857 1245 1921 est,
1259 1845 1311 1930 per

212 1955 282 2014 quae
296 1941 504 2018 rempublicam
514 1942 640 2023 decepit,
655 1954 796 2050 tanquam
816 1943 895 2021 apud
911 1942 984 2002 alios
997 1940 1150 2019 quospiam
1163 1940 1309 2020 judicium

211 2043 391 2103 exerceatur,
404 2052 463 2093 non
477 2035 556 2114 apud
569 2055 623 2097 vos
632 2035 684 2114 qui
698 2035 795 2094 omnia
807 2035 910 2107 nostis,
923 2034 1047 2112 primum
1058 2031 1308 2104 Lacedoemonios,

210 2121 320 2183 deinde
328 2125 507 2202 Phocenses,
515 2130 638 2208 densque
648 2120 889 2208 Heg'esippumsit
899 2134 1098 2186 accusaturus.
1108 2123 1308 2202 Quaequrdern
1323 2125 1325 2131 ’

210 2213 336 2274 ridicula
346 2228 425 2296 sunt,
438 2220 486 2278 vel
499 2239 619 2280 summm
631 2222 733 2300 potius
742 2227 810 2278 sunt
822 2215 1020 2296 impudentias.
1049 2215 1127 2282 Quae
1133 2214 1210 2274 enim
1227 2233 1306 2275 nunc

209 2305 291 2376 dicet
310 2309 354 2368 de
366 2263 574 2386 Phdcensibus‚
594 2322 646 2372 aut
662 2309 906 2380 Lacedae'moniis‚
930 2317 982 2368 aut
998 2306 1180 2386 Hegesippo,
1200 2315 1252 2364 aut
1270 2306 1319 2366 de.

210 2395 349 2458 Proxeno
362 2421 420 2467 non
431 2414 549 2482 recepto
560 2405 632 2463 ab
607 2423 661 2476 ers,
676 2412 728 2462 aut
740 2403 777 2461 de
791 2403 937 2478 impietate
947 2418 1056 2470 eorum,
1067 2407 1119 2457 aut
1132 2416 1307 2474 quocunque

210 2490 330 2550 nomine
340 2511 389 2552 eos
403 2493 563 2566 accusabit,
572 2513 608 2553 ea
617 2502 696 2567 certe
705 2488 1026 2559 facta-fuerantomnia,
1039 2488 1207 2567 priusquam
1216 2487 1310 2566 legati·

208 2579 259 2648 isti
272 2581 331 2642 hue
344 2583 509 2645 venissent:
530 2603 624 2663 neque
643 2579 809 2653 obstabant,
822 2580 989 2659 quominus
1004 2577 1170 2656 Phocenses
1184 2598 1305 2639 conser-

206 2669 426 2754 varentur5quo
436 2675 573 2737 auctora?
593 2674 688 2734 isthoc
696 2674 767 2752 ipso
777 2671 926 2732 AEschine.
945 2671 1050 2748 Neque
1063 2670 1141 2729 enim
1155 2669 1180 2728 si
1193 2671 1306 2748 absque

208 2761 439 2826 Lacedaemoniis
453 2777 542 2840 esset,
554 2784 648 2844 neque
663 2765 688 2824 si
708 2765 875 2824 Proxenum
893 2781 950 2822 non
966 2761 1149 2840 repulissent,
1168 2780 1261 2838 neque
1279 2764 1305 2824 si

208 2873 264 2930 per
274 2855 472 2937 Hegesippum
483 2878 542 2918 non
553 2857 690 2930 stetisset,
702 2877 797 2935 neque
808 2855 900 2914 sihor
914 2854 959 2913 vel
970 2851 1042 2916 illud
1053 2871 1113 2930 pon
1124 2853 1303 2930 impedisset,

209 2947 412 3009 conservatum
426 2951 460 3008 iri
470 2951 650 3022 Phocenses,
662 2965 722 3008 non
736 2949 777 3007 ita
789 2955 852 3006 tum
866 2944 1063 3006 renunciavit:
1086 2943 1139 3004 sed
1150 2945 1197 3002 his'
1210 2946 1303 3003 omni·

207 3036 265 3110 bus.
276 3041 441 3116 praeteritis,
453 3061 485 3101 se
498 3042 633 3103 advenire
649 3039 743 3100 verbis
758 3037 872 3098 disertis
887 3035 970 3108 dixit,
985 3055 1020 3096 ac
1037 3035 1217 3114 persuasisse
1232 3034 1303 3104 Phi·
1326 3049 1330 3062 ·

204 3126 288 3206 lippo
300 3142 333 3189 ut
343 3131 510 3203 Phocenses
524 3139 718 3204 conservaret,
729 3138 761 3188 ut
771 3126 893 3190 Boeotiae
906 3129 994 3185 urbes
1006 3127 1190 3196 instauraret,
1204 3134 1239 3184 ut
1250 3145 1301 3194 ve·

207 3226 276 3275 stra
291 3222 455 3284 auctoritati
467 3223 585 3302 negotia
597 3220 800 3285 committeret,
814 3237 857 3274 ‚ea
871 3217 968 3275 statim
985 3215 1153 3274 confectum
1168 3214 1203 3276 ιιι
1225 3215 1302 3276 intra

204 3307 338 3386 biduom,
347 3323 398 3388 aut
410 3316 555 3388 triduum,
562 3320 714 3414 propterea
727 3327 759 3366 se
773 3325 797 3366 a
802 3303 948 3366 Thebanis
962 3303 1164 3390 proscriptum,
1176 3306 1301 3384 pronde
1362 3335 1368 3342 ·

207 3419 242 3460 sa
251 3401 428 3464 interfectori
442 3407 578 3484 pecunia.

247 3493 294 3564 26.
319 3493 387 3555 Ne
378 3495 467 3573 igitur
480 3514 515 3554 oa
538 3516 603 3575 quae
623 3505 689 3555 ante
704 3495 787 3554 istius
802 3489 1051 3567 renunciationem
1064 3448 1113 3550 rel
1130 3453 1300 3552 abecedar-

202 3583 310 3644 moniis
331 3587 409 3646 facta
430 3588 568 3662 fuerunt,
579 3587 627 3646 vel
641 3608 659 3648 a
673 3583 903 3659 Phocensibus,
911 3584 1045 3656 audiatis,
1068 3593 1120 3643 aut
1138 3584 1298 3662 patiamini,
1405 3669 1408 3672 ῃ

201 3695 302 3754 neque
312 3677 508 3739 Phocenrium
523 3697 659 3740 accusare
674 3680 883 3758 improbitatem
895 3677 1007 3738 sinatis.
1031 3675 1136 3752 Neque
1150 3676 1226 3734 enim
1237 3675 1299 3736 La·

200 3769 398 3830 cedaemonios
412 3771 479 3830 olim
493 3779 609 3850 propter
621 3772 756 3829 ιιιιιιιειιι
769 3767 869 3829 corum
883 3768 1085 3838 conservastis,
1099 3783 1195 3843 neque
1213 3785 1298 3826 exse-

200 3861 329 3920 crandos
339 3861 406 3921 illos
416 3863 607 3934 Euboeenses,
617 3881 712 3939 neque
723 3859 795 3921 alios
809 3861 935 3924 multos:
950 3859 1003 3920 sed
1016 3857 1095 3935 quod
1109 3871 1160 3916 eos
1171 3875 1239 3918 esse
1252 3859 1298 3920 in·

198 3951 342 4023 colnmes,
352 3973 368 4012 e
377 3955 524 4033 republica
532 3963 605 4035 erat,
615 3963 648 4012 ut
656 3953 743 4013 etiam
754 3971 833 4014 nunc
842 3952 1021 4012 Phocenses.
1035 3947 1153 4023 thuid
1162 3947 1304 4012 Phocea·-

197 4045 262 4118 ses,
277 4055 327 4105 aut
341 4039 562 4119 Lacedaemonii,
577 4057 626 4106 aut
644 4065 709 4119 vos,
724 4053 773 4104 aut
789 4044 838 4108 alii
860 4043 948 4119 aliqui
961 4038 1099 4098 mortales
1121 4039 1298 4120 deliquerint

194 4146 272 4217 post
283 4133 367 4198 istius
380 4142 478 4212 verbe,
491 4159 558 4218 *quo
571 4140 666 4199 minus
679 4143 742 4214 ejus
760 4136 917 4197 orationem
932 4139 1054 4192 eventus
1073 4143 1252 4210 sequeretur,
1265 4136 1296 4196 id
1330 4143 1333 4148 '

192 4228 333 4307 rogitate.
349 4229 455 4308 Neque
467 4232 543 4291 enim
554 4231 707 4292 ostendere
719 4237 825 4308 potest.
848 4221 1141 4300 Namquinquedies
1152 4223 1296 4286 duntaxat

191 4322 435 4397 intercesserunt,
460 4326 490 4383 in
511 4325 623 4402 quibus
637 4324 691 4382 iste
714 4320 790 4380 falsa
809 4315 1005 4378 renunciavit:
1036 4335 1088 4376 vos
1112 4315 1292 4376 credidistis:

192 4412 368 4477 Phocenses
378 4407 564 4476 audiuerant:
580 4435 611 4476 se
626 4411 813 4474 dediderunt:
829 4407 985 4489 pericpuut.
998 4405 1085 4466 Unde
1094 4406 1293 4514 opinaretiam
