2920 4950
496 481 856 581 Anovuuuron
958 489 980 542 ·,

213 619 582 762 visura-mcc
610 628 877 728 secusne
903 643 1150 748 (suumn)

666 803 708 844 EX

523 907 847 998 roouucu10.

164 1035 1240 1138 sveoosoutsmeunofurnnncv,viocenomanensis-

133 1153 251 1196 versante
256 1141 384 1208 Demade,
389 1141 514 1195 sententia
520 1141 621 1194 vicerit.
635 1138 774 1210 Itaquead
781 1137 921 1218 Olynthios
928 1137 1110 1209 defendendos,
1120 1133 1241 1204 (quibus,

133 1242 213 1297 quum
230 1235 307 1280 tanta
318 1243 362 1279 eos
373 1235 505 1296 presneret
517 1224 664 1289 necessitas,
680 1233 738 1294 qua
753 1223 790 1276 ad
804 1223 953 1276 universam
964 1221 1027 1275 item
1041 1217 1173 1272 omnen
1184 1234 1243 1286 spc-

133 1309 227 1376 ctobat,
240 1305 367 1362 artemius
375 1306 427 1361 alio
437 1299 624 1377 auxiliumsuit
629 1307 644 1376 )
653 1306 764 1375 triqinto
777 1307 908 1369 triremes,
917 1303 1080 1373 militumque
1089 1299 1140 1355 duo
1148 1297 1241 1362 millia,

133 1389 250 1444 Charete*
261 1391 334 1456 duce,
354 1391 479 1445 summane
496 1387 677 1444 Athenienses.
725 1387 794 1441 Hac
810 1405 873 1440 vero
888 1385 1001 1440 subsidia
1019 1402 1100 1456 neque
1119 1381 1243 1453 Philippi

130 1481 308 1546 progressum
319 1473 454 1544 impedire,
466 1487 513 1526 uec
525 1487 583 1526 eum
593 1490 610 1525 a
621 1469 737 1526 consiliis
752 1471 826 1524 initis
832 1480 958 1542 poterant
968 1468 1105 1524 divertere.
1148 1463 1243 1538 Itaque

134 1557 162 1610 in
179 1553 333 1612 Chalcidem
347 1553 493 1634 profectus,
502 1551 622 1625 plurimo
634 1555 671 1630 ibi
683 1555 739 1630 heu
750 1563 868 1624 occupat,
887 1551 994 1607 Zeirom
1014 1549 1147 1606 castellum
1164 1567 1245 1624 expu-

133 1648 249 1712 grsatum
261 1638 354 1703 diruit,
364 1637 528 1708 omnibusque
535 1654 588 1709 per
599 1645 679 1691 totam
690 1634 768 1690 istam
781 1631 912 1706 reqionem
926 1631 1050 1706 maffeium
1063 1632 1104 1688 sesi
1116 1643 1246 1686 terrorem
1262 1663 1263 1666 =

135 1721 233 1794 injicit.
254 1719 378 1792 Olynthii
385 1719 479 1792 igitur,
490 1719 586 1790 quippe
595 1719 640 1792 qui
648 1720 760 1772 moriem
767 1727 926 1789 peteretur,
936 1717 1077 1788 quibusque
1086 1714 1246 1784 qravunmu

136 1805 169 1860 ab
178 1821 209 1859 eo
220 1802 383 1858 calamitates
394 1802 568 1867 imminerent,
580 1801 809 1856 Athenasiterum
819 1801 936 1864 mittunt,
947 1800 994 1870 qui
1004 1816 1070 1852 ewra
1080 1796 1155 1852 illino
1165 1796 1248 1852 subsi-

138 1888 184 1942 dia
194 1885 346 1959 implorent.
384 1883 571 1940 Demosthenes
581 1903 669 1938 eonem
675 1883 810 1955 postulato
821 1892 924 1937 strenue
931 1883 1128 1954 patrocinatur,
1141 1879 1249 1934 evincit-

139 1985 188 2042 que
199 1969 295 2024 debere
303 1959 485 2023 Ashmm'ffl·
494 1983 553 2022 cum
562 1965 666 2038 gloria,
672 1976 728 2020 tum
736 1966 857 2022 utilitatis
864 1955 950 2030 causa,
961 1975 1050 2020 ratum
1058 1963 1249 2036 probatumque

138 2051 283 2123 ¹idhobere.
320 2047 358 2103 In
366 2067 443 2104 sonu
466 2067 520 2104 eme
532 2049 648 2104 herebat
663 2041 715 2114 res,
726 2049 796 2119 quod
805 2049 842 2102 ad
851 2057 969 2120 sumptim
978 2047 1178 2118 suppeditandos
1185 2064 1250 2116 per·
1354 2075 1356 2088 =

142 2133 260 2188 timber:
278 2147 361 2202 quare
374 2130 477 2186 Orator
488 2131 648 2186 uehementer
661 2129 757 2184 invehit
768 2131 798 2182 iu
808 2129 984 2202 perniciosum
1000 2129 1079 2184 burm
1090 2146 1188 2184 morem
1199 2129 1250 2182 mi-

142 2215 402 2289 marapetinum
417 2214 494 2270 ludos
502 2213 619 2286 publicos
634 2205 802 2270 insumenda.
844 2214 893 2268 At
907 2223 1005 2268 testum
1022 2222 1091 2266 recte
1102 2212 1251 2284 intelligen-

143 2302 204 2355 dum
215 2307 418 2361 accensemus
429 2315 472 2351 res
483 2295 562 2350 altitu
572 2306 715 2367 repetatur.
734 2311 735 2316 ¹
745 2295 840 2368 Igitur
850 2297 984 2351 sciendum
995 2305 1042 2361 est,
1056 2295 1143 2350 eodem
1153 2297 1251 2350 ardore

143 2380 390 2450 Atheniensesque
402 2379 503 2434 Grecis
512 2377 634 2434 naturale
646 2388 705 2432 mat
713 2377 859 2450 matricula
871 2379 954 2445 omisis
960 2377 1068 2450 gesseris
1075 2371 1206 2450 appetere,
1216 2379 1253 2432 ad
1288 2371 1291 2376 ’

146 2451 282 2518 theatrum
291 2461 445 2534 confluxisse
452 2480 464 2524 ,·
480 2479 527 2516 nec
537 2479 602 2515 raro
613 2463 649 2516 ad
658 2461 756 2534 plagas
769 2462 847 2516 etism
857 2471 882 2520 et
897 2457 1012 2516 rubero
1022 2461 1160 2528 derasisse,
1175 2463 1252 2516 modo
1299 2479 1303 2485 ·

145 2556 176 2602 ut
187 2545 273 2600 locum
285 2533 401 2613 ulterius
409 2554 574 2616 occuparent,
586 2546 661 2598 nevelo
677 2555 707 2599 ut
723 2555 859 2600 tuerentur
872 2563 958 2600 mmo.
988 2543 1179 2616 Magistratus,
1191 2545 1253 2600 huic

146 2630 214 2684 malo
225 2628 372 2701 remedium
384 2627 505 2682 adhibere
517 2645 595 2699 quum
609 2631 750 2694 studerent,
761 2640 793 2684 ut
807 2628 908 2682 venalia
921 2629 948 2682 in
955 2639 1092 2701 posterum
1103 2640 1185 2683 essesut
1191 2628 1253 2684 loco

146 2712 264 2776 edicere,
273 2711 355 2780 utque
367 2711 433 2763 aluos
444 2710 553 2780 quisque
565 2709 649 2764 obolos
664 2711 760 2765 theatri
778 2711 919 2774 architecto
929 2711 1066 2782 penderet,
1080 2713 1116 2765 od
1123 2722 1254 2782 preston·

148 2796 209 2850 ἀαηι
220 2793 246 2847 ei
256 2792 396 2864 pecuniam
407 2809 485 2863 quam
501 2793 531 2846 iu
549 2785 710 2848 antecessum
720 2804 892 2866 erogaverat:
909 2795 1027 2849 custodes
1041 2794 1119 2850 etiam
1128 2807 1214 2866 portes
1227 2808 1256 2852 ut
1339 2849 1349 2861 ,

146 2883 310 2949 poscerentur
321 2857 456 2940 efficiens,
472 2873 515 2928 'ita
526 2887 556 2930 ut
568 2876 660 2947 plures
672 2893 724 2929 nan
740 2878 873 2931 intrarent
891 2891 969 2947 quam
988 2894 1052 2947 quos
1062 2876 1150 2945 facile
1162 2877 1255 2948 capere

146 2965 233 3031 posset
244 2949 476 3028 anphitheatrum.
499 2955 646 3028 Quiprimi
657 2959 784 3024 venerint,
795 2958 829 3012 iis
840 2955 992 3029 quocumque
1003 2955 1097 3013 cilleut
1107 2959 1206 3014 licinum
1219 2972 1257 3016 est

149 3039 291 3118 considere.
330 3039 424 3110 Itaque
436 3037 491 3094 solo
508 3038 625 3108 ipsoram
636 3040 775 3111 diligentis
790 3057 841 3111 quo
859 3042 979 3095 sederem
992 3041 1082 3094 ordine
1093 3043 1239 3112 praefinivit
1246 3062 1257 3106 ,·

151 3125 245 3195 quique
258 3139 309 3176 uno
321 3122 362 3176 die
373 3121 474 3194 repulsi
487 3121 611 3193 suerent,
628 3141 654 3176 se
661 3116 768 3194 postero
786 3126 827 3178 die
845 3125 979 3196 spectandi
991 3143 1036 3196 spe
1051 3125 1278 3182 cmuolabautur.·

155 3206 243 3267 Quem
251 3197 324 3271 vero,
339 3222 372 3258 ex
383 3205 498 3275 eoquod
507 3205 607 3260 versalia
619 3217 702 3262 essem
717 3206 782 3272 lova,
790 3208 963 3279 pauperiores
975 3209 1042 3261 ciues
1057 3209 1175 3279 oppressi
1190 3210 1259 3266 uide·

153 3299 258 3354 rentur,
276 3305 378 3342 omrtem
388 3287 422 3340 iis
435 3286 547 3358 querele
558 3297 606 3342 aut
621 3288 726 3343 invidia
742 3308 847 3344 causam
862 3290 1007 3361 proripere
1016 3290 1167 3345 studebant:
1185 3298 1261 3364 atqui

153 3367 183 3422 id
192 3388 251 3424 mim
263 3369 355 3424 cerarii
366 3369 461 3441 domno
464 3369 574 3440 factum
589 3379 636 3434 est,
648 3372 718 3442 quod
729 3389 787 3425 cum
800 3390 937 3426 commuue·
948 3383 1018 3427 esset·
1028 3374 1150 3442 omnium,
1162 3385 1192 3429 ut
1202 3394 1262 3430 eum
1275 3368 1279 3375 ’

155 3469 214 3506 σωκ
223 3449 386 3523 pauperibus
403 3461 460 3505 tum
475 3451 598 3506 divitibus
614 3465 746 3522 sumptum
762 3455 938 3528 suppeditaret
949 3457 1116 3512 coustitutum
1131 3466 1177 3511 est.
1217 3457 1264 3512 Iu-

155 3551 219 3588 sana
231 3534 287 3587 hac
293 3534 464 3605 prodigentia
478 3534 539 3589 aliis
555 3535 712 3605 corruptelis
726 3535 795 3590 viam
807 3537 944 3608 patefecit,
959 3556 1106 3610 moremque
1117 3539 1264 3594 introducit

153 3617 238 3682 ,unu
251 3615 369 3688 abacos
385 3617 485 3671 ream
494 3617 662 3687 praeseus
679 3619 831 3690 sisennas.
872 3619 978 3674 oenoe
996 3621 1086 3688 umes,
1100 3631 1131 3674 ue
1148 3620 1264 3686 aenens.
1376 3605 1378 3610 ’

157 3707 237 3766 enses,
254 3697 427 3769 voluptatibus
443 3699 533 3765 dediti,
552 3699 707 3754 admilitia
722 3699 821 3755 labores
833 3699 1005 3772 perferuedos
1020 3719 1131 3773 prorsus
1144 3703 1265 3758 remolle-

156 3791 278 3846 scerent,·
289 3781 417 3852 etiamque
429 3782 577 3854 pereqrius's
592 3779 725 3851 militibus,
740 3801 773 3836 eu
788 3773 881 3855 quibus
896 3801 985 3838 eorum
999 3777 1128 3838 exercitas
1139 3785 1266 3856 conflatus

157 3875 225 3931 erat,
241 3863 374 3936 stipendis
386 3859 503 3934 prabere
516 3882 616 3936 parum
630 3875 763 3920 curarent.
799 3864 928 3930 Eubulus,
936 3866 1062 3938 princeps
1073 3864 1266 3936 ejusfactionis

158 3963 218 4018 quse
229 3945 401 4000 Demostheni
413 3946 609 4023 adversabatur,
622 3965 673 4019 quo
683 3946 775 4020 populi
784 3957 902 4018 captaret
910 3947 1117 4012 benevolentium,
1129 3947 1207 4002 istam
1219 3951 1267 4003 du-

160 4047 236 4083 orum
243 4023 379 4090 obolorum
388 4030 419 4082 de
428 4027 535 4099 publico
546 4022 857 4102 solutioucmperpetuum
866 4048 919 4084 esse
931 4028 1020 4096 voluit,
1030 4029 1160 4102 legemque
1171 4023 1268 4102 saucit,

160 4113 221 4182 qua
231 4107 370 4182 capitalem
381 4111 406 4164 ei
418 4110 521 4182 punam
533 4113 715 4180 minitabatur,
729 4113 775 4184 qui
792 4123 885 4168 auctor
897 4122 961 4166 esset
970 4122 1000 4166 ut
1011 4111 1080 4167 illud
1089 4132 1105 4167 u
1115 4115 1212 4184 populo
1226 4116 1268 4169 be-

160 4193 283 4264 neficium
291 4193 483 4248 detraheretur.
504 4195 691 4250 Demosthenes
702 4196 761 4250 huic
773 4197 824 4266 leqi
834 4193 1092 4266 abroganda'instot,
1108 4198 1203 4270 quippe
1212 4203 1268 4269 qu'ce

160 4275 312 4345 precamini
326 4275 362 4330 sit
377 4275 482 4346 optimis
497 4276 599 4344 civibus,
615 4297 676 4350 quos
689 4289 800 4350 propter
813 4297 869 4332 eam
885 4295 987 4331 necesse
1002 4289 1049 4345 est,
1061 4288 1109 4333 aut
1117 4279 1198 4350 fideli
1209 4297 1270 4334 con·

126 4402 128 4406 .
161 4357 220 4410 silio
229 4358 315 4411 dando
326 4357 368 4410 sui
378 4359 633 4431 capnieperieuam
643 4361 728 4428 adire,
740 4371 787 4417 aut
800 4361 894 4416 ¹timido
907 4357 1147 4433 reticentiapatriei
1157 4379 1212 4416 sua
1222 4379 1271 4434 po·
1312 4361 1321 4368 ”

164 4439 384 4518 situentsrpiter
394 4442 487 4498 messe.
508 4443 587 4508 Quod
596 4455 712 4518 superest
721 4445 857 4513 orationis,
869 4444 1039 4517 explicatione
1051 4444 1122 4499 houd
1132 4444 1242 4516 tuctgu.
