2946 4954
362 327 418 390 Du
448 327 565 388 MALE
586 327 723 390 GESTA
747 329 998 392 LEGATIONE.
1195 335 1257 396 258
1298 407 1305 416 Ἢ

145 481 234 551 Quod
255 484 293 542 nt'
313 484 651 572 couvivre‘audivernnt,
667 495 770 546 tantus
796 488 927 566 plausus,
950 495 1035 548 tanta
1060 473 1250 561 collaudati0,

100 615 106 622 -
143 587 241 636 tantus
256 577 399 637 tumultus
411 578 555 641 excitatus
568 590 615 639 est
627 580 669 658 ab,
680 579 825 653 omnihus,
838 590 873 640 ut
893 581 1048 661 Philippus
1068 579 1251 641 humanitate

144 681 241 730 motus
256 671 441 732 concederet.
463 667 642 751 Quanquam
660 693 698 734 ex
709 673 946 742 interfectoribus
963 673 1138 743 Alexandri,
1154 673 1250 746 fratris

145 762 283 842 Philippi,
298 764 394 823 fuerat
405 765 431 823 is
447 764 683 844 Apollophanes.
784 775 791 808 r
833 791 836 799 s

186 853 236 916 59.
257 856 357 935 Agite,
371 855 555 917 conseramus
571 877 639 917 curn
651 858 709 917 hoc
724 857 821 939 Satyri
834 856 979 934 convivio,
993 855 1073 916 aliud
1085 854 1252 917 οοιιιίιίιιιιι

143 947 267 1007 istorum
278 951 309 1009 in
324 949 504 1010 Macedonia
518 951 715 1012 celebratum:
738 959 773 1010 nt
791 951 996 1031 spectantia-an
1010 949 1125 1027 aequale
1138 949 1208 1010 huic
1220 959 1253 1012 et

145 1041 240 1102 simile
247 1043 390 1102 videatur.
413 1042 529 1102 Invitati
539 1043 586 1102 isti
595 1043 634 1103 ad
649 1043 886 1124 Xenophrouem,
897 1041 1152 1115 Phaedimifilium,
1165 1041 1252 1103 nnius

144 1135 292 1213 etriginta
301 1133 444 1215 tyrannis,
454 1153 577 1215 propere
588 1136 733 1206 abierunt,
748 1155 882 1215 egerere
891 1152 951 1194 non
960 1133 1027 1195 abii.
1050 1135 1092 1193 Ut
1104 1133 1253 1199 autumari

143 1223 252 1305 pocula
263 1237 382 1288 ventum
397 1239 454 1301 est,
462 1225 622 1288 introducit
634 1227 660 1288 is
669 1229 819 1292 mulierem
831 1228 982 1308 quandam
996 1225 1182 1306 Olynthium,
1192 1227 1253 1288 for·

145 1334 258 1380 mosam
271 1319 388 1398 quidem
405 1317 497 1392 illarii,
512 1321 567 1380 sed
581 1321 742 1400 ingenuam
756 1331 785 1382 et
804 1320 978 1392 modestam,
992 1328 1026 1379 ut
1039 1317 1134 1378 exitus
1154 1316 1255 1378 deela-

125 1393 228 1470 *ravit
245 1411 318 1470 Eam
328 1413 453 1491 primurn
462 1413 563 1472 bibere
572 1413 713 1492 paulatim
724 1415 880 1492 cogebant,
889 1411 1145 1491 atqueedere‚(nisi
1156 1411 1254 1486 fallor)

143 1500 201 1573 isti,
215 1513 251 1560 ut
270 1501 340 1562 mihi
353 1504 495 1582 postridie
514 1505 656 1566 Iatrocles
670 1506 815 1566 narravit:
840 1514 874 1563 ut
887 1505 987 1564 autem
999 1523 1047 1564 res
1061 1504 1253 1583 procedebat,

144 1601 174 1653 et
186 1613 270 1654 mero
291 1595 509 1656 incalescebant
526 1596 625 1668 animi,
643 1598 784 1666 assidere,
802 1605 891 1675 atque
911 1597 1000 1658 etiam
1017 1596 1254 1673 aliquid·cariere

140 1687 295 1760 jubebant.
332 1686 486 1746 AEstuante
505 1688 637 1759 muliere,
658 1697 693 1746 ut
716 1705 783 1765 quoe
803 1707 900 1764 neque
923 1685 1023 1758 vellet,
1042 1699 1140 1764 nequo
1154 1685 1254 1758 suiret,

143 1777 349 1838 contumeliam
363 1779 392 1836 id
408 1779 520 1838 facturn
533 1778 761 1856 interpretantur
774 1779 829 1838 iste
848 1789 878 1838 et
892 1778 1021 1858 Phryne,
1036 1787 1067 1838 et
1079 1797 1138 1838 nun
1155 1777 1253 1841 feram

82 1897 86 1902 ·
145 1869 215 1930 dum
229 1872 304 1928 'esse
323 1868 468 1938 dicutant,
492 1878 525 1929 ut
539 1868 654 1948 captiva
667 1889 704 1928 ex
720 1869 776 1929 diis
789 1869 889 1930 invisis
906 1879 942 1930 et
959 1869 1077 1930 nefariis
1092 1869 1253 1950 Olynthiis,

144 1960 265 2021 delicias
280 1961 399 2022 laceret.
424 1961 500 2040 Age,
513 1979 590 2021 voca
602 1971 729 2034 servum,
743 1962 848 2040 inquit,
862 1973 893 2022 et
911 1963 1006 2022 lorum
1022 1962 1126 2042 aliquis
1139 1962 1252 2026 affflfflti

145 2053 234 2113 Venit
247 2071 349 2112 servus
365 2051 509 2112 scuticam
531 2063 661 2131 gestans.
698 2053 775 2110 Cum
793 2061 892 2112 autem
906 2063 1060 2131 potassent
1079 2054 1200 2128 scilicet,
1223 2065 1254 2118 et

144 2145 200 2204 levi
213 2145 253 2205 de
263 2163 357 2205 eausa
369 2145 435 2204 bilis
449 2153 627 2215 moveretur,
641 2153 675 2203 ut
689 2144 800 2222 aliquid
810 2145 861 2203 ille
870 2144 992 2218 dlxerat,
1004 2155 1034 2206 et
1044 2145 1252 2226 illacrymaret,

144 2237 273 2298 lacerata
287 2247 318 2297 et
331 2237 447 2316 direpta
455 2238 565 2314 tunica,
578 2227 682 2298 servu's
695 2237 812 2296 crebras
826 2237 931 2317 plagas
940 2247 1025 2318 tergo
1037 2239 1154 2318 ingerit.
1176 2240 1252 2302 Tum

145 2349 245 2390 amens
259 2329 350 2388 animi
362 2347 423 2408 prae
437 2329 536 2390 dolore
553 2344 584 2389 et
596 2337 705 2390 terrore
718 2328 832 2402 mulier,
854 2329 1011 2390 subsiliens
1029 2332 1070 2390 ad
1090 2349 1189 2410 genua
1204 2333 1251 2394 la-

144 2425 228 2484 trocli
238 2423 360 2495 ¹aceldit,
375 2433 406 2482 et
419 2442 550 2484 mensam
564 2423 723 2490 subvertitr
745 2423 825 2501 quod
839 2423 896 2482 nisi
909 2423 935 2482 is
949 2443 1015 2484 eam
1029 2423 1191 2503 eripuisset,
1206 2424 1251 2486 in-
1325 2485 1328 2490 ,

80 2540 85 2563 1
143 2517 266 2578 terfecta
279 2515 401 2581 essetjn
415 2516 465 2576 illa
481 2515 628 2576 ebrietatis
643 2515 770 2574 insania·-
791 2515 978 2576 Temulentia
997 2515 1075 2576 enim
1097 2516 1182 2578 istius
1194 2517 1252 2579 itn·

144 2609 219 2688 puri,
228 2609 357 2669 crudelis
371 2618 426 2668 est.
457 2608 503 2668 Ac
518 2608 556 2668 de
569 2609 625 2667 hac
638 2607 761 2667 muhere
774 2615 806 2667 et
817 2607 850 2666 in
860 2608 990 2670 Arcadia
1002 2627 1098 2669 sermo
1115 2607 1173 2669 luit
1183 2629 1251 2690 per-

143 2702 278 2775 celebris,
289 2702 363 2762 inter
373 2701 476 2762 decem
484 2701 536 2761 illa
548 2701 675 2762 virorum
688 2700 787 2776 millia,
800 2711 831 2762 et
842 2702 1029 2784 Diophantus
1044 2691 1189 2782 apuduos
1203 2723 1250 2766 res
1342 2742 1345 2747 ·
1362 2702 1368 2717 “

125 2793 302 2866 enunciavit,
316 2812 403 2873 quem
413 2807 482 2852 rnox'
496 2794 593 2854 dicere
606 2813 713 2874 cogam
726 2793 936 2870 testimonium,
948 2795 1138 2876 pervulgatum
1151 2817 1252 2859 rumor

143 2886 200 2946 fuit
212 2896 244 2946 et
255 2886 464 2960 inThessolia,
477 2896 509 2946 et
520 2887 630 2965 ubique
643 2888 785 2966 gentium.
807 2887 847 2948 -Et
859 2891 958 2948 tamen
978 2889 1080 2948 talium
1100 2889 1156 2948 sibi
1177 2909 1250 2950 eon-

144 2979 224 3038 scius
241 2976 401 3038 facinorum
413 2979 551 3058 impurus
572 2980 629 3040 iste
647 2999 701 3039 res
725 2979 846 3040 audebit
867 2980 993 3039 intueri?
1014 2991 1044 3040 et
1065 2989 1162 3040 actam
1182 3000 1252 3044 ase

143 3072 232 3134 vitam
250 3074 331 3134 clara
343 3070 441 3134 statim
454 3092 527 3133 voce
545 3062 739 3152 praedicabit?
761 3093 829 3151 quse
846 3093 894 3133 res
916 3072 992 3132 mihi·
1007 3071 1142 3152 spiritum
1161 3073 1250 3133 inter·

143 3165 246 3226 eludit
279 3165 360 3225 Num
383 3165 413 3224 hi
433 3166 579 3237 nesciunt,
598 3175 629 3225 te
651 3185 670 3224 a
691 3165 849 3244 primordio
872 3164 968 3225 aetatis
988 3164 1136 3224 lectitasse
1159 3164 1250 3228 libros
1278 3221 1279 3227 ,

142 3258 367 3319 matriinitianti
379 3258 442 3318 tet
462 3261 586 3336 puerum
599 3259 758 3319 etiamnum
777 3259 808 3317 in
830 3258 954 3318 coetibus
977 3255 1071 3317 Liberi
1094 3258 1195 3338 petria,
1218 3270 1250 3322 et

75 3399 78 3404 .
142 3350 220 3410 inter
231 3351 364 3432 ebriosos
376 3350 508 3410 homines
526 3371 594 3411 esse
606 3349 791 3412 volutatum?
812 3361 882 3430 post
894 3359 992 3410 autem
1006 3349 1157 3428 scriptioni
1170 3353 1250 3432 apud

141 3443 334 3523 magistratus
349 3443 468 3503 dedisse
478 3439 610 3524 operm,
627 3453 659 3503 et
676 3453 796 3524 propter
808 3443 895 3504 binas
915 3452 969 3503 aut
980 3452 1079 3503 ternas
1094 3443 1251 3514 drachma

141 3534 234 3597 foisse
248 3535 444 3596 sceleratum?
465 3546 623 3615 postremo,
638 3555 697 3596 non
708 3535 750 3594 ita
759 3534 829 3594 olim
840 3535 943 3596 alienis
957 3536 1123 3615 sumptibus
1137 3539 1176 3598 ad
1189 3547 1250 3598 ter-

141 3628 199 3688 tias
224 3637 324 3706 partes
345 3627 523 3700 actitandae,
546 3647 614 3689 cum
635 3630 712 3688 bene
734 3629 909 3708 tecumugi
930 3637 1059 3708 putares,
1080 3628 1254 3690 deumne?

142 3719 242 3788 Quam
266 3721 354 3800 igitur
372 3722 463 3782 vitam
484 3720 617 3781 referes?
639 3740 728 3800 quam
741 3740 801 3780 non
814 3719 934 3780 vixisti?
956 3721 1033 3781 Nam
1049 3739 1113 3781 eam
1131 3721 1250 3798 quidam

140 3831 233 3893 quern
245 3812 353 3887 uixisti,
367 3814 456 3876 talem
477 3833 543 3874 ease
560 3823 687 3874 constat.
719 3813 780 3874 Sed
795 3832 815 3873 o
842 3813 1007 3874 licentiam!
1028 3813 1082 3872 iate
1097 3811 1177 3891 apud
1197 3829 1251 3874 voa

140 3906 232 3967 alium
244 3906 432 3986 impudicitia
451 3925 535 3968 reum
548 3908 618 3988 egit.
650 3907 761 3967 Verum
774 3907 907 3970 nondum
925 3909 1001 3978 haee,
1017 3906 1071 3967 red
1083 3906 1250 3968 testimonia

140 3998 215 4059 mihi
229 4001 309 4080 priua
322 4001 492 4090 istareeita
918 4002 921 4016 ’
1019 4025 1022 4031 ·

557 4205 828 4282 TESTIMONIA.

142 4411 148 4418 .
183 4361 235 4420 60.
257 4359 336 4419 Cum
356 4360 445 4439 igitur
457 4378 576 4440 eaque
590 4361 688 4432 ieros
702 4355 887 4424 commisisse
911 4359 1065 4420 convictus
1081 4369 1139 4434 est,
1157 4327 1203 4420 tot
1219 4367 1250 4420 et

137 4453 304 4527 tentarint,
314 4452 443 4534 judiees,
455 4453 600 4534 inquibus
611 4453 683 4535 quid
695 4452 766 4516 mali
775 4469 836 4515 uun
850 4450 947 4512 inest?
969 4453 1140 4533 Corruptus,
1152 4471 1251 4519 maen*
