2912 4946
395 259 564 320 CONTRA
588 258 934 324 ARISTOGITONEM
959 263 983 322 l.
1167 259 1228 325 dds

130 415 233 486 vastis,
247 415 327 494 quod
342 417 378 474 ab
391 417 450 476 isto
463 417 617 477 calumniis
629 417 855 496 exagitarentur,
871 425 902 476 et
914 417 1087 489 absolvistis,
1101 427 1131 477 et
1144 411 1230 498 quin'b

131 516 193 587 tam
206 508 253 567 isti
269 507 471 588 suffragiorum
487 520 600 589 partem
615 529 675 570 non
697 509 840 568 dedistis:
862 511 945 570 istius
960 512 1229 583 autemacerbitas,

131 610 163 660 et
171 602 360 680 sanguinaria
375 613 513 675 mens,.et
525 602 683 668 omdelitas
697 613 804 681 praesto
818 603 881 662 erat
890 613 920 662 et
933 605 963 663 in
974 605 1036 663 acie
1049 607 1230 666 versabatur.

54 762 56 768 ¹
119 692 203 754 Non
226 694 368 773 puerulis,
382 714 441 754 non
454 695 600 754 vmatribus
614 711 738 764 reorum,
752 713 875 772 quarum
895 693 1042 772 pleraeque
1061 715 1146 756 senes
1168 717 1231 756 mu·

130 784 218 844 lieres
228 793 321 857 eraut,
333 787 483 847 adstantes
494 806 561 846 cum
571 785 754 858 videret,iste
768 786 947 845 movebatur.
964 786 1068 846 Tibine
1078 787 1232 865 ignosces

110 865 225 937 ¹dum?
248 879 360 939 Unde?
382 881 482 938 Auta
502 878 583 957 quoi
610 879 671 936 Aut
690 887 808 937 tuorum
828 877 950 936 libemm
971 879 1100 938 misereri
1122 881 1232 941 decet?

131 969 338 1030 Minime-vero
349 971 488 1049 gentium.
509 971 553 1028 Tu
564 968 801 1037 misericordiam,
812 987 879 1048 qum
891 989 961 1047 erga
970 969 1025 1029 hos
1035 971 1136 1030 haberi
1147 975 1232 1047 solet,

129 1062 296 1142 prodidisti,
311 1063 483 1142 Aristogito,
497 1063 556 1124 imo
569 1061 684 1141 penitus
700 1061 859 1122 sustulisti.
881 1062 927 1119 Ne
940 1061 1028 1140 igitur
1037 1063 1073 1121 ad
1086 1085 1147 1135 eos,
1158 1087 1232 1144 quos

130 1164 164 1214 tu
179 1155 410 1234 ipseruderibu's
425 1155 593 1233 implevisti,
607 1164 637 1213 et
650 1153 808 1212 muricibus
822 1153 1040 1214 circumdedisti
1050 1149 1166 1234 portus,
1181 1169 1232 1238 ap'-

131 1248 247 1327 pellito.
263 1246 376 1326 Neque
389 1248 466 1306 enirn
475 1251 591 1322 justum
606 1255 661 1305 est.

178 1342 227 1400 19.
249 1341 339 1408 Quod
354 1342 378 1400 si
389 1340 546 1400 maledicta
559 1339 696 1410 audietis,
713 1357 780 1416 quae
799 1339 830 1397 in
850 1339 1123 1403 foroobambulans
1136 1344 1166 1403 in
1180 1359 1233 1408 vos

132 1433 251 1511 ingerit,
265 1434 359 1512 magis
374 1434 462 1492 etiarn
475 1452 542 1492 eum
555 1431 686 1502 oderitis,
702 1443 733 1490 et
752 1432 865 1491 merito.
898 1435 948 1493 Ait
969 1435 1046 1494 enim
1061 1437 1168 1498 multos
1183 1440 1236 1500 de-

133 1525 333 1597 bereoerariu,
347 1543 455 1602 eosque
470 1523 632 1584 omnessui
645 1543 712 1582 esse
733 1523 851 1582 similes.
886 1525 950 1604 Ego
964 1547 1033 1586 vero
1047 1531 1155 1590 multos
1169 1545 1236 1594 esse

132 1619 322 1679 calamitosos
333 1618 475 1693 homines,
489 1618 544 1676 etsi
557 1617 617 1676 duo
629 1618 775 1676 duntaxat
789 1627 867 1688 sunt,
882 1619 1145 1690 fateor‚—ornnin0
1157 1628 1236 1687 enirn
1337 1659 1341 1664 ·
1419 1681 1425 1696 ,

131 1712 233 1791 plures
254 1724 324 1771 sunt
341 1730 432 1791 quam⁸
448 1713 612 1790 oportebat,
629 1720 659 1769 et
673 1709 818 1770 nerninem
832 1711 921 1769 aliurn
939 1713 1062 1774 decebat
1075 1719 1236 1780 obaeratum

135 1825 256 1878 esse-,
269 1825 329 1864 non
348 1816 458 1878 tamen,
479 1804 520 1864 ita
533 1823 581 1863 me
602 1804 642 1862 dii
657 1806 732 1863 bene
748 1815 856 1876 ament,
875 1825 926 1863 cos
944 1806 1028 1866 istius
1043 1829 1108 1868 esse
1127 1811 1237 1874 similes

129 1899 405 1976 arbitron-*neque
426 1897 527 1956 multis
551 1905 599 1956 est
621 1915 745 1975 opus-,
765 1897 825 1956 imo
848 1898 1024 1958 contrarium
1046 1904 1165 1964 omnino
1190 1915 1237 1966 est

132 2011 248 2052 verum.
279 1991 372 2070 quue
389 1990 435 2049 ita
455 1988 640 2067 intelligetis.
670 1988 774 2066 Neque
792 2008 848 2056 me,
872 1990 1078 2067 Athenienses,
1093 1996 1134 2054 ita
1156 1998 1236 2076 loqui

133 2085 300 2156 vobiscum,
322 2084 418 2163 utqui
434 2081 566 2142 debeatis
588 2080 699 2153 aerario,
716 2081 865 2159 putabitis.
887 2082 993 2161 Neque
1005 2087 1082 2146 enim
1097 2089 1139 2148 ita
1151 2101 1238 2152 est-a

135 2179 213 2238 absit
223 2178 424 2254 hoo-neque
439 2190 494 2253 ego
506 2174 549 2233 ita
561 2193 625 2232 esse
638 2171 784 2232 existimo.
811 2174 871 2232 Sed
885 2176 910 2233 si
923 2176 996 2236 forte
1011 2179 1077 2255 quis
1092 2190 1137 2240 est
1149 2183 1236 2243 alicui

133 2281 266 2332 vestrum
279 2271 341 2330 sive
355 2269 475 2338 amicus,
490 2269 550 2328 sive
563 2265 714 2325 familiaris
729 2267 901 2337 interillos,
916 2279 1028 2346 quanto
1043 2271 1105 2350 ejus
1118 2277 1236 2344 nonrine

132 2363 225 2423 istum
238 2363 307 2422 odio
316 2363 460 2441 prosequi
472 2359 588 2430 debeat,
602 2358 685 2417 vobis
700 2359 863 2420 ostendam.
890 2360 1022 2426 Primum
1033 2383 1069 2422 eo
1082 2366 1163 2444 quod
1182 2369 1236 2429 ho·

134 2457 230 2515 mines
251 2473 354 2534 oequos
375 2454 425 2533 qui
446 2451 593 2531 spondent
610 2470 663 2532 pro
678 2452 753 2523 aliis,
772 2452 823 2530 qui
842 2453 1031 2514 humanitatis
1044 2459 1141 2518 officia
1160 2481 1236 2538 praa.

134 2557 225 2620 stant,
239 2559 325 2624 atque
339 2546 379 2604 ita
393 2545 537 2623 privatum
552 2563 594 2602 aes
608 2543 735 2602 alienum
748 2545 935 2618 conbahunt,
950 2549 1058 2626 quique
1072 2551 1102 2610 in
1118 2569 1236 2634 tempur-

135 2639 244 2698 blicam
258 2639 329 2697 nihil
342 2638 544 2716 deliquerunt,
555 2636 618 2696 'sed
638 2636 757 2696 fortuna
769 2653 872 2714 parum
894 2655 1034 2718 prospera
1048 2635 1116 2703 sunt
1130 2647 1187 2722 usi,
1206 2649 1237 2708 ht

136 2733 261 2794 eundem
275 2787 277 2790 .
290 2751 393 2792 secum
414 2730 545 2792 ordinem
561 2731 660 2800 ducit,
685 2730 847 2809 eodemque
873 2733 1004 2792 convicio
1023 2735 1236 2813 involvitnoa

134 2835 217 2902 reete
231 2845 327 2904 neque
342 2825 561 2886 convenienter.»
579 2824 684 2901 Neque
699 2823 776 2882 enim
790 2823 865 2882 idern
876 2835 937 2910 est,
952 2827 1124 2907 Aristogito,
1139 2845 1236 2912 neque

136 2919 391 2980 multisverbisest
400 2911 484 2996 opus.
501 2915 548 2974 Tu
559 2917 627 2994 quia
636 2926 696 2974 tres
705 2916 796 2987 cives,
805 2915 926 2975 decreto
934 2913 1023 2992 iacto,
1030 2919 1237 2986 indictacauss
1270 2935 1272 2944 '

134 3013 233 3072 occidi
241 3011 367 3092 jussisti,
378 3001 591 3069 condemnatus
602 3028 634 3068 es
645 3007 817 3067 violatamm
826 3007 941 3086 legum:
955 3011 1040 3087 quod¹
1046 3011 1153 3073 crimen
1167 3029 1236 3078 cum
1272 3011 1284 3022 “

134 3113 231 3166 morte
245 3097 385 3162 luendum
397 3101 511 3173 fuisset,
524 3100 560 3158 lis
571 3099 761 3179 pecuniatibi
777 3109 822 3158 est
836 3100 989 3160 aestimata.
1015 3102 1099 3162 Alius
1118 3105 1234 3186 aliquis,
1252 3121 1253 3126 ’

135 3216 205 3258 cum
228 3215 281 3274 pro
304 3195 398 3255 amico
418 3193 634 3274 spospondsrit,
657 3192 797 3252 damnum
819 3193 1055 3272 inexspectatum
1076 3196 1151 3257 ferre
1177 3207 1236 3261 non
1317 3190 1318 3194 ¹

134 3298 253 3371 potest:
274 3288 425 3347 non-idem
437 3295 492 3356 est,
506 3303 575 3346 nou.
739 3363 741 3368 Ι

178 3383 229 3438 20.
252 3377 380 3448 Deinde,
396 3395 580 3437 communem
594 3375 814 3448 humanitatem,
829 3395 915 3454 quam
936 3397 989 3437 ros
1004 3388 1110 3440 natura
1122 3381 1235 3448 habetis

135 3473 186 3534 alii
200 3473 231 3532 in
243 3472 326 3544 alios,
341 3472 433 3530 istum'
442 3469 543 3530 tollere
557 3479 587 3528 et
597 3468 883 3548 perdere,quantutn
897 3469 1002 3549 inipso
1016 3474 1155 3542 est‚'hinc
1169 3484 1236 3556 peri

133 3566 278 3647 spicietis.
310 3565 383 3636 Vos,
397 3563 607 3632 Athenienses,
626 3571 731 3620 natura
743 3562 848 3631 insita,
864 3562 945 3639 quod
966 3563 1035 3637 dixi,
1047 3565 1097 3625 alii
1117 3567 1146 3625 in
1162 3571 1235 3631 alios

133 3657 318 3718 humanitate
331 3666 457 3724 utentes,
473 3653 721 3732 quemadmodum
734 3652 853 3730 cognati
867 3653 896 3711 in
910 3653 1012 3714 iisdem
1026 3655 1139 3717 aedibus
1152 3659 1236 3720 habi-

134 3760 212 3823 tant,
227 3749 271 3808 sic
285 3748 315 3807 in
329 3750 406 3807 urbe.
422 3745 541 3826 publice
554 3745 702 3806 habitatis.
726 3745 883 3813 Quomodo
897 3746 1061 3824 igitur-illi?
1083 3750 1142 3810 Ubi
1156 3763 1238 3830 pater

134 3852 202 3919 est,
218 3851 249 3902 et
260 3840 311 3900 filii
325 3840 429 3912 adulti,
451 3839 583 3898 fortassis
595 3837 849 3910 ethommliberi,
863 3838 908 3896 ibi*
921 3859 1041 3898 necesse
1063 3851 1108 3900 est
1128 3845 1236 3906 multat

135 3946 168 3998 et
177 3935 261 4004 nulla
273 3953 304 3994 re
316 3933 426 3993 similes
437 3932 577 3992 exsistere
587 3929 762 3990 uoluntates.
784 3923 888 4008 Neq'ue
899 3931 976 3988 enim
990 3932 1094 3992 eadem
1108 3945 1154 3994 est
1164 3938 1254 4016 ado-¹

133 4027 286 4088 lescentiae
306 4023 353 4086 vel
366 4026 469 4098 oratio,
482 4017 529 4084 rel
544 4025 631 4094 actio,
645 4042 712 4101 quae
733 4023 903 4081 senectutis.
928 4022 986 4082 Sed
1009 4032 1151 4087 tamen'et
1164 4030 1236 4089 ado·

134 4125 280 4182 lescentes
301 4117 440 4198 quicquid
454 4127 557 4195 agunt,
571 4116 596 4176 si
617 4114 758 4174 moderati
773 4124 852 4186 sumt,
865 4114 895 4173 id
912 4115 957 4174 ita
975 4114 1095 4189 faciunt,
1111 4111 1235 4183 maxihre

134 4224 172 4272 ut
188 4211 400 4291 prorsusolam
422 4209 529 4268 habere
549 4207 699 4284 studeant,
714 4207 760 4266 sin
774 4207 880 4278 minus,
893 4227 953 4284 pree
968 4227 1000 4267 se
1019 4209 1117 4271 ierunt
1137 4223 1236 4274 tamen

135 4304 255 4367 celandi
279 4303 429 4366 studium:
450 4310 480 4360 et
499 4311 571 4360 natu
593 4299 717 4378 majores
738 4299 877 4384 vicissim,
902 4300 926 4358 si
946 4301 1021 4360 forte
1039 4303 1164 4364 viderint
1184 4312 1235 4368 aut

134 4405 296 4478 sumptum,
316 4406 367 4455 aut
387 4395 579 4474 potationem,
600 4403 652 4452 aut
672 4391 881 4454 oblectationes
900 4393 1116 4469 immoderatas,
1137 4417 1172 4457 ea
1195 4400 1246 4460 ita.
