2946 4954
221 277 281 336 rso
461 271 518 338 on
540 260 656 336 Maru
677 273 810 336 onsrn
833 273 1078 338 nnorrroua.

159 427 163 438 '
222 430 358 512 quopiam
369 433 645 493 commodobonunr
656 419 750 492 virum
764 442 794 493 et
805 433 896 494 vestri
917 433 1083 493 studiosum
1103 407 1259 511 praeditum
1278 430 1313 491 vi·

222 526 333 598 deritis,
352 523 548 602 congratulari
571 545 671 585 ornnes
691 536 732 600 et¹
745 527 878 586 excolere
906 525 1017 586 debetis
1043 525 1087 603 (id
1109 525 1186 583 enirn
1208 525 1312 583 bonum

220 619 303 679 vobis
321 618 456 677 omnibus
475 616 508 675 fit
528 619 705 693 commune),
726 619 770 677 sin
791 619 941 677 hominem
964 627 1132 698 corruptum
1157 628 1188 676 et
1211 616 1312 695 impro-

219 715 301 784 bnm,
328 710 436 789 quique
462 709 541 767 omni
556 709 670 769 'lucello
690 710 826 781 vincitur,
848 711 1015 782 excludere,
1044 720 1074 769 et
1100 703 1209 792 acerbe
1230 718 1311 786 atque

220 804 366 865 hostiliter
388 800 543 861 adversari.
586 801 761 880 improbitas
783 803 860 862 enim
874 802 1023 861 facultatis
1038 797 1118 880 apud
1137 821 1190 862 ros
1210 800 1314 884 adepta

220 897 396 976 opinionem,
410 891 578 970 reipublicae
592 893 755 972 perniciosa
768 903 821 954 est.
864 893 969 952 Videte
983 894 1089 972 quibus
1110 893 1248 952 laudibus
1261 893 1312 952 iste

219 990 313 1060 floret,
327 1006 370 1046 eae
382 976 506 1044 laudes
498 1005 529 1042 m
550 1005 617 1064 quae
630 987 750 1089 negotia
762 984 970 1072 rempublicam
984 983 1202 1072 conjecerim?
1208 985 1253 1044 Ac
1268 1005 1312 1044 ce-

218 1091 290 1142 teroe
303 1078 422 1158 quidem
436 1074 592 1135 facultates
606 1077 667 1150 suis
686 1076 758 1155 ipsoe
771 1077 880 1136 viribus
893 1075 1045 1135 ιιίιιιιιιιιιι
1068 1075 1121 1135 sed
1139 1075 1312 1161 eloquentia,

220 1195 244 1236 si
236 1173 428 1233 auditorum
442 1165 544 1228 studiis
557 1166 735 1240 destituitur,
749 1168 907 1228 intercidit
949 1168 1019 1226 Sic'
1012 1167 1100 1246 igitur
1114 1167 1234 1227 audite'
1227 1179 1311 1228 istum

218 1277 253 1327 ut
264 1264 438 1344 improbum,
452 1271 484 1319 ut
498 1253 679 1340 corruptum,
693 1272 736 1321 ut
740 1261 813 1321 nihil
825 1281 886 1322 verr
877 1255 1055 1322 'dicturum

145 1375 149 1382 ·
259 1360 311 1417 97.
330 1356 398 1415 Jarn
412 1373 473 1414 non
493 1363 612 1432 propter
636 1345 734 1413 cetera
756 1353 900 1414 duntaxat
922 1353 1052 1432 negotia,
1068 1353 1121 1412 sed
1135 1363 1253 1433 propter
1266 1355 1312 1414 illa

109 1515 112 1526 ,
218 1456 282 1533 ipsa
292 1449 389 1521 etiam,
400 1465 467 1525 qure
481 1465 548 1505 cum
563 1445 701 1526 Philippo
715 1447 798 1506 vobis
809 1455 890 1518 sunt,
904 1446 1023 1506 omnino
1037 1465 1104 1506 esse
1118 1447 1189 1507 utile
1199 1457 1233 1507 ιιι
1246 1467 1312 1507 con·

155 1571 160 1578 ·
218 1547 383 1613 damnetur,
397 1547 539 1618 spectate.
584 1538 651 1600 Sive
669 1538 746 1598 euim
767 1538 956 1617 aliquando
948 1559 979 1596 ιιι
1000 1539 1205 1599 necessitatem
1218 1543 1312 1601 veniet

154 1663 159 1672 ·
216 1633 379 1719 praestandi
390 1630 500 1710 aliquid
517 1629 683 1710 reipublicae
703 1631 782 1709 quod
797 1630 895 1706 debet,
906 1631 1055 1692 mutabit
1047 1632 1201 1736 ingenium
1224 1637 1312 1714 (nunc

218 1731 296 1792 enim
308 1725 433 1787 instituit
446 1723 589 1803 populum
603 1723 747 1803 decipere,
762 1732 792 1782 et
803 1743 913 1803 paucos
924 1723 1031 1797 colere,
1046 1724 1115 1784 atsi
1130 1744 1181 1784 eos
1196 1728 1312 1805 periisse

216 1820 352 1893 audierit,
364 1816 475 1896 populo
488 1824 519 1875 et
531 1804 624 1888 vobis,
637 1834 727 1895 penes
740 1834 814 1894 quos
828 1815 944 1875 sumnia
953 1823 1054 1876 rorum'
1063 1826 1123 1887 est,
1132 1827 1231 1878 cetera
1240 1840 1312 1902 pre-

217 1925 294 1978 stare
308 1912 407 1984 volet),
422 1910 466 1970 rin
480 1907 616 1980 eandem,
631 1927 691 1987 qua
702 1923 782 1969 nune
795 1910 895 1978 utitur,
908 1909 1056 1970 licentiam
1079 1920 1109 1969 et
1122 1911 1312 1989 petulantiam

216 1995 362 2078 retinebit,
379 2023 428 2062 eos
441 2022 458 2062 e
471 2002 599 2074 civitate,
612 2002 662 2080 qui
675 2002 714 2062 ad
728 2012 832 2062 nutum
842 2003 884 2061 illi
896 2003 990 2084 parati
1004 2012 1112 2074 esseut,
1129 2005 1311 2080 sustuleritis,
1390 2041 1393 2048 ⁴

216 2105 242 2165 si
254 2104 326 2162 istos
339 2095 525 2158 sustuleritis.
567 2095 599 2154 Si
610 2096 698 2165 enim,
710 2116 778 2155 cum
791 2104 928 2178 putarent
940 2115 972 2155 se
985 2115 1086 2175 poenas
1100 2095 1231 2170 daturos,
1245 2101 1313 2161 talia

216 2179 505 2262 commiserunt,eos,
514 2188 630 2248 sublato
639 2188 729 2248 vestri
740 2197 832 2260 metu,
842 2188 914 2266 quid
926 2189 1056 2247 facturos
1065 2189 1197 2266 putatis?
1218 2193 1313 2258 Quem

216 2281 448 2368 Euthycrateml
470 2271 558 2360 quem
571 2279 769 2340 Lasthenemi
790 2299 878 2360 quem
891 2279 1068 2361 proditorem
1083 2299 1143 2341 non
1162 2298 1313 2362 superatu-

215 2379 284 2443 rosl
309 2380 405 2447 Quem
418 2373 595 2477 reliquorum
613 2373 720 2433 civium
734 2391 794 2432 non
811 2371 989 2432 deteriorem
1002 2372 1087 2433 torel
1109 2374 1158 2457 qui
1171 2376 1273 2437 rideat
1282 2379 1313 2438 iis

215 2494 266 2554 qur
257 2468 473 2532 vendiderunt
486 2465 594 2536 omnia,
609 2464 775 2544 pecuniam,
789 2454 1005 2536 auctoritatem,
1025 2483 1107 2544 opes,
1122 2465 1253 2548 Phrlrppr
1263 2471 1314 2532 bo-

215 2565 333 2646 spitium
345 2568 519 2639 suppetere:
531 2555 566 2617 iis
579 2566 676 2618 autem
690 2558 741 2636 qui
750 2577 782 2618 se
793 2557 925 2618 bonos
898 2577 974 2616 vrros
983 2557 1179 2636 prebuerunt,
1194 2571 1225 2620 et
1234 2561 1314 2624 insu-

214 2677 269 2739 per
254 2656 369 2716 retiam
384 2641 515 2729 sumptus
534 2649 678 2721 lecerunt,
691 2649 853 2720 molestias,
867 2648 1044 2722 inimicitius,
1058 2649 1196 2710 invidiam
1214 2673 1313 2734 super·

215 2768 282 2812 esse
301 2746 381 2826 apud
395 2740 575 2802 nonnullos?
589 2742 685 2801 Absit
701 2740 770 2814 hoe,
788 2742 874 2802 absit.
905 2740 1012 2820 Neque
1035 2742 1112 2800 enim
1127 2742 1165 2801 ad
1181 2744 1313 2822 gloriam,

214 2859 311 2921 neque
325 2838 364 2898 ad
376 2836 525 2928 pietatem,
545 2852 641 2912 neque
660 2832 698 2893 ad
710 2833 906 2907 securitatem,
921 2853 1016 2912 neque
1031 2832 1070 2893 ad
1082 2834 1172 2894 ullam
1187 2836 1313 2917 denique

214 2929 277 2996 r'em
291 2932 378 2992 aliam
391 2922 475 2988 vobis
485 2925 635 3032 prodest,
627 2937 717 2985 istum
731 2935 766 2985 ut
776 2926 953 2987 absolvatis:
980 2925 1033 2986 sed
1042 2935 1076 2984 ut
1090 2945 1159 2986 eum
1169 2928 1199 2988 in
1213 2949 1313 3034 exenn-

214 3029 296 3111 plum
310 3021 440 3085 omniurn
455 3028 486 3080 et
494 3037 602 3080 ervrum
617 3027 648 3080 et
662 3017 785 3079 aliorum
799 3017 972 3081 Graecorum
984 3009 1122 3099 puniatis.
