2948 4954
227 302 283 358 174
642 292 903 356 DE'CORONA.

224 454 323 513 adres
334 451 478 531 gerendas
488 470 541 510 me*
547 451 658 510 contuli
670 450 830 530 prohibitus
844 459 890 508 est
901 448 983 530 ille-a
996 467 1042 506 me
1055 447 1161 521 facere3
1170 467 1212 507 ea
1231 450 1312 510 robis

224 548 254 606 ln
274 544 439 604 memoriam
452 545 596 603 revocabo
609 561 765 619 eorumque
784 542 926 601 rationem
945 539 1099 619 proferam,
1120 541 1144 599 si
1158 540 1247 618 prius·
1259 543 1312 602 huc

223 637 382 717 subjecero.
392 634 607 707 'Commodum
627 635 831 704 Athenienses,
844 651 1034 713 permagnum
1052 631 1153 692 aderat
1169 631 1313 712 Philippo.

224 729 313 808 Apud
319 730 441 788 Graecos
453 728 539 798 enim,
550 747 608 786 non
617 727 671 786 hos
682 717 795 786 tantum
801 735 852 784 aut
861 725 936 795 illos,
947 725 998 784 s‘ed
1009 744 1145 803 peraeque
1153 725 1312 798 universos,

225 841 310 899 seges
323 821 502 901 proditorum
521 829 552 879 et
564 817 765 897 largitionibus
779 817 950 876 inhiantium
966 825 996 875 et
1016 815 1070 874 diis
1090 816 1249 876 invisorum
1261 817 1313 876 ho·

224 914 333 972 minum
348 923 435 973 enata
447 913 502 970 fuit
516 921 605 983 tauta,⁴
620 920 731 988 quanta
745 909 969 988 posthuminum
982 909 1151 968 memoriam
1165 909 1248 967 nulla
1260 929 1312 968 un·

216 1019 312 1086 ‘quam
326 1009 484 1066 exstiterat.
518 1006 601 1069 Quos
621 1003 774 1081 Philippus
789 1001 972 1060 administros
987 1021 1022 1059 ac
1035 1001 1182 1080 adjutores
1202 1011 1313 1073 nactus,

225 1099 358 1170 Graecos,
372 1107 460 1157 autea
476 1097 550 1154 inter
572 1093 694 1153 semele
716 1093 858 1153 animatos
880 1104 909 1152 et
930 1093 1115 1162 dissidentes,
1131 1093 1169 1152 ad
1187 1093 1314 1172 pejorem

224 1192 311 1254 etiam
327 1199 436 1249 statum
449 1188 558 1265 adegit,
572 1187 643 1246 dum
661 1186 730 1246 alios
746 1187 869 1258 falleret,
882 1184 946 1245 aliis
960 1185 1123 1264 largiretur,
1145 1185 1217 1246 alios
1238 1187 1315 1246 omni

221 1283 335 1342 ratione
349 1279 738 1358 corrumperetmultasque
759 1278 789 1336 in
809 1278 950 1337 factiones
972 1297 1021 1336 eos
1042 1278 1187 1346 distraxit,
1210 1279 1314 1355 quibus

222 1375 280 1434 hoc
293 1393 382 1432 uuum
397 1371 571 1452 expediebat
591 1372 736 1442 omnibus,
757 1390 795 1428 ne
812 1370 861 1428 ille
873 1378 1017 1444 cresceret
1028 1369 1192 1448 prohibere:
1212 1370 1246 1427 ln
1260 1371 1313 1430 hoc

222 1467 310 1546 igitur
330 1474 522 1525 rerumstatu
542 1475 573 1524 et
592 1464 622 1522 in
638 1482 755 1524 summa
775 1461 957 1540 ignoratione
977 1462 1078 1521 adnati
1094 1463 1157 1541 jam
1171 1463 1313 1541 latiusque

224 1558 365 1638 serpentis
378 1557 447 1616 mali
460 1577 527 1616 cum
540 1555 639 1616 Graeci
653 1574 753 1614 ornnes
767 1563 960 1622 versarentur,
976 1562 1104 1613 vestrum
1125 1564 1180 1623 est,
1195 1554 1314 1614 Atheni·

224 1673 321 1725 enses,
333 1652 485 1711 vobiscum
498 1659 644 1726 reputare,
663 1648 733 1724 quid
748 1665 834 1723 agere
848 1644 977 1723 quidque
996 1645 1109 1706 efficere
1129 1645 1260 1706 decuerit
1274 1648 1312 1706 ci·

222 1746 351 1816 ritatem,
365 1754 395 1803 et
407 1761 507 1802 earum
520 1758 615 1798 rerum
629 1758 646 1797 a
660 1737 862 1797 metationem
875 1737 1046 1815 reposcere:
1067 1753 1135 1796 nam
1151 1738 1201 1816 qui
1214 1739 1245 1798 in'
1258 1739 1313 1800 hoc

224 1855 257 1896 se
269 1838 341 1914 reip.
355 1831 550 1912 gubernande
563 1831 630 1889 loco
640 1828 795 1889 collocarit
813 1828 837 1887 is
851 1847 906 1906 ego
920 1845 995 1887 sum.
1009 1849 1014 1882 τ

172 1941 175 1952 ’
264 1931 313 1986 20.
333 1927 439 1986 Utrum
450 1943 514 1984 eam
528 1923 728 1993 conveniebat,
738 1920 888 1993 AEschine,
902 1921 1057 1980 elationem
1069 1920 1147 1984 illam
1163 1923 1249 1982 animi
1262 1925 1311 1984 de·v

223 2030 379 2101 ponentem
400 2037 518 2096 suaeque
535 2014 731 2094 amplitudinis
753 2015 873 2086 oblitum,
886 2012 916 2071 in
936 2013 1040 2072 eodem
1054 2023 1142 2091 atque
1160 2015 1311 2076 Thessalos

224 2107 414 2190 Dolopesque
422 2111 537 2187 positam
547 2126 667 2167 numero
679 2125 737 2164 una
751 2105 916 2184 Philippum
927 2101 1312 2182 adjuvareGraecorumdo-

222 2207 363 2266 minatum
379 2203 576 2272 affectantem,
588 2201 786 2280 majorumque
800 2217 916 2257 suorum
937 2197 1049 2256 decora.
1061 2207 1146 2275 atque
1155 2199 1223 2278 jura
1245 2203 1312 2261 abo·

223 2297 306 2359 lerei
328 2299 377 2356 An
398 2296 427 2355 id
440 2293 555 2374 quidem
569 2313 629 2352 non
642 2293 866 2370 facere-grave
888 2288 965 2350 enim
980 2291 1142 2350 mehercule
1161 2291 1219 2352 hoc
1242 2293 1312 2353 fuis·

222 2403 318 2460 set—‚
329 2389 382 2449 sed
395 2407 460 2467 quae
473 2388 580 2459 futura,
591 2385 646 2445 nisi
660 2384 723 2464 quis
731 2384 903 2462 prohiberet,
909 2381 1039 2453 uidebat,
1050 2392 1082 2441 et
1088 2383 1185 2443 multo
1193 2397 1271 2458 ante,
1281 2398 1314 2446 ut

220 2481 375 2542 verisimile
386 2489 440 2551 est,
453 2478 668 2557 praesentiebat,
684 2496 720 2535 ea
740 2494 777 2534 ne
790 2474 959 2534 acciderent
971 2472 1050 2533 haud
1064 2475 1218 2554 quicquam
1233 2477 1312 2538 labo

224 2572 306 2634 rarel
328 2572 416 2650 Atqui
430 2571 553 2629 libenter
563 2569 682 2646 >quidem
696 2587 733 2627 ex
745 2587 781 2626 eo
795 2568 845 2646 qui
864 2586 910 2625 res
925 2583 1004 2625 meas
1018 2575 1116 2644 gestas
1130 2568 1178 2627 vel
1192 2572 1313 2632 maxime

220 2663 408 2743 reprehendit
422 2661 594 2741 quaesierim,
604 2679 692 2737 quam
700 2659 821 2718 ¹tandem
832 2667 942 2718 sectam
955 2658 1099 2720 civitatem
1109 2669 1239 2720 nostram
1250 2683 1313 2724 esse

224 2757 294 2815 velit
307 2765 448 2826 secutam,
460 2772 497 2811 an
511 2752 590 2810 illam
604 2772 670 2828 quaa
682 2749 872 2810 communiter
886 2771 944 2810 cum
959 2749 1083 2826 Philippo
1098 2752 1238 2813 malorum
1253 2774 1313 2815 om.

223 2847 304 2906 nium
317 2865 352 2904 ac
366 2845 541 2904 dedecorum
555 2842 668 2902 Graecis
682 2861 772 2902 causa
781 2841 899 2914 exstitit,
912 2843 942 2902 in
956 2862 1016 2920 qua
1028 2843 1184 2904 Thessalos
1201 2866 1314 2906 eorum-

220 2957 282 3019 ‘que
295 2937 390 2999 socios
404 2953 594 2996 annumerare
606 2933 713 3014 possis,
726 2953 765 2993 an
778 2933 856 2993 illam
875 2952 942 3011 quae
954 2933 1017 2994 haec
1034 2935 1095 2994 fieri
1113 2956 1202 3014 passa
1215 2949 1270 3000 est·
1279 2961 1315 3003 ac

220 3031 351 3110 neglexit
359 3030 534 3110 privatarum
542 3046 660 3088 suarum
672 3045 759 3103 opum
773 3025 1040 3104 amplificandarum
1055 3046 1116 3106 spe,
1130 3047 1189 3104 quo
1203 3031 1315 3095 inloco

218 3124 355 3182 *Arcadas
366 3121 569 3181 etMetsenios
580 3129 610 3178 et
619 3117 743 3196 Argivos
754 3117 914 3197 ponamus?
936 3117 993 3178 Sed
1003 3127 1033 3176 et
1043 3119 1125 3177 multi
1134 3119 1317 3194 horum,.im0

224 3233 292 3273 vero
316 3233 421 3273 omnes
432 3212 514 3292 pejus
529 3229 617 3290 quam
629 3229 684 3268 nos
695 3210 904 3270 discesserunt.
940 3209 1094 3270 Enimvero
1111 3211 1135 3270 si
1149 3215 1258 3286 statim,
1283 3231 1317 3279 ur

219 3307 291 3365 uicit
305 3305 471 3386 Philippus,
486 3303 605 3364 abiisset
618 3322 653 3363 ac
667 3303 772 3362 deinde
791 3303 881 3362 otium
899 3302 1016 3381 egisset,
1039 3305 1146 3366 nemini
1166 3327 1316 3387 neque-ex

223 3397 309 3457 sociis
324 3398 383 3455 suis
404 3416 498 3475 neque
510 3415 553 3454 ex
566 3397 679 3455 ceteris
702 3395 814 3454 Graecis
835 3394 955 3474 uspiam·
967 3395 1056 3456 allata
1077 3396 1192 3476 injuria,
1212 3421 1317 3468 essent

219 3504 320 3550 tamen
333 3489 352 3547 ii
366 3489 417 3565 qui
429 3488 581 3547 conatibus
591 3487 675 3546 illius.
683 3507 743 3546 non
755 3486 922 3546 restiterant
932 3486 1028 3564 aliqua
1037 3507 1074 3545 ex
1087 3498 1170 3565 parte
1184 3492 1272 3572 culpa
1285 3507 1317 3559 et

224 3581 410 3643 accusatione
423 3578 522 3656 digni:
545 3579 597 3637 sed
607 3579 630 3637 si
640 3598 775 3656 peraeque
785 3578 918 3638 omnibus
928 3578 1109 3656 dignitatem,
1119 3583 1315 3664 principatum

222 3677 394 3745 libertatem,
408 3673 496 3730 immo
516 3671 603 3730 etiam
617 3680 648 3729 et
661 3671 732 3750 reip.
756 3690 817 3729 suoe
831 3672 951 3730 lormam
971 3673 1195 3751 quibuscunque
1209 3681 1314 3756 potuit,

218 3770 343 3838 ademit,
359 3784 457 3825 nonne
470 3783 523 3823 vos
537 3764 662 3821 omnium
683 3763 889 3841 gloriosissimo
903 3765 948 3824 usi
963 3765 1033 3824 estis
1046 3765 1167 3827 coneilio
1180 3773 1230 3848 qui
1243 3756 1329 3836 milri,

225 3858 379 3937 paruistis?
401 3857 461 3916 Sed
474 3855 543 3914 illuc
556 3863 691 3912 revertor.

264 3953 312 4010 21.
334 3951 413 4019 Quid
433 3948 577 4008 civitatem
591 3954 731 4015 noemam,
751 3946 898 4017 AEschine‚
915 3957 977 4006 tum
996 3948 1092 4010 facere
1112 3955 1314 4032 conveniebat,

225 4059 292 4100 cum
305 4041 467 4119 Philippum
480 4040 591 4099 videret
598 4036 790 4117 principatum
805 4039 860 4099 sibi
870 4038 901 4100 in
916 4037 1088 4102 Graecosac
1101 4063 1223 4122 regnum
1233 4069 1314 4110 com-

224 4131 396 4212 parantem?
417 4132 543 4210 autquid
554 4149 601 4191 me
615 4127 810 4189 consiliarium
822 4129 919 4189 dicere
932 4141 983 4190 aut
995 4132 1152 4194 decernere
1162 4141 1315 4216 oportebat

215 4223 456 4284 ⁴Athenis-nam
468 4223 524 4282 hoc
538 4222 690 4301 plurimum
707 4219 844 4292 τάθη-η
853 4222 1047 4300 quisciebam
1062 4227 1100 4290 ab,
1113 4231 1192 4290 omni
1205 4250 1313 4294 memo.

223 4317 267 4376 ria
276 4315 394 4376 adreum
407 4332 499 4390 usque
514 4315 601 4386 diem,
614 4333 671 4392 quo
680 4313 803 4392 ‚dieego
813 4314 842 4372 in
854 4325 1024 4393 suggestum
1036 4316 1187 4392 adscendi,
1197 4341 1314 4402 ‚semper

217 4409 262 4467 ,de
275 4405 439 4486 principatu
456 4403 679 4481 honorequesac
704 4405 796 4483 gloria
813 4406 942 4486 patriam.
960 4406 1137 4483 decertasse,
1152 4413 1313 4494 ,pluresque
