2932 4952
221 274 281 338 aot
514 263 681 338 ‚courel
702 271 1036 337 ANDROTIONEM.
1150 267 1161 278 ”

206 425 262 504 ‚el
286 423 496 504 rempublicam
514 426 544 486 in
565 425 689 505 ¹imperio
712 425 846 506 populari
870 426 1030 504 gerendum
1048 445 1126 498 erre·
1140 436 1253 507 aptum,
1274 427 1322 488 de-

158 586 161 594 ,
221 519 401 584 montrebo.
438 519 494 588 Ae,
519 537 608 595 quam
628 517 683 578 ribi
697 517 822 581 maxime
840 517 922 578 laudi
939 517 1180 600 ducit„pecuniae
1199 520 1323 592 exactio-

222 627 290 676 nequ
308 609 374 688 ejus
398 607 569 671 videamur:
595 608 668 672 nihil
681 609 765 670 irtiur
784 610 949 690 anoganda
965 611 1048 684 moti,
1069 610 1122 682 aed
1146 630 1208 682 rern
1230 610 1322 690 meru

223 701 318 780 quatu
344 700 444 774 suerit,
472 719 539 772 rere
566 702 757 762 maumantee.
798 701 831 767 la
853 701 1067 774 Euctemonem
1095 703 1204 764 tribute
1229 715 1324 764 restra

139 814 141 820 ¹
222 791 342 866 bebere,
371 812 461 873 aeque
482 793 513 854 id
532 803 585 856 aut
605 793 809 864 convicturum
827 815 895 856 cum
918 794 1052 867 dixisset,
1072 806 1124 856 aut
1141 795 1180 856 de
1201 815 1257 856 auo
1275 815 1323 874 pe-

222 886 341 949 cuniam
368 897 588 952 numeraturum
615 885 764 966 pollicitus
793 898 882 961 esset,
904 907 957 966 per
978 886 1130 948 decretum
1148 888 1324 966 magistratu

222 978 274 1057 qui
295 989 373 1042 rorte
385 978 512 1041 debetur
525 981 679 1057 abrogato,
692 998 729 1039 ea
748 979 846 1058 speeie
859 979 899 1046 ed
917 979 1099 1044 exactionem
1121 979 1259 1058 obrepsit
1289 979 1325 1040 Et

222 1070 365 1134 concione
386 1081 452 1150 poet
472 1070 584 1145 habita,
604 1071 692 1136 trium
705 1073 789 1132 vobin
805 1075 902 1132 rerum
917 1073 1064 1151 optionem
1083 1071 1146 1132 dari
1161 1071 1258 1139 dirim
1278 1081 1325 1138 rut

222 1164 300 1226 enim
315 1163 450 1228 rolennie
462 1183 534 1226 raea
552 1183 725 1245 pomparum
739 1164 987 1244 eneconflenda,
999 1173 1053 1226 aut
1073 1165 1215 1230 tributum
1229 1164 1326 1226 denuo

223 1258 445 1331 conferendum,
459 1267 511 1324 aut
524 1261 561 1318 ab
571 1259 606 1319 iia
616 1258 668 1338 qui
678 1259 819 1324 deberent
828 1258 937 1328 tribute
946 1257 1111 1338 exigendar
1135 1275 1204 1320 cum
1218 1267 1326 1328 autem,

224 1359 258 1411 ut
279 1368 334 1430 prr
346 1359 422 1420 erat,
440 1369 494 1414 ror
507 1349 635 1410 malletis
651 1367 697 1410 aer
719 1349 847 1412 alienum
868 1349 974 1428 redigi,
994 1349 1257 1429 pollicitationibus
1275 1367 1326 1415 voe

225 1443 373 1516 detinens,
386 1453 417 1508 et
428 1454 550 1523 propter
561 1444 705 1510 utinum
720 1443 859 1524 temporis
877 1461 1017 1522 megrrum
1037 1443 1198 1522 potentiam
1213 1453 1328 1514 metue,

224 1536 372 1598 ¹veteribus
383 1536 499 1616 iegibru
507 1536 538 1610 in
550 1555 586 1600 aa
594 1555 630 1623 re
645 1535 701 1599 ribi
716 1556 775 1598 non
786 1555 856 1598 eree
866 1535 1011 1600 utendum
1020 1535 1148 1608 cenauit,
1162 1553 1229 1609 nee,
1243 1537 1269 1596 ri
1279 1555 1327 1596 eae

222 1627 297 1690 mus
306 1647 370 1692 cere
383 1649 441 1691 non
456 1629 591 1709 putabat,
604 1627 853 1701 dormierendaa,
867 1629 920 1690 red
934 1629 1053 1692 decreta
1065 1648 1119 1708 pro
1128 1627 1272 1691 concione
1285 1649 1328 1690 re-
1404 1623 1407 1628 ’

224 1721 338 1784 serebat
346 1720 652 1785 atrociaetccntreria
660 1721 786 1800 legibue,
797 1741 850 1801 per
859 1740 926 1800 que
933 1721 1152 1808 prevaricatus,
1163 1729 1193 1779 et
1203 1721 1328 1783 multum

225 1811 308 1874 vobis
322 1813 435 1878 iuretur
449 1823 507 1884 ert,
522 1833 590 1896 cum
604 1811 821 1878 undecimriror
832 1812 915 1892 requi
928 1830 960 1875 re
966 1811 1093 1892 juberer,
1107 1830 1218 1889 corque
1227 1831 1329 1875 renum

144 1963 152 1976 ,
225 1903 265 1966 ad
278 1903 384 1967 civium
396 1905 478 1970 eden
492 1905 664 1970 adduceret.
682 1906 727 1972 Ac
740 1905 968 1980 Euctemonen,
981 1923 1000 1965 a
1012 1925 1073 1983 quo
1087 1923 1122 1966 re
1134 1903 1330 1977 redacturum,

226 2007 280 2062 eut
291 1998 389 2077 ipsum
402 2000 440 2062 de
454 2019 509 2062 ruo
523 2011 743 2063 numeraturum
759 1999 916 2080 pecuniura
930 1999 1132 2077 profitebatur,
1146 1997 1229 2060 nulio
1244 1999 1331 2062 modo

224 2095 290 2172 ejus
303 2091 346 2155 rei
360 2094 534 2156 convincere
547 2095 653 2174 potuit,
668 2092 721 2156 red
738 2092 852 2154 erebia
865 2092 973 2175 eregit,
987 2101 1126 2170 tauquam
1140 2110 1201 2150 non
1222 2089 1331 2154 Eucte=

225 2183 334 2254 menie,
355 2184 409 2249 red
423 2186 512 2248 ventri
531 2186 601 2248 odio
619 2185 650 2248 id
664 2185 815 2266 negotium
830 2183 1020 2263 auroepieaet.
1056 2183 1163 2262 Neque
1176 2183 1331 2262 quisquam

223 2274 327 2340 ,dicere
339 2294 388 2338 mo
401 2287 495 2356 putet,
509 2277 717 2338 adebitoribua
727 2277 800 2342 nihil
808 2275 901 2337 iniere
914 2275 1103 2356 erigendum,
1114 2275 1170 2334 fuit
1178 2276 1256 2337 enirn
1270 2275 1332 2334 exi·

222 2367 378 2450 ¹gendum:
401 2369 453 2432 red
465 2369 635 2448 quomodot
657 2380 689 2431 ut
704 2369 752 2430 lex
764 2369 859 2447 jubet.
875 2367 997 2432 eliorum
1012 2383 1123 2430 cauea:
1145 2365 1176 2428 id
1186 2367 1267 2428 enim
1281 2387 1333 2446 po-

137 2505 140 2512 .
224 2457 326 2536 putare
352 2469 408 2522 est.
447 2460 552 2540 Neque
580 2461 668 2530 eninr,
691 2459 900 2531 Athenienses,
920 2457 1035 2520 tantille
1054 2458 1180 2536 pecunie
1198 2477 1270 2524 eum
1296 2459 1334 2526 ad
1424 2459 1429 2470 “

226 2549 349 2616 modum
360 2551 490 2625 redacta,
503 2563 617 2616 tentum
628 2553 755 2614 fructum
764 2551 896 2630 cepistis,
906 2561 1047 2627 quautam
1053 2549 1199 2630 jacturam
1213 2551 1334 2622 sociem,

227 2640 491 2710 talibuainrtitutir
505 2643 672 2712 inrectie'in
693 2644 827 2722 rempub.
850 2641 927 2702 Nem
945 2642 971 2702 ai
990 2641 1139 2720 quaeratis,
1162 2661 1223 2720 que
1242 2644 1335 2721 gratia

226 2730 363 2796 rideatur
376 2734 532 2812 optabilior
547 2735 579 2796 in
594 2733 729 2813 populari
744 2733 853 2812 degere
871 2732 1000 2811 imperio,
1019 2751 1108 2811 quam
1124 2731 1161 2792 'in
1173 2753 1335 2812 paucorum

228 2821 401 2894 dominetur
421 2825 479 2892 um
492 2825 676 2906 petierimum
689 2845 756 2889 erre
774 2825 805 2890 in
819 2833 954 2904 promptu
966 2823 1134 2904 reperietis:
1155 2826 1238 2904 quod
1256 2828 1288 2886 iu
1302 2827 1336 2886 li·
1455 2863 1456 2894 r

228 2916 303 2979 bere
312 2918 414 2996 repub.
425 2918 529 2990 omnia
542 2927 611 2978 runt
622 2917 822 2982 elementiora.
854 2917 947 2981 letum
960 2925 1058 2982 autem
1078 2919 1258 2996 nequeenim
1273 2919 1338 2983 ulle

226 3028 357 3088 ,usquam
383 3009 545 3090 eligarc'bia
565 3010 695 3092 gerrime
716 3009 901 3080 incolentiut,
926 3020 1091 3088 pretereo:
1114 3009 1169 3074 red
1189 3011 1338 3078 iuventte

230 3103 303 3165 urbe
314 3103 434 3182 quando
444 3123 560 3169 rumne
570 3102 730 3168 crudeliter
739 3099 854 3192 riguit?
874 3101 938 3168 Sub
948 3099 1069 3179 triginta
1078 3103 1222 3180 tyrannis,
1233 3123 1337 3172 umnec

85 3217 105 3282 J
146 3255 150 3274 ,
231 3192 346 3256 dicetis.
379 3195 470 3276 Atqui
492 3205 566 3268 rum,
580 3205 612 3256 ut
626 3195 804 3276 accepimus,
819 3192 927 3256 nemini
945 3192 1006 3254 vita
1024 3192 1213 3272 eripiebatur,
1234 3197 1288 3275 qui
1306 3216 1337 3258 re

229 3284 313 3356 ,domi
333 3281 516 3354 abdidisset:
536 3287 610 3352 illud
633 3297 730 3352 autern
754 3286 795 3350 eis
818 3285 930 3349 urimini
950 3284 1104 3357 danaum,
1129 3286 1212 3364 quod
1230 3307 1250 3348 e
1274 3289 1338 3348 foro

232 3377 312 3441 cives
325 3379 355 3440 in
372 3399 518 3446 carcerem
540 3380 749 3461 perinjurium
768 3378 959 3442 obducerent.
992 3377 1053 3438 iate
1074 3387 1173 3444 eutem
1194 3399 1252 3440 sua
1265 3401 1334 3460 pm.
1453 3405 1454 3420 2

232 3471 367 3538 territare
393 3493 488 3552 uaqne
510 3475 586 3537 adeo
606 3473 675 3536 illoa
698 3471 857 3553 inperauit,
869 3481 904 3534 ut
919 3472 956 3532 in
976 3471 1109 3551 populari
1127 3473 1232 3551 repub.
1255 3494 1341 3539 auam

233 3565 341 3646 cuique
368 3565 488 3628 domurn
507 3586 655 3630 carcerem
668 3566 872 3638 constitueret,
894 3563 1099 3628 undecimririe
1118 3564 1158 3624 ad
1174 3565 1257 3627 oedes
1279 3565 1342 3627 ad-

234 3656 388 3722 ducendis.
650 3711 656 3722 .

279 3754 329 3816 16.
357 3752 438 3822 Quid
453 3772 524 3814 vero
544 3752 664 3832 putatia
685 3751 890 3824 Athenienses,
911 3751 1015 3830 siquis
1034 3751 1124 3812 homo
1144 3769 1271 3832 pauper,
1291 3763 1345 3814 aut

234 3846 323 3906 etiam
338 3845 429 3919 dives,
445 3846 498 3906 aed
511 3845 675 3924 numptibur
688 3845 861 3919 exhaustus,
874 3865 1019 3924 quemque
1031 3855 1267 3908 ecmenruneurn
1280 3868 1346 3908 om·

231 3940 305 4003 nino
318 3940 356 4000 eit
365 3949 511 4018 preeaente
524 3937 651 4018 pecunia
663 3937 792 4010 destitui,
804 3937 868 3998 rive
879 3948 1053 4018 perlectum
1065 3938 1106 3999 ad
1118 3934 1231 3999 ricinus
1246 3949 1346 4002 uans·

235 4030 361 4102 madir,
374 4030 434 4091 rire
453 4031 600 4092 subiecto
618 4049 650 4090 ee
670 4029 844 4101 occultavit,
862 4050 900 4090 ne
922 4030 1122 4110 deprehensus
1145 4030 1178 4094 in
1192 4051 1347 4094 carcerem

234 4121 412 4194 traheretur,
434 4122 495 4186 aive
509 4122 590 4184 alind
603 4121 734 4184 dedecus
749 4122 848 4195 subiit,
862 4141 930 4202 qum
945 4122 1061 4184 cervilia
1077 4133 1158 4194 eunt,
1176 4143 1240 4183 non
1259 4125 1347 4204 inge-

113 4225 117 4232 '
237 4233 363 4278 nuorum
376 4215 536 4290 hominnm,
549 4235 642 4295 eaque
656 4215 836 4296 respiciente
851 4235 941 4276 urere
954 4217 1033 4288 lecit,
1047 4235 1115 4294 ane
1130 4217 1158 4276 ei
1168 4226 1203 4278 ut
1212 4217 1349 4298 ingenuo

234 4308 388 4386 desponsa
396 4306 462 4379 suit,
470 4317 502 4368 et
514 4308 773 4370 eiri‘Athenienei:
782 4309 850 4384 ¹ejus
862 4317 960 4368 autem
971 4309 1012 4370 rei
1020 4327 1110 4368 causa
1119 4308 1178 4371 tuit
1186 4309 1350 4380 ,Androtim

239 4400 325 4476 cuiue
339 4416 376 4457 ea
387 4397 460 4467 vita,
474 4417 511 4459 ea
522 4400 602 4460 iacta
620 4401 806 4472 exstiterunt,
821 4411 855 4461 ut
868 4402 896 4462 ei
916 4421 970 4462 nec
990 4421 1058 4462 suaa
1072 4395 1201 4480 priretaa
1219 4401 1349 4465 inimici·

236 4491 298 4550 tiae
307 4490 440 4570 persequi
454 4489 551 4566 liceum
564 4493 670 4554 nedum
682 4494 793 4573 aliquid
809 4505 897 4575 agere
909 4494 1027 4562 nomine
1047 4493 1186 4578 publico?
1207 4495 1299 4562 Quen
1322 4491 1350 4554 ai
