2946 4954
194 265 254 324 rao
427 257 484 321 os.
504 257 629 322 nana
649 235 784 324 ousia
804 259 1058 386 uuorrronu

110 467 122 478 ,
190 415 364 508 dispiciebat
374 433 433 494 quo
447 427 534 521 pacto
548 415 630 476 vobis
644 415 866 496 gratificaretur,
879 419 985 480 missos
1001 419 1111 494 facere,
1124 424 1202 484 nain
1212 443 1294 488 meu-

147 523 151 528 ‘
189 517 249 568 tem
264 509 383 587 quidem
397 507 451 568 sibi
464 509 578 569 venisse
592 493 767 588 p'rolitetur.¹
787 510 872 590 Saepe
881 521 978 572 autem
989 523 1128 574 testatum
1140 517 1229 578 vobis
1237 529 1293 594 est,

77 677 81 692 Ι
189 600 280 679 idque
293 602 420 681 publice,
434 620 480 660 me
495 601 628 660 attulisse
646 601 800 673 talentum,
821 614 852 662 et
866 604 904 663 ad
918 625 970 665 eos
985 603 1170 668 redimendos
1193 612 1294 688 prose-

189 703 269 752 ctum
283 712 359 763 esse,
379 691 459 771 quod
484 693 680 752 testimonium
703 713 783 754 nunc
796 695 1032 756 etiamaudietis.
1067 697 1250 779 Quapropter
1260 711 1296 762 ιιι

70 837 75 842 .
189 786 247 845 iste
259 785 377 845 laudern
390 785 472 843 illam
482 785 671 864 benignitatis
685 785 757 844 mihi
769 786 903 866 eriperet,
916 788 1004 847 etiam
1018 789 1048 848 id
1069 800 1104 850 ut
1116 790 1293 867 inscriberet,

190 871 327 955 Philippo
336 875 490 955 persuasit.
507 875 594 944 Quod
608 876 698 954 igitur
708 877 866 938 maximum
879 888 925 939 est
933 881 1074 954 omniurn,
1083 881 1133 960 qui
1147 884 1290 961 prioribus

187 967 279 1028 literis
292 987 407 1048 pernes
419 967 526 1038 allatis,
541 968 736 1048 inscripserat,
750 990 782 1030 ae
797 980 896 1050 aperte
906 971 994 1031 etiam
1004 972 1096 1032 fuisse
1106 975 1291 1053 scripturum,

189 1059 308 1140 quantis
318 1060 465 1120 beneficiis
478 1080 532 1120 vos
547 1061 705 1122 effecturus
718 1072 806 1134 esset,
819 1062 843 1122 si
855 1063 943 1124 sciret
956 1064 1126 1126 societatem
1140 1067 1229 1128 etiam
1242 1087 1290 1130 se-

188 1171 256 1214 cum
278 1152 380 1212 initum
394 1153 439 1223 iri,
454 1154 490 1224 is,
505 1153 635 1214 conflata
648 1155 800 1225 societate,
823 1174 918 1234 neque
940 1156 1014 1218 scire
1035 1177 1079 1228 se,
1092 1160 1291 1236 quarevobis
1338 1189 1343 1193 ·
1429 1163 1433 1168 '

188 1243 374 1324 gratificetur,
387 1263 481 1323 neque
490 1245 647 1324 quicquam
664 1246 833 1326 promisisse
847 1248 906 1317 ait;
928 1248 1008 1327 quod
1020 1249 1122 1328 utique
1136 1261 1248 1326 nosset,
1264 1251 1291 1312 si

187 1338 289 1398 sucum
302 1337 385 1398 vobis
410 1356 469 1396 non
491 1338 620 1401 fecisset.
648 1339 760 1398 Verum
774 1348 807 1398 ιιι
820 1359 886 1400 eum
905 1339 972 1400 baec
997 1341 1149 1420 scripsisse
1162 1353 1289 1412 constet,

188 1447 262 1510 oape
275 1429 386 1510 priores
400 1429 512 1504 literas,
525 1439 615 1510 atque
628 1450 666 1492 ex
677 1430 734 1491 illis
744 1431 871 1511 idipsum
884 1431 986 1512 recita,
1000 1433 1037 1493 ab
1051 1432 1107 1494 hoc
1117 1433 1207 1494 initio.

616 1591 670 1652 EX
690 1589 867 1652 LITERIS.

188 1719 267 1780 Ante
288 1737 392 1799 pacem
415 1721 504 1799 igitar
519 1720 714 1800 impetratam,
731 1723 756 1786 si
776 1723 864 1782 etiam
886 1720 1013 1783 societas
1031 1738 1132 1780 secum
1157 1721 1289 1798 iniretur,

188 1832 221 1872 se
230 1813 405 1890 scripturum
415 1812 610 1890 promittebat,
618 1812 956 1893 quantisrempublicam
970 1812 1118 1872 beneficiis
1128 1811 1287 1874 effecturus

129 1975 136 1994 .
187 1913 287 1965 essetr
306 1912 465 1982 postquam
485 1913 584 1962 autem
599 1912 755 1981 utrumque
774 1905 910 1976 obtinuit,
927 1904 1062 1982 ignorare
1082 1923 1115 1963 se
1132 1905 1211 1976 dicit,
1227 1924 1288 1982 qua

185 1995 269 2056 vobis
284 2014 315 2054 re
330 1993 516 2074 gratificetur.
540 1983 619 2052 'Cum
637 2012 706 2053 vero
724 2013 776 2053 ros
796 2013 832 2054 ea
844 1997 975 2055 facturos
989 1995 1105 2066 dicatis,
1116 2015 1182 2075 quae
1196 1997 1223 2056 ei
1232 2017 1291 2057 neo

186 2087 337 2190 pudenda,
343 2105 397 2145 nec
405 2084 599 2166 ignominiosa
608 2085 675 2157 siut,
688 2085 727 2145 ad
734 2086 789 2146 has
800 2085 1003 2147 excusationes
1014 2087 1221 2166 confugiendo,
1233 2087 1288 2148 etsi
1307 2159 1309 2165 Ι

187 2199 259 2242 sane
272 2188 302 2239 et
315 2178 377 2258 ipse
390 2179 496 2240 dixerit
516 2177 634 2256 aliquid,
647 2186 679 2236 et
691 2196 744 2238 vos
759 2177 946 2239 adducamini
967 2178 1007 2239 ad
1020 2178 1229 2258 pollicendum,
1241 2201 1288 2240 re·

187 2283 308 2353 ceptum
325 2272 381 2338 sibi
397 2270 545 2350 relinquit.
946 2305 950 2310 ,

233 2363 479 2442 16.}tae01gitur
500 2362 606 2423 etalio
624 2361 716 2421 multa
728 2381 765 2423 eo
783 2371 913 2443 tempore
935 2363 1061 2423 statim
1053 2383 1083 2422 ιιι
1100 2363 1289 2442 repressori

186 2455 307 2536 coargui
320 2465 489 2536 potueruut,
501 2473 613 2534 vosque
626 2453 754 2528 edoceri,
768 2463 800 2515 et
810 2474 923 2526 cavere,
935 2475 974 2515 ue
986 2473 1082 2517 rerum
1095 2455 1289 2534 &sanderum

187 2550 357 2610 occasiones
371 2548 553 2620 amitteretis,
567 2545 624 2606 nisi
615 2544 784 2626 'Thespia
800 2558 831 2608 et
850 2546 984 2618 Platea,
1007 2558 1037 2608 et
1054 2547 1249 2624 Thebanis
1225 2568 1287 2608 srne

186 2659 270 2702 mora
281 2637 474 2718 infligendum
489 2636 674 2716 supplicium,
689 2639 840 2700 veritatem
858 2638 939 2706 vobis
959 2639 1124 2718 eripuisset.
1146 2639 1240 2717 Atqui
1252 2657 1290 2698 ea

186 2735 213 2794 si
235 2742 351 2792 tantum
367 2730 511 2790 audienda
529 2730 664 2803 fuissent,
689 2739 721 2790 et
738 2733 827 2791 verba
847 2731 945 2792 danda
967 2732 1086 2804 civitati,
1107 2741 1185 2792 recte
1209 2731 1290 2792 dicta

100 2814 106 2818 ’
187 2833 302 2886 essent:
325 2824 370 2883 sin
380 2841 481 2882 revera
494 2820 624 2902 gerenda
635 2831 666 2882 et
678 2823 857 2900 prestanda,
872 2824 962 2892 taceri
970 2823 1155 2903 expediebat.
1171 2823 1249 2884 Nam
1262 2823 1287 2884 si

93 2935 102 2956 ·
187 2920 218 2978 in
233 2936 269 2976 eo
281 2935 328 2976 res
338 2919 401 2991 jam
414 2924 507 2988 erant,
520 2925 555 2974 ut
566 2933 622 2975 nec
635 2913 844 2975 animadversis
855 2915 968 2976 insidiis
982 2915 1116 2976 Thebani
1129 2916 1288 2995 quicquam

176 3001 372 3090 proficerent,
382 3026 435 3068 cur
444 3007 530 3068 facte
544 3027 605 3068 non
617 3006 704 3068 eunti
725 3007 779 3068 Sin
791 3017 946 3088 propterea
956 3018 1027 3068 sunt
1039 3008 1197 3088 impedita,
1207 3008 1288 3086 quod

185 3101 228 3163 illi
240 3111 463 3192 praesenserant,
475 3100 543 3178 quis
556 3099 754 3160 enunciavit?
752 3119 858 3160 noune
871 3099 950 3161 istct
971 3099 1031 3160 Sed
1045 3100 1204 3182 illoneque
1216 3100 1287 3160 Phi-

185 3193 284 3273 lippus
297 3181 432 3266 instituit,
447 3193 612 3266 autvoluit,
624 3210 719 3271 neque
733 3193 861 3271 speravit
874 3193 946 3254 iste.
967 3193 1091 3272 proinde
1105 3192 1288 3252 enunciatio-
1389 3211 1398 3223 ’
1469 3239 1470 3250 .

186 3285 233 3344 tris
247 3305 315 3344 eum
328 3286 447 3344 crimine
457 3283 559 3344 libero.
578 3283 691 3344 Fucum
704 3283 761 3344 illis
774 3284 870 3346 verbis
885 3282 947 3344 fieri
959 3285 1042 3344 vobis
1061 3283 1198 3364 oportuit,
1212 3295 1243 3342 et
1255 3283 1288 3342 id

180 3376 275 3449 effici,
288 3396 326 3436 ne
339 3396 440 3437 verum
453 3395 491 3434 ex
504 3395 550 3436 me
565 3375 666 3436 audire
678 3375 802 3447 velletis,
815 3387 846 3437 et
859 3386 893 3437 ut
905 3376 987 3436 domi
1000 3376 1167 3446 maneretis,
1182 3384 1213 3435 et
1226 3375 1285 3436 tale

188 3467 295 3528 scitum
312 3467 473 3548 juberetur,
493 3487 552 3545 quo
566 3468 734 3528 Phocenses
754 3467 897 3528 interituri
916 3479 1031 3537 essent;
1053 3487 1089 3528 eo
1104 3467 1290 3547 pertinebant

143 3629 145 3634 ,
186 3561 245 3621 illae
260 3559 384 3632 deliciae,
398 3559 467 3618 binc
482 3569 566 3620 erant
580 3559 637 3618 illae
651 3560 817 3622 conciones.
922 3589 926 3598 ·

231 3655 278 3713 16.
301 3652 366 3730 Ego
385 3671 453 3710 vcro
475 3670 542 3711 cum
555 3660 639 3712 tanta
659 3663 689 3712 et
702 3652 773 3710 talia
786 3647 872 3710 illum
885 3651 1015 3730 polliceri
1028 3661 1091 3712 tum
1104 3651 1246 3724 audirem,
1259 3660 1291 3712 et

186 3746 301 3806 mentm
309 3752 490 3822 compertum
501 3742 782 3822 haberem,-idque
794 3744 874 3804 unde
885 3742 980 3802 dicam
991 3743 1093 3804 vobis:
1114 3745 1240 3823 primum
1250 3763 1289 3802 ex

185 3856 232 3910 eo,
246 3858 314 3899 cum
332 3836 485 3916 Philippus
494 3834 701 3915 jusjurandum
719 3835 757 3894 de
776 3855 850 3918 pace
863 3836 985 3896 daturus
1006 3846 1096 3908 esset,
1112 3835 1193 3914 quod
1207 3834 1288 3894 Pho-

186 3948 290 3994 censes
304 3931 341 3990 ab
355 3930 419 3991 istis
431 3929 567 3989 exclusos
580 3947 644 3988 esse
657 3927 768 3988 foedere
778 3929 947 4008 apparabat,
958 3927 1037 4006 quod
1046 3926 1137 3988 taceri
1150 3936 1181 3986 et
1191 3925 1292 3986 omitti

74 4043 77 4052 ‘
186 4023 389 4097 conveniebat,
403 4023 428 4082 si
438 4023 570 4083 futurum
584 4030 647 4080 erat
659 4029 694 4079 ut
706 4031 964 4082 conservarentur:
986 4019 1091 4080 deinde
1101 4018 1181 4098 quod
1190 4038 1292 4096 neque

187 4111 316 4190 Philippi
329 4114 419 4192 legati
431 4114 462 4173 id
481 4114 630 4183 dicebant,
644 4113 844 4192 aequalitates
864 4112 1002 4191 Philippi,
1020 4111 1073 4172 sed
1091 4112 1198 4183 iste—,
1218 4110 1293 4172 hinc

186 4201 275 4288 igitur
285 4204 482 4283 conjecturam
490 4205 627 4285 capiens,
639 4204 752 4264 surrexi
766 4213 798 4264 et
806 4204 911 4284 prodii,
924 4203 1045 4264 daturus
1058 4221 1188 4287 operam,
1198 4211 1234 4261 ut
1241 4222 1292 4262 rc-

185 4299 326 4379 fragarer.
347 4297 388 4358 Ut
400 4308 498 4359 autem
508 4320 560 4360 vos
569 4299 669 4361 audire
679 4319 725 4360 me
734 4298 889 4373 nolebatis,
899 4297 1006 4377 quievi,
1016 4305 1130 4360 tautum
1141 4296 1292 4358 danunt

145 4442 148 4446 .
186 4390 453 4470 tentatoq-idque
466 4394 588 4456 obsecro
603 4412 658 4455 vos
664 4412 717 4473 per
729 4391 800 4454 daos
815 4401 849 4454 ut
861 4392 889 4452 in
901 4391 1070 4458 memoriam
1089 4389 1290 4466 revocetis-s,
