2932 4952
517 333 686 394 coarat
707 331 880 394 mrornu.
1185 319 1253 388 'aas
1316 305 1319 310 ’
1363 355 1366 366 =

195 493 246 554 56.
268 489 334 569 Ego
348 507 428 559 raro,
441 499 544 548 utnon
555 488 594 546 ob
607 484 937 561 aliud,velob=crebras
946 482 1166 564 asinpsrann
1174 501 1248 562 con·

136 648 140 658 .
153 582 267 656 cinnes,
280 591 311 642 et
322 591 453 660 tempora
464 579 569 658 quibus
583 599 634 638 eas
643 576 789 650 babuerit,
801 577 1086 658 maximosssupplicio
1100 587 1250 640 censerem

156 675 361 735 afficiendum:
381 672 476 750 nostis
492 673 569 732 enim
584 670 643 732 hoc
652 667 798 750 prolecto,
812 669 836 729 si
851 687 898 728 res
912 671 988 730 bene
1001 683 1093 750 gesta
1106 676 1248 739 nuncian·

154 777 204 825 tur
218 767 294 839 urbi,
308 778 339 827 et
358 766 418 825 tale
432 764 544 842 aliquid
563 783 622 842 quo
635 761 830 834 exhilarentur
839 780 952 831 omnes,
963 781 1107 842 nusquam
1117 786 1251 846 unquam
1360 827 1369 835 ,

154 857 232 918 inter
246 879 296 918 eos
310 878 373 934 esse
387 857 511 917 Midiam
526 857 685 924 inventurn,
702 855 752 934 qui
772 873 838 913 curn
851 854 961 934 populo
982 857 1123 934 gaudent,
1145 863 1252 942 quique

154 943 406 1029 congratulantur.
428 949 480 1008 Sin
493 947 564 1026 quid
578 946 702 1017 adversi,
716 946 796 1025 quod
805 945 998 1025 deprecentur
1008 969 1120 1022 ornnes,
1129 954 1254 1032 primurn

96 1111 103 1121 ,
140 1041 234 1122 ‚inter
242 1041 319 1101 'alios
335 1041 433 1100 statim
451 1059 569 1118 surgere
582 1048 613 1098 et
625 1038 799 1111 concionari,
812 1038 999 1099 insultantem
1010 1044 1200 1122 temporibus,
1215 1050 1254 1108 si·
1319 1110 1324 1120 ‚

157 1132 308 1211 lentioque
327 1134 481 1205 fruentem,
504 1132 585 1210 quod
603 1151 656 1190 vos
677 1141 795 1211 propter
814 1130 946 1191 adversm
964 1133 1089 1198 fortunae
1108 1139 1255 1201 tristitiam

157 1226 284 1286 tenetis:
305 1225 400 1285 talea
422 1225 526 1284 enim
551 1225 659 1297 estis,
684 1223 975 1285 Athenienses:
998 1248 1128 1308 neque
1152 1234 1256 1294 enim

159 1315 421 1398 egredimini,
447 1334 577 1394 neque
605 1315 703 1375 euim
729 1317 933 1376 tributum
964 1323 1256 1388 conferendum

159 1409 355 1484 censetis.
391 1409 440 1467 Et
465 1407 671 1467 miramini
703 1407 805 1468 male
837 1409 1044 1472 vobiscum
1071 1417 1162 1494 agit
1195 1419 1256 1481 Me
1317 1481 1321 1488 ,

142 1486 318 1582 'putatis
346 1501 459 1576 vobis
486 1499 643 1559 tributa
668 1499 922 1574 collaturum,
957 1523 1026 1564 vos
1055 1506 1134 1567 illis
1167 1511 1261 1582 frui-¹

162 1593 300 1654 turos?
335 1592 571 1672 Meputatis
599 1591 786 1652 triremes
818 1593 1119 1674 instructurum,
1145 1607 1258 1667 robis

163 1687 301 1762 otiose
325 1686 428 1746 domi
450 1683 718 1744 sedentibus?
749 1684 813 1744 Tali
826 1687 1097 1765 petulantiautens,
1119 1703 1149 1754 et
1170 1698 1262 1758 animi·

132 1841 136 1846 ,
164 1780 211 1839 sui
231 1780 419 1840 acerbitatem
431 1799 468 1839 ac
481 1777 724 1852 malevolentiam,
744 1798 831 1858 quam
845 1783 975 1844 obscure
996 1796 1099 1847 contra
1117 1791 1259 1868 populum

164 1871 247 1950 apud
280 1872 467 1950 semetipsum
496 1870 580 1950 gerit,
608 1867 660 1949 per
693 1869 878 1932 occasionem
904 1872 1055 1954 detegens,
1080 1881 1260 1946 obambulat.

166 1963 296 2044 Oportet
307 1964 406 2042 igitur,
429 1962 639 2034 Athenienses,
653 1983 704 2023 vos
718 1963 804 2023 etiam
827 1964 870 2026 aie
888 1983 978 2039 nuuc,
999 1971 1116 2046 quando
1133 1975 1189 2034 iste
1209 1996 1262 2055 per

163 2054 300 2116 fraudem
320 2064 353 2114 et
370 2055 567 2134 imposturam,
579 2053 793 2124 lamentabitur,
814 2063 846 2114 et
866 2054 1000 2132 plorabit,
1024 2070 1055 2119 et
1074 2066 1261 2145 supplicabit,

102 2197 106 2208 .
166 2145 471 2226 taliaillisubjioere:
499 2146 663 2214 taliaes,
692 2144 838 2206 Midia:
869 2147 981 2209 homo
1002 2153 1101 2212 enim
1129 2171 1264 2230 contus

169 2237 359 2299 meliosus
382 2257 433 2313 es,
457 2258 586 2318 neque
603 2238 656 2297 vis
676 2257 802 2296 manus
823 2239 928 2317 apud
951 2251 988 2301 te
1007 2249 1261 2326 comprimere.

171 2332 224 2390 Et
249 2330 418 2391 miraris.
438 2319 489 2404 te,
512 2331 644 2391 malus
669 2349 753 2389 curn
781 2330 852 2405 sis,
878 2332 1264 2413 maleperitu'rumt

169 2424 248 2484 Sed
269 2433 389 2503 putas
412 2433 545 2483 noste
568 2422 836 2494 toleraturos,
858 2421 989 2504 ipsum
1006 2445 1103 2488 vero
1127 2440 1261 2494 tever-

169 2515 437 2578 beraturumt
470 2535 541 2575 nos
568 2526 606 2580 te
633 2513 936 2590 absoluturos,
956 2518 1110 2582 nullum
1139 2535 1265 2590 statu·

160 2601 692 2686 'entemirnprobitatituae
717 2609 888 2668 modum?
1120 2655 1122 2660 .
1185 2653 1187 2658 -

155 2685 160 2690 ’
214 2703 265 2760 57.
287 2699 434 2759 Oratores.
446 2700 565 2778 quidem
585 2700 672 2759 istum
687 2699 856 2773 defendent,
869 2721 929 2762 non
946 2712 1011 2766 tam
1034 2709 1149 2772 medius
1171 2713 1268 2790 fidius,

171 2792 276 2872 utbisti
290 2792 498 2872 gratificentur,
514 2812 610 2870 quamv
621 2803 655 2852 nt
668 2813 745 2871 tegre
765 2793 835 2852 mihi
855 2795 966 2867 faciant
976 2800 1014 2857 ob
1026 2801 1153 2878 privatas
1173 2806 1268 2868 inimi·

163 2870 270 2957 cibas,
284 2884 426 2962 quasiste
440 2883 494 2944 sibi
507 2903 633 2957 mecum,
647 2885 707 2945 sive
721 2885 871 2957 affirmem,
886 2887 946 2946 sive
964 2908 1131 2970 pernegem,
1145 2895 1269 2958 interce.

174 2977 247 3036 dere
261 2977 386 3049 dictitat,
400 2985 430 3036 et
441 2977 471 3035 vi
491 2986 644 3054 extorquet
655 2995 715 3036 non
734 2985 825 3036 recte.
860 2977 920 3036 Sed
940 2979 982 3038 ita
1000 2981 1061 3041 tere
1074 2985 1116 3057 tit,
1130 2997 1163 3046 ut
1180 2989 1270 3052 nimia
1334 3006 1337 3012 ’

162 3053 301 3132 'felicita
327 3069 460 3129 homiues
480 3068 637 3147 aliquando
656 3067 762 3128 reddat
780 3069 988 3132 intolerabiles.
1022 3073 1098 3134 Nam
1124 3097 1191 3138 cum
1214 3103 1272 3162 ego

175 3183 235 3226 nec
245 3165 373 3242 acceptis
386 3163 507 3242 injuriis,
522 3181 589 3222 eum
603 3162 750 3221 inimicum
761 3161 831 3220 milri
843 3179 910 3222 esse
922 3165 1077 3242 profitear:
1099 3169 1163 3248 ipse
1172 3157 1272 3236 tamen

176 3256 432 3318 rnedimittent'em
445 3274 504 3326 non
517 3253 646 3326 dimittit,
661 3254 715 3312 sed
734 3254 764 3310 in
777 3253 876 3312 alienis
889 3257 984 3316 causis
1005 3271 1099 3320 semet
1110 3263 1226 3352 ingerit,
1243 3278 1273 3329 et

176 3369 259 3412 nunc
271 3346 410 3426 prodibit,
417 3357 451 3407 ut
460 3367 514 3407 nec
524 3363 678 3406 commuue
687 3343 787 3425 legum
797 3347 964 3426 presidium
979 3353 1047 3413 milri
1058 3354 1272 3440 impertiamini,

175 3439 393 3534 postulaturus,
406 3438 473 3498 talis
485 3438 574 3516 igitur
593 3457 690 3496 nonne
698 3437 761 3515 jam
775 3438 870 3516 gravis
884 3449 938 3512 est,
957 3451 987 3501 et
999 3445 1090 3522 major
1103 3467 1191 3525 quam
1209 3454 1275 3512 nni-

53 3516 57 3521 .
164 3534 289 3614 *mique
315 3539 447 3592 nostrum
468 3529 625 3609 experiar
645 3529 694 3590 aa
711 3529 776 3588 aas
797 3529 901 3604 aaran,
923 3533 1126 3610 Athenienses,
1147 3551 1177 3600 st
1198 3544 1275 3607 aare
1379 3520 1387 3538 “

180 3625 318 3687 Eubulus
339 3623 369 3683 in
383 3623 508 3695 theatro,
521 3643 612 3701 quum
629 3622 755 3702 populus
770 3622 893 3682 Midiam
915 3626 1073 3701 damnavit,
1095 3643 1126 3692 et
1143 3635 1277 3698 nomina·

179 3718 365 3789 tincturus,
379 3725 480 3796 orante
493 3715 549 3775 isto
561 3725 590 3774 et
609 3713 815 3789 contendente,
832 3717 875 3776 uti
889 3723 1057 3796 tenuastis,
1073 3739 1277 3790 nou-surrexe.

181 3812 232 3872 rit.
253 3807 342 3886 Atqui
356 3808 381 3866 si
395 3807 519 3866 Midiam
532 3807 677 3867 insontem
689 3803 817 3868 delatum
828 3827 894 3870 essa
905 3812 1029 3873 credidit
1038 3816 1115 3892 apud
1123 3820 1275 3896 papulum,¹

172 3902 314 3980 ,officium
333 3900 418 3960 amici
438 3901 540 3979 utique
559 3900 673 3972 fuisset,
687 3901 714 3960 ei
727 3899 901 3980 patrocinari
914 3913 944 3962 et
957 3899 1100 3984 opitulari.
1133 3909 1194 3986 Sin,
1208 3917 1278 3994 quia

181 4006 249 4056 turn
264 3991 410 4052 sentiebat
428 3992 501 4050 e'urn
515 3991 622 4070 injuste
642 3993 750 4065 facere,
770 3992 837 4052 ideo
859 3995 963 4054 adesse
985 3997 1088 4071 noluit,
1110 4021 1188 4062 nunc
1210 4009 1279 4084 quia

183 4086 258 4147 rnrlri
275 4084 408 4160 inimicus
422 4093 476 4155 est,
489 4083 556 4144 ideo
570 4083 658 4144 istum
679 4084 800 4144 liberare
820 4085 928 4156 studet,
949 4087 1031 4155 vobis
1052 4091 1205 4154 honestum
1219 4119 1279 4158 non

174 4177 284 4252 fuant,
297 4175 340 4234 illi
351 4175 523 4252 gratificari:
545 4175 621 4234 absit
631 4187 662 4234 ut
677 4175 707 4248 in
722 4177 870 4254 republica
878 4178 1011 4256 populari
1019 4183 1171 4263 quisquam
1180 4198 1279 4252 tantus

184 4269 322 4339 exsistat,
330 4267 414 4346 cujus
425 4266 632 4328 intercessione
640 4267 713 4326 alter
722 4278 871 4347 acceptam
880 4269 1013 4348 injuriam
1021 4274 1282 4358 tolerarecogatur,

184 4361 263 4423 alter
275 4359 383 4419 factam
394 4358 513 4439 impune
525 4359 610 4420 ferat.
622 4358 720 4426 Quod
735 4359 760 4418 si
773 4359 843 4418 mihi
851 4361 1145 4440 malefacere-studes,
1156 4371 1285 4448 Eubule,
1320 4427 1325 4432 .

185 4469 395 4532 ..quanquam
406 4469 463 4530 ego
477 4451 549 4514 deos
558 4460 660 4526 testor,
673 4449 829 4514 haudscio
841 4471 901 4533 quo
914 4457 1018 4518 merito
1027 4475 1142 4534 meo-22,
1155 4471 1240 4542 potes
1250 4465 1283 4526 id
