<?xml version="1.0" encoding="UTF-8"?>
<!DOCTYPE html PUBLIC "-//W3C//DTD XHTML 1.0 Transitional//EN"
    "http://www.w3.org/TR/xhtml1/DTD/xhtml1-transitional.dtd">
<html xmlns="http://www.w3.org/1999/xhtml" xml:lang="en" lang="en">
 <head>
  <title>
</title>
<meta http-equiv="Content-Type" content="text/html;charset=utf-8" />
  <meta name='ocr-system' content='tesseract 3.04.00' />
  <meta name='ocr-capabilities' content='ocr_page ocr_carea ocr_par ocr_line ocrx_word'/>
</head>
<body>
  <div class='ocr_page' id='page_1' title='image "./demosthenisetsc08ulpigoog/demosthenisetsc08ulpigoog_0095.png"; bbox 0 0 2920 4950; ppageno 0'>
   <div class='ocr_carea' id='block_1_1' title="bbox 553 595 1057 940">
    <p class='ocr_par' dir='ltr' id='par_1_1' title="bbox 553 595 1057 940">
     <span class='ocr_line' id='line_1_1' title="bbox 553 595 1057 706; baseline 0.002 -4"><span class='ocrx_word' id='word_1_1' title='bbox 553 595 956 706; x_wconf 70' lang='lat' dir='ltr'>vnuesisl</span> <span class='ocrx_word' id='word_1_2' title='bbox 1051 633 1057 648; x_wconf 94' lang='lat'><strong>·</strong></span> 
     </span>
     <span class='ocr_line' id='line_1_2' title="bbox 641 833 917 940; baseline 0.022 -16"><span class='ocrx_word' id='word_1_3' title='bbox 641 893 645 900; x_wconf 36' lang='lat'>1</span> <span class='ocrx_word' id='word_1_4' title='bbox 670 833 917 940; x_wconf 72' lang='lat' dir='ltr'>nutirsis</span> 
     </span>
    </p>
   </div>
   <div class='ocr_carea' id='block_1_2' title="bbox 460 1057 1129 1130">
    <p class='ocr_par' dir='ltr' id='par_1_2' title="bbox 460 1057 1129 1130">
     <span class='ocr_line' id='line_1_3' title="bbox 460 1057 1129 1130; baseline -0.01 -2"><span class='ocrx_word' id='word_1_5' title='bbox 460 1061 843 1130; x_wconf 82' lang='lat' dir='ltr'><strong>PHILIPPICAE</strong></span> <span class='ocrx_word' id='word_1_6' title='bbox 883 1057 1129 1128; x_wconf 84' lang='lat' dir='ltr'><strong>TERTIAE.</strong></span> 
     </span>
    </p>
   </div>
   <div class='ocr_carea' id='block_1_3' title="bbox 630 1271 890 1343">
    <p class='ocr_par' dir='ltr' id='par_1_3' title="bbox 630 1271 890 1343">
     <span class='ocr_line' id='line_1_4' title="bbox 630 1271 890 1343; baseline -0.023 -11"><span class='ocrx_word' id='word_1_7' title='bbox 630 1323 635 1332; x_wconf 89' lang='grc'><em>,</em></span> <span class='ocrx_word' id='word_1_8' title='bbox 709 1271 890 1343; x_wconf 73' lang='lat' dir='ltr'><strong><em>Propositum.</em></strong></span> 
     </span>
    </p>
   </div>
   <div class='ocr_carea' id='block_1_4' title="bbox 243 1399 1345 1648">
    <p class='ocr_par' dir='ltr' id='par_1_4' title="bbox 243 1399 1345 1648">
     <span class='ocr_line' id='line_1_5' title="bbox 279 1399 1342 1484; baseline -0.007 -15"><span class='ocrx_word' id='word_1_9' title='bbox 279 1415 315 1469; x_wconf 81' lang='lat' dir='ltr'>In</span> <span class='ocrx_word' id='word_1_10' title='bbox 326 1430 359 1467; x_wconf 89' lang='lat' dir='ltr'>ec</span> <span class='ocrx_word' id='word_1_11' title='bbox 372 1417 445 1468; x_wconf 83' lang='lat' dir='ltr'>statu</span> <span class='ocrx_word' id='word_1_12' title='bbox 454 1429 497 1468; x_wconf 86' lang='lat' dir='ltr'>res</span> <span class='ocrx_word' id='word_1_13' title='bbox 508 1418 586 1468; x_wconf 86' lang='lat' dir='ltr'>erent</span> <span class='ocrx_word' id='word_1_14' title='bbox 597 1414 697 1484; x_wconf 81' lang='lat' dir='ltr'>positae</span> <span class='ocrx_word' id='word_1_15' title='bbox 707 1417 747 1480; x_wconf 87' lang='lat' dir='ltr'>ut,</span> <span class='ocrx_word' id='word_1_16' title='bbox 761 1427 900 1482; x_wconf 68' lang='lat' dir='ltr'>peoeouua</span> <span class='ocrx_word' id='word_1_17' title='bbox 910 1414 1036 1482; x_wconf 87' lang='lat' dir='ltr'>Phiiippo</span> <span class='ocrx_word' id='word_1_18' title='bbox 1048 1399 1171 1466; x_wconf 88' lang='lat' dir='ltr'>nondum</span> <span class='ocrx_word' id='word_1_19' title='bbox 1180 1415 1270 1480; x_wconf 85' lang='lat' dir='ltr'>rupta,</span> <span class='ocrx_word' id='word_1_20' title='bbox 1278 1409 1342 1476; x_wconf 88' lang='lat' dir='ltr'>Dio-</span> 
     </span>
     <span class='ocr_line' id='line_1_6' title="bbox 244 1495 1344 1568; baseline -0.005 -18"><span class='ocrx_word' id='word_1_21' title='bbox 244 1497 335 1567; x_wconf 86' lang='lat' dir='ltr'>pithes</span> <span class='ocrx_word' id='word_1_22' title='bbox 346 1498 458 1568; x_wconf 89' lang='lat' dir='ltr'>quidem</span> <span class='ocrx_word' id='word_1_23' title='bbox 473 1498 532 1550; x_wconf 88' lang='lat' dir='ltr'>dux</span> <span class='ocrx_word' id='word_1_24' title='bbox 544 1495 719 1552; x_wconf 79' lang='lat' dir='ltr'>Atheniensis</span> <span class='ocrx_word' id='word_1_25' title='bbox 730 1495 758 1548; x_wconf 91' lang='lat' dir='ltr'>in</span> <span class='ocrx_word' id='word_1_26' title='bbox 770 1495 940 1548; x_wconf 83' lang='lat' dir='ltr'>Chersoneso</span> <span class='ocrx_word' id='word_1_27' title='bbox 952 1495 1085 1548; x_wconf 86' lang='lat' dir='ltr'>exercitui</span> <span class='ocrx_word' id='word_1_28' title='bbox 1097 1497 1239 1562; x_wconf 77' lang='lat' dir='ltr'>praeesset,</span> <span class='ocrx_word' id='word_1_29' title='bbox 1248 1495 1344 1560; x_wconf 85' lang='lat' dir='ltr'>Philip·</span> 
     </span>
     <span class='ocr_line' id='line_1_7' title="bbox 243 1574 1345 1648; baseline -0.004 -16"><span class='ocrx_word' id='word_1_30' title='bbox 243 1574 296 1648; x_wconf 84' lang='lat' dir='ltr'>pus</span> <span class='ocrx_word' id='word_1_31' title='bbox 308 1583 399 1632; x_wconf 87' lang='lat' dir='ltr'>autem</span> <span class='ocrx_word' id='word_1_32' title='bbox 413 1577 495 1632; x_wconf 87' lang='lat' dir='ltr'>armis</span> <span class='ocrx_word' id='word_1_33' title='bbox 504 1579 643 1646; x_wconf 82' lang='lat' dir='ltr'>subigeret</span> <span class='ocrx_word' id='word_1_34' title='bbox 652 1577 910 1646; x_wconf 85' lang='lat' dir='ltr'>Thraciam,eopias</span> <span class='ocrx_word' id='word_1_35' title='bbox 924 1577 1049 1646; x_wconf 85' lang='lat' dir='ltr'>mitteret</span> <span class='ocrx_word' id='word_1_36' title='bbox 1059 1577 1088 1628; x_wconf 92' lang='lat' dir='ltr'>in</span> <span class='ocrx_word' id='word_1_37' title='bbox 1100 1577 1250 1642; x_wconf 82' lang='lat' dir='ltr'>Euboeam,</span> <span class='ocrx_word' id='word_1_38' title='bbox 1270 1575 1345 1642; x_wconf 81' lang='lat' dir='ltr'>eujus</span> 
     </span>
    </p>
   </div>
   <div class='ocr_carea' id='block_1_5' title="bbox 220 1649 1436 1730">
    <p class='ocr_par' dir='ltr' id='par_1_5' title="bbox 220 1649 1436 1730">
     <span class='ocr_line' id='line_1_8' title="bbox 220 1649 1436 1730; baseline -0.005 -15"><span class='ocrx_word' id='word_1_39' title='bbox 220 1659 223 1669; x_wconf 77' lang='lat'><em>&#39;</em></span> <span class='ocrx_word' id='word_1_40' title='bbox 243 1662 328 1716; x_wconf 87' lang='lat' dir='ltr'>nrbes</span> <span class='ocrx_word' id='word_1_41' title='bbox 339 1662 476 1715; x_wconf 75' lang='lat' dir='ltr'>maximas</span> <span class='ocrx_word' id='word_1_42' title='bbox 487 1663 588 1716; x_wconf 80' lang='lat' dir='ltr'>civium</span> <span class='ocrx_word' id='word_1_43' title='bbox 602 1659 850 1730; x_wconf 81' lang='lat' dir='ltr'>potentissimorum</span> <span class='ocrx_word' id='word_1_44' title='bbox 862 1676 915 1728; x_wconf 90' lang='lat' dir='ltr'>ope</span> <span class='ocrx_word' id='word_1_45' title='bbox 928 1677 996 1728; x_wconf 85' lang='lat' dir='ltr'>quos</span> <span class='ocrx_word' id='word_1_46' title='bbox 1004 1661 1055 1713; x_wconf 89' lang='lat' dir='ltr'>sihi</span> <span class='ocrx_word' id='word_1_47' title='bbox 1067 1661 1346 1724; x_wconf 82' lang='lat' dir='ltr'>secerutamicos,suo</span> <span class='ocrx_word' id='word_1_48' title='bbox 1435 1649 1436 1654; x_wconf 59' lang='grc'>’</span> 
     </span>
    </p>
   </div>
   <div class='ocr_carea' id='block_1_6' title="bbox 200 1733 1347 2065">
    <p class='ocr_par' dir='ltr' id='par_1_6' title="bbox 200 1733 1347 2065">
     <span class='ocr_line' id='line_1_9' title="bbox 200 1733 1346 1821; baseline -0.004 -22"><span class='ocrx_word' id='word_1_49' title='bbox 200 1801 205 1821; x_wconf 45' lang='lat'><em>¹</em></span> <span class='ocrx_word' id='word_1_50' title='bbox 244 1744 362 1815; x_wconf 89' lang='lat' dir='ltr'>imperio</span> <span class='ocrx_word' id='word_1_51' title='bbox 375 1733 569 1809; x_wconf 82' lang='lat' dir='ltr'>addicebat,&#39;ee</span> <span class='ocrx_word' id='word_1_52' title='bbox 579 1748 750 1812; x_wconf 79' lang='lat' dir='ltr'>compararet</span> <span class='ocrx_word' id='word_1_53' title='bbox 761 1745 796 1797; x_wconf 88' lang='lat' dir='ltr'>ad</span> <span class='ocrx_word' id='word_1_54' title='bbox 805 1745 1020 1813; x_wconf 82' lang='lat' dir='ltr'>oppugnandum</span> <span class='ocrx_word' id='word_1_55' title='bbox 1033 1744 1208 1812; x_wconf 72' lang='lat' dir='ltr'>Byzantium,</span> <span class='ocrx_word' id='word_1_56' title='bbox 1217 1743 1292 1796; x_wconf 87' lang='lat' dir='ltr'>omni</span> <span class='ocrx_word' id='word_1_57' title='bbox 1303 1743 1346 1794; x_wconf 90' lang='lat' dir='ltr'>de·</span> 
     </span>
     <span class='ocr_line' id='line_1_10' title="bbox 244 1825 1346 1898; baseline -0.004 -16"><span class='ocrx_word' id='word_1_58' title='bbox 244 1829 331 1897; x_wconf 88' lang='lat' dir='ltr'>nique</span> <span class='ocrx_word' id='word_1_59' title='bbox 338 1844 421 1898; x_wconf 78' lang='lat' dir='ltr'>opere</span> <span class='ocrx_word' id='word_1_60' title='bbox 433 1827 550 1882; x_wconf 70' lang='lat' dir='ltr'>creste</span> <span class='ocrx_word' id='word_1_61' title='bbox 562 1827 726 1882; x_wconf 79' lang='lat' dir='ltr'>invadendae</span> <span class='ocrx_word' id='word_1_62' title='bbox 739 1825 882 1882; x_wconf 73' lang='lat' dir='ltr'>consilinm</span> <span class='ocrx_word' id='word_1_63' title='bbox 896 1827 1052 1894; x_wconf 86' lang='lat' dir='ltr'>perficeret:</span> <span class='ocrx_word' id='word_1_64' title='bbox 1072 1826 1277 1880; x_wconf 82' lang='lat' dir='ltr'>Demosthenes</span> <span class='ocrx_word' id='word_1_65' title='bbox 1285 1841 1346 1878; x_wconf 89' lang='lat' dir='ltr'>eon·</span> 
     </span>
     <span class='ocr_line' id='line_1_11' title="bbox 245 1909 1346 1976; baseline -0.005 -12"><span class='ocrx_word' id='word_1_66' title='bbox 245 1911 371 1966; x_wconf 82' lang='lat' dir='ltr'>cionetur</span> <span class='ocrx_word' id='word_1_67' title='bbox 381 1911 559 1964; x_wconf 80' lang='lat' dir='ltr'>vehementer</span> <span class='ocrx_word' id='word_1_68' title='bbox 571 1915 602 1963; x_wconf 90' lang='lat' dir='ltr'>ut</span> <span class='ocrx_word' id='word_1_69' title='bbox 614 1925 725 1962; x_wconf 83' lang='lat' dir='ltr'>suorum</span> <span class='ocrx_word' id='word_1_70' title='bbox 737 1909 948 1976; x_wconf 68' lang='lat' dir='ltr'>Atheniensium</span> <span class='ocrx_word' id='word_1_71' title='bbox 962 1910 1066 1962; x_wconf 85' lang='lat' dir='ltr'>animos</span> <span class='ocrx_word' id='word_1_72' title='bbox 1077 1909 1346 1962; x_wconf 79' lang='lat' dir='ltr'>incendutadversus</span> 
     </span>
     <span class='ocr_line' id='line_1_12' title="bbox 245 1989 1347 2065; baseline -0.005 -19"><span class='ocrx_word' id='word_1_73' title='bbox 245 1992 353 2046; x_wconf 86' lang='lat' dir='ltr'>hostem</span> <span class='ocrx_word' id='word_1_74' title='bbox 371 1991 424 2046; x_wconf 85' lang='lat' dir='ltr'>sibi</span> <span class='ocrx_word' id='word_1_75' title='bbox 444 1991 543 2065; x_wconf 79' lang='lat' dir='ltr'>seipse,</span> <span class='ocrx_word' id='word_1_76' title='bbox 556 1992 627 2046; x_wconf 88' lang='lat' dir='ltr'>bello</span> <span class='ocrx_word' id='word_1_77' title='bbox 644 1990 711 2063; x_wconf 69' lang='lat' dir='ltr'>licet</span> <span class='ocrx_word' id='word_1_78' title='bbox 728 1990 852 2044; x_wconf 87' lang='lat' dir='ltr'>noudum</span> <span class='ocrx_word' id='word_1_79' title='bbox 872 1989 987 2056; x_wconf 82' lang='lat' dir='ltr'>indicto,</span> <span class='ocrx_word' id='word_1_80' title='bbox 1000 1989 1107 2060; x_wconf 91' lang='lat' dir='ltr'>totique</span> <span class='ocrx_word' id='word_1_81' title='bbox 1129 1991 1251 2046; x_wconf 85' lang='lat' dir='ltr'>Graeciae</span> <span class='ocrx_word' id='word_1_82' title='bbox 1264 1990 1347 2042; x_wconf 87' lang='lat' dir='ltr'>immi-</span> 
     </span>
    </p>
   </div>
   <div class='ocr_carea' id='block_1_7' title="bbox 157 2078 369 2130">
    <p class='ocr_par' dir='ltr' id='par_1_7' title="bbox 157 2078 369 2130">
     <span class='ocr_line' id='line_1_13' title="bbox 157 2078 369 2130; baseline 0.005 -1"><span class='ocrx_word' id='word_1_83' title='bbox 157 2103 159 2108; x_wconf 29' lang='grc' dir='ltr'>ι</span> <span class='ocrx_word' id='word_1_84' title='bbox 246 2078 369 2130; x_wconf 83' lang='lat' dir='ltr'>nentem.</span> 
     </span>
    </p>
   </div>
   <div class='ocr_carea' id='block_1_8' title="bbox 719 2193 876 2252">
    <p class='ocr_par' dir='ltr' id='par_1_8' title="bbox 719 2193 876 2252">
     <span class='ocr_line' id='line_1_14' title="bbox 719 2193 876 2252; baseline -0.013 -2"><span class='ocrx_word' id='word_1_85' title='bbox 719 2193 876 2252; x_wconf 76' lang='lat' dir='ltr'>Exordium.</span> 
     </span>
    </p>
   </div>
   <div class='ocr_carea' id='block_1_9' title="bbox 148 2291 1346 2371">
    <p class='ocr_par' dir='ltr' id='par_1_9' title="bbox 148 2291 1346 2371">
     <span class='ocr_line' id='line_1_15' title="bbox 148 2291 1346 2371; baseline -0.006 -11"><span class='ocrx_word' id='word_1_86' title='bbox 148 2351 151 2360; x_wconf 82' lang='grc'><em>,</em></span> <span class='ocrx_word' id='word_1_87' title='bbox 204 2291 208 2300; x_wconf 62' lang='grc'><em>’</em></span> <span class='ocrx_word' id='word_1_88' title='bbox 251 2303 557 2370; x_wconf 78' lang='lat' dir='ltr'>&#39;Queritusoretorde</span> <span class='ocrx_word' id='word_1_89' title='bbox 570 2302 899 2371; x_wconf 85' lang='lat' dir='ltr'>ceteriscratoribus,qni,</span> <span class='ocrx_word' id='word_1_90' title='bbox 912 2301 1013 2356; x_wconf 82' lang='lat' dir='ltr'>eruisse</span> <span class='ocrx_word' id='word_1_91' title='bbox 1024 2301 1145 2356; x_wconf 77' lang='lat' dir='ltr'>utilitate</span> <span class='ocrx_word' id='word_1_92' title='bbox 1161 2301 1346 2370; x_wconf 82' lang='lat' dir='ltr'>pubtioe‚sne</span> 
     </span>
    </p>
   </div>
   <div class='ocr_carea' id='block_1_10' title="bbox 215 2375 1436 2779">
    <p class='ocr_par' dir='ltr' id='par_1_10' title="bbox 215 2375 1436 2779">
     <span class='ocr_line' id='line_1_16' title="bbox 247 2375 1406 2457; baseline -0.005 -15"><span class='ocrx_word' id='word_1_93' title='bbox 247 2389 342 2457; x_wconf 76' lang='lat' dir='ltr'>gloriae</span> <span class='ocrx_word' id='word_1_94' title='bbox 355 2392 384 2442; x_wconf 89' lang='lat' dir='ltr'>et</span> <span class='ocrx_word' id='word_1_95' title='bbox 395 2388 510 2442; x_wconf 77' lang='lat' dir='ltr'>cherum</span> <span class='ocrx_word' id='word_1_96' title='bbox 526 2385 710 2442; x_wconf 74' lang='lat' dir='ltr'>criminationi</span> <span class='ocrx_word' id='word_1_97' title='bbox 726 2389 807 2442; x_wconf 82' lang='lat' dir='ltr'>unice</span> <span class='ocrx_word' id='word_1_98' title='bbox 825 2387 894 2440; x_wconf 87' lang='lat' dir='ltr'>dant</span> <span class='ocrx_word' id='word_1_99' title='bbox 911 2401 1079 2455; x_wconf 61' lang='lat' dir='ltr'>opernm-ae</span> <span class='ocrx_word' id='word_1_100' title='bbox 1092 2387 1126 2440; x_wconf 89' lang='lat' dir='ltr'>de</span> <span class='ocrx_word' id='word_1_101' title='bbox 1137 2385 1348 2440; x_wconf 82' lang='lat' dir='ltr'>Atheniensibus</span> <span class='ocrx_word' id='word_1_102' title='bbox 1403 2375 1406 2380; x_wconf 71' lang='grc'><strong>’</strong></span> 
     </span>
     <span class='ocr_line' id='line_1_17' title="bbox 215 2469 1349 2540; baseline -0.004 -16"><span class='ocrx_word' id='word_1_103' title='bbox 215 2487 220 2492; x_wconf 86' lang='lat'><em>·</em></span> <span class='ocrx_word' id='word_1_104' title='bbox 247 2469 316 2540; x_wconf 88' lang='lat' dir='ltr'>ipsis</span> <span class='ocrx_word' id='word_1_105' title='bbox 327 2470 518 2540; x_wconf 68' lang='lat' dir='ltr'>quijtieundas</span> <span class='ocrx_word' id='word_1_106' title='bbox 530 2471 675 2524; x_wconf 84' lang='lat' dir='ltr'>conciones</span> <span class='ocrx_word' id='word_1_107' title='bbox 687 2469 799 2534; x_wconf 77' lang='lat' dir='ltr'>utilibus</span> <span class='ocrx_word' id='word_1_108' title='bbox 813 2472 994 2538; x_wconf 87' lang='lat' dir='ltr'>anteponunt,</span> <span class='ocrx_word' id='word_1_109' title='bbox 1005 2476 1034 2521; x_wconf 87' lang='lat' dir='ltr'>ct</span> <span class='ocrx_word' id='word_1_110' title='bbox 1045 2469 1276 2522; x_wconf 78' lang='lat' dir='ltr'>assentationibus</span> <span class='ocrx_word' id='word_1_111' title='bbox 1287 2484 1349 2536; x_wconf 85' lang='lat' dir='ltr'>geu-</span> 
     </span>
     <span class='ocr_line' id='line_1_18' title="bbox 250 2549 1350 2622; baseline -0.002 -16"><span class='ocrx_word' id='word_1_112' title='bbox 250 2553 318 2610; x_wconf 84' lang='lat' dir='ltr'>dent</span> <span class='ocrx_word' id='word_1_113' title='bbox 332 2553 449 2615; x_wconf 84' lang='lat' dir='ltr'>deliniri.</span> <span class='ocrx_word' id='word_1_114' title='bbox 486 2552 574 2618; x_wconf 77' lang='lat' dir='ltr'>nteit</span> <span class='ocrx_word' id='word_1_115' title='bbox 591 2569 621 2606; x_wconf 86' lang='lat' dir='ltr'>se</span> <span class='ocrx_word' id='word_1_116' title='bbox 643 2557 769 2622; x_wconf 83' lang='lat' dir='ltr'>paratum</span> <span class='ocrx_word' id='word_1_117' title='bbox 780 2568 840 2605; x_wconf 89' lang='lat' dir='ltr'>esse</span> <span class='ocrx_word' id='word_1_118' title='bbox 857 2551 958 2618; x_wconf 89' lang='lat' dir='ltr'>dicere,</span> <span class='ocrx_word' id='word_1_119' title='bbox 969 2550 992 2602; x_wconf 91' lang='lat' dir='ltr'>si</span> <span class='ocrx_word' id='word_1_120' title='bbox 1009 2551 1051 2604; x_wconf 88' lang='lat' dir='ltr'>sui</span> <span class='ocrx_word' id='word_1_121' title='bbox 1064 2549 1138 2604; x_wconf 82' lang='lat' dir='ltr'>cives</span> <span class='ocrx_word' id='word_1_122' title='bbox 1149 2553 1240 2619; x_wconf 85' lang='lat' dir='ltr'>parati</span> <span class='ocrx_word' id='word_1_123' title='bbox 1252 2552 1306 2604; x_wconf 86' lang='lat' dir='ltr'>sint</span> <span class='ocrx_word' id='word_1_124' title='bbox 1320 2567 1350 2610; x_wconf 70' lang='lat' dir='ltr'>eu</span> 
     </span>
     <span class='ocr_line' id='line_1_19' title="bbox 250 2625 1436 2708; baseline -0.003 -22"><span class='ocrx_word' id='word_1_125' title='bbox 250 2636 346 2694; x_wconf 82' lang='lat' dir='ltr'>audire</span> <span class='ocrx_word' id='word_1_126' title='bbox 355 2651 419 2705; x_wconf 59' lang='lat' dir='ltr'>quse</span> <span class='ocrx_word' id='word_1_127' title='bbox 432 2634 484 2708; x_wconf 79' lang='lat' dir='ltr'>sibi</span> <span class='ocrx_word' id='word_1_128' title='bbox 495 2637 637 2704; x_wconf 74' lang='lat' dir='ltr'>expetant,</span> <span class='ocrx_word' id='word_1_129' title='bbox 645 2639 674 2690; x_wconf 89' lang='lat' dir='ltr'>et</span> <span class='ocrx_word' id='word_1_130' title='bbox 683 2651 716 2704; x_wconf 73' lang='lat' dir='ltr'>eo</span> <span class='ocrx_word' id='word_1_131' title='bbox 726 2635 855 2704; x_wconf 74' lang='lat' dir='ltr'>libentius</span> <span class='ocrx_word' id='word_1_132' title='bbox 865 2635 1002 2704; x_wconf 83' lang='lat' dir='ltr'>dicturum</span> <span class='ocrx_word' id='word_1_133' title='bbox 1010 2633 1084 2704; x_wconf 91' lang='lat' dir='ltr'>quod</span> <span class='ocrx_word' id='word_1_134' title='bbox 1097 2648 1140 2688; x_wconf 89' lang='lat' dir='ltr'>res</span> <span class='ocrx_word' id='word_1_135' title='bbox 1151 2633 1243 2700; x_wconf 76' lang='lat' dir='ltr'>adbuc</span> <span class='ocrx_word' id='word_1_136' title='bbox 1250 2634 1349 2704; x_wconf 82' lang='lat' dir='ltr'>possint</span> <span class='ocrx_word' id='word_1_137' title='bbox 1435 2625 1436 2634; x_wconf 71' lang='grc'>’</span> 
     </span>
     <span class='ocr_line' id='line_1_20' title="bbox 250 2717 1026 2779; baseline 0.004 -9"><span class='ocrx_word' id='word_1_138' title='bbox 250 2718 390 2779; x_wconf 78' lang='lat' dir='ltr'>adduciis</span> <span class='ocrx_word' id='word_1_139' title='bbox 403 2721 506 2776; x_wconf 74' lang='lat' dir='ltr'>statum</span> <span class='ocrx_word' id='word_1_140' title='bbox 517 2718 666 2773; x_wconf 88' lang='lat' dir='ltr'>meliorem.</span> <span class='ocrx_word' id='word_1_141' title='bbox 1024 2717 1026 2722; x_wconf 77' lang='grc'><strong>’</strong></span> 
     </span>
    </p>
   </div>
   <div class='ocr_carea' id='block_1_11' title="bbox 716 2849 897 2920">
    <p class='ocr_par' dir='ltr' id='par_1_11' title="bbox 716 2849 897 2920">
     <span class='ocr_line' id='line_1_21' title="bbox 716 2849 897 2920; baseline -0.011 -15"><span class='ocrx_word' id='word_1_142' title='bbox 716 2849 897 2920; x_wconf 77' lang='lat' dir='ltr'>Confirumtis.</span> 
     </span>
    </p>
   </div>
   <div class='ocr_carea' id='block_1_12' title="bbox 288 2965 1350 3040">
    <p class='ocr_par' dir='ltr' id='par_1_12' title="bbox 288 2965 1350 3040">
     <span class='ocr_line' id='line_1_22' title="bbox 288 2965 1350 3040; baseline -0.003 -16"><span class='ocrx_word' id='word_1_143' title='bbox 288 2975 326 3025; x_wconf 80' lang='lat'>1⁰.</span> <span class='ocrx_word' id='word_1_144' title='bbox 342 2971 509 3040; x_wconf 84' lang='lat' dir='ltr'>lmpugueta</span> <span class='ocrx_word' id='word_1_145' title='bbox 521 2972 716 3036; x_wconf 81' lang='lat' dir='ltr'>nonnullorum</span> <span class='ocrx_word' id='word_1_146' title='bbox 732 2970 847 3040; x_wconf 75' lang='lat' dir='ltr'>inscitia,</span> <span class='ocrx_word' id='word_1_147' title='bbox 868 2972 917 3040; x_wconf 91' lang='lat' dir='ltr'>qui</span> <span class='ocrx_word' id='word_1_148' title='bbox 932 2969 1070 3038; x_wconf 85' lang='lat' dir='ltr'>negabant</span> <span class='ocrx_word' id='word_1_149' title='bbox 1082 2965 1240 3038; x_wconf 75' lang='lat' dir='ltr'>Philippum</span> <span class='ocrx_word' id='word_1_150' title='bbox 1254 2971 1350 3022; x_wconf 82' lang='lat' dir='ltr'>bellum</span> 
     </span>
    </p>
   </div>
   <div class='ocr_carea' id='block_1_13' title="bbox 156 3045 1350 3122">
    <p class='ocr_par' dir='ltr' id='par_1_13' title="bbox 156 3045 1350 3122">
     <span class='ocr_line' id='line_1_23' title="bbox 156 3045 1350 3122; baseline -0.004 -15"><span class='ocrx_word' id='word_1_151' title='bbox 156 3077 161 3092; x_wconf 89' lang='lat'>·</span> <span class='ocrx_word' id='word_1_152' title='bbox 250 3053 339 3107; x_wconf 81' lang='lat' dir='ltr'>iacere</span> <span class='ocrx_word' id='word_1_153' title='bbox 353 3052 575 3110; x_wconf 82' lang='lat' dir='ltr'>Atheniensibus,</span> <span class='ocrx_word' id='word_1_154' title='bbox 586 3057 615 3106; x_wconf 89' lang='lat' dir='ltr'>et</span> <span class='ocrx_word' id='word_1_155' title='bbox 626 3052 791 3106; x_wconf 79' lang='lat' dir='ltr'>dictitabant</span> <span class='ocrx_word' id='word_1_156' title='bbox 802 3053 936 3122; x_wconf 83' lang='lat' dir='ltr'>quosdam</span> <span class='ocrx_word' id='word_1_157' title='bbox 949 3045 1008 3105; x_wconf 84' lang='lat' dir='ltr'>e&#39;rse</span> <span class='ocrx_word' id='word_1_158' title='bbox 1021 3053 1068 3121; x_wconf 88' lang='lat' dir='ltr'>qui</span> <span class='ocrx_word' id='word_1_159' title='bbox 1080 3053 1183 3106; x_wconf 81' lang='lat' dir='ltr'>bellum</span> <span class='ocrx_word' id='word_1_160' title='bbox 1193 3052 1350 3110; x_wconf 85' lang='lat' dir='ltr'>excitarent.</span> 
     </span>
    </p>
   </div>
   <div class='ocr_carea' id='block_1_14' title="bbox 251 3121 1351 3205">
    <p class='ocr_par' dir='ltr' id='par_1_14' title="bbox 251 3121 1351 3205">
     <span class='ocr_line' id='line_1_24' title="bbox 251 3121 1351 3205; baseline -0.007 -13"><span class='ocrx_word' id='word_1_161' title='bbox 251 3140 394 3194; x_wconf 88' lang='lat' dir='ltr'>contendit</span> <span class='ocrx_word' id='word_1_162' title='bbox 411 3139 614 3192; x_wconf 86' lang='lat' dir='ltr'>Demosthenes</span> <span class='ocrx_word' id='word_1_163' title='bbox 625 3136 802 3200; x_wconf 65' lang='lat' dir='ltr'>Macedoniae</span> <span class='ocrx_word' id='word_1_164' title='bbox 819 3152 910 3203; x_wconf 83' lang='lat' dir='ltr'>regem</span> <span class='ocrx_word' id='word_1_165' title='bbox 930 3137 1032 3190; x_wconf 88' lang='lat' dir='ltr'>bellum</span> <span class='ocrx_word' id='word_1_166' title='bbox 1049 3137 1140 3205; x_wconf 84' lang='lat' dir='ltr'>reipsa</span> <span class='ocrx_word' id='word_1_167' title='bbox 1151 3121 1242 3200; x_wconf 75' lang='lat' dir='ltr'>iecere</span> <span class='ocrx_word' id='word_1_168' title='bbox 1257 3135 1351 3205; x_wconf 85' lang='lat' dir='ltr'>populo</span> 
     </span>
    </p>
   </div>
   <div class='ocr_carea' id='block_1_15' title="bbox 124 3219 1352 3300">
    <p class='ocr_par' dir='ltr' id='par_1_15' title="bbox 124 3219 1352 3300">
     <span class='ocr_line' id='line_1_25' title="bbox 124 3219 1352 3300; baseline -0.011 -21"><span class='ocrx_word' id='word_1_169' title='bbox 124 3281 126 3286; x_wconf 78' lang='grc'>,</span> <span class='ocrx_word' id='word_1_170' title='bbox 164 3295 167 3300; x_wconf 28' lang='grc' dir='ltr'>Ι</span> <span class='ocrx_word' id='word_1_171' title='bbox 251 3221 424 3286; x_wconf 85' lang='lat' dir='ltr'>Atheniensi,</span> <span class='ocrx_word' id='word_1_172' title='bbox 434 3221 518 3291; x_wconf 89' lang='lat' dir='ltr'>idque</span> <span class='ocrx_word' id='word_1_173' title='bbox 534 3221 632 3290; x_wconf 85' lang='lat' dir='ltr'>probat</span> <span class='ocrx_word' id='word_1_174' title='bbox 643 3221 763 3290; x_wconf 87' lang='lat' dir='ltr'>plurium</span> <span class='ocrx_word' id='word_1_175' title='bbox 775 3219 938 3288; x_wconf 82' lang='lat' dir='ltr'>populorum</span> <span class='ocrx_word' id='word_1_176' title='bbox 954 3220 1098 3288; x_wconf 85' lang='lat' dir='ltr'>exemplis,</span> <span class='ocrx_word' id='word_1_177' title='bbox 1113 3233 1183 3288; x_wconf 88' lang='lat' dir='ltr'>quos</span> <span class='ocrx_word' id='word_1_178' title='bbox 1198 3219 1245 3273; x_wconf 90' lang='lat' dir='ltr'>ille</span> <span class='ocrx_word' id='word_1_179' title='bbox 1257 3219 1352 3282; x_wconf 84' lang='lat' dir='ltr'>inscios</span> 
     </span>
    </p>
   </div>
   <div class='ocr_carea' id='block_1_16' title="bbox 248 3302 1103 3380">
    <p class='ocr_par' dir='ltr' id='par_1_16' title="bbox 248 3302 1103 3380">
     <span class='ocr_line' id='line_1_26' title="bbox 248 3302 1103 3380; baseline -0.002 -22"><span class='ocrx_word' id='word_1_180' title='bbox 248 3305 397 3374; x_wconf 85' lang='lat' dir='ltr'>oppressit,</span> <span class='ocrx_word' id='word_1_181' title='bbox 407 3305 473 3356; x_wconf 90' lang='lat' dir='ltr'>dum</span> <span class='ocrx_word' id='word_1_182' title='bbox 484 3305 524 3357; x_wconf 89' lang='lat' dir='ltr'>eis</span> <span class='ocrx_word' id='word_1_183' title='bbox 535 3320 564 3357; x_wconf 88' lang='lat' dir='ltr'>se</span> <span class='ocrx_word' id='word_1_184' title='bbox 577 3304 697 3356; x_wconf 84' lang='lat' dir='ltr'>amicum</span> <span class='ocrx_word' id='word_1_185' title='bbox 705 3318 765 3380; x_wconf 86' lang='lat' dir='ltr'>esse</span> <span class='ocrx_word' id='word_1_186' title='bbox 775 3307 802 3355; x_wconf 90' lang='lat' dir='ltr'>et</span> <span class='ocrx_word' id='word_1_187' title='bbox 814 3303 917 3370; x_wconf 83' lang='lat' dir='ltr'>socium</span> <span class='ocrx_word' id='word_1_188' title='bbox 930 3302 1103 3370; x_wconf 84' lang='lat' dir='ltr'>praediceret.</span> 
     </span>
    </p>
   </div>
   <div class='ocr_carea' id='block_1_17' title="bbox 287 3383 1436 3455">
    <p class='ocr_par' dir='ltr' id='par_1_17' title="bbox 287 3383 1436 3455">
     <span class='ocr_line' id='line_1_27' title="bbox 287 3383 1436 3455; baseline -0.003 -17"><span class='ocrx_word' id='word_1_189' title='bbox 287 3390 326 3440; x_wconf 79' lang='lat'>2⁰.</span> <span class='ocrx_word' id='word_1_190' title='bbox 344 3386 422 3438; x_wconf 90' lang='lat' dir='ltr'>Dicit</span> <span class='ocrx_word' id='word_1_191' title='bbox 434 3402 497 3438; x_wconf 89' lang='lat' dir='ltr'>eum</span> <span class='ocrx_word' id='word_1_192' title='bbox 510 3385 628 3442; x_wconf 83' lang='lat' dir='ltr'>insanire</span> <span class='ocrx_word' id='word_1_193' title='bbox 641 3385 689 3454; x_wconf 90' lang='lat' dir='ltr'>qui</span> <span class='ocrx_word' id='word_1_194' title='bbox 701 3387 856 3440; x_wconf 79' lang='lat' dir='ltr'>servantem</span> <span class='ocrx_word' id='word_1_195' title='bbox 874 3383 939 3452; x_wconf 75' lang='lat' dir='ltr'>erga¹</span> <span class='ocrx_word' id='word_1_196' title='bbox 955 3401 983 3438; x_wconf 91' lang='lat' dir='ltr'>se</span> <span class='ocrx_word' id='word_1_197' title='bbox 996 3401 1102 3455; x_wconf 89' lang='lat' dir='ltr'>pacem,</span> <span class='ocrx_word' id='word_1_198' title='bbox 1120 3387 1164 3440; x_wconf 79' lang='lat' dir='ltr'>vel</span> <span class='ocrx_word' id='word_1_199' title='bbox 1177 3385 1250 3439; x_wconf 87' lang='lat' dir='ltr'>bella</span> <span class='ocrx_word' id='word_1_200' title='bbox 1263 3398 1350 3446; x_wconf 81' lang='lat' dir='ltr'>secum</span> <span class='ocrx_word' id='word_1_201' title='bbox 1435 3433 1436 3446; x_wconf 63' lang='lat'>,</span> 
     </span>
    </p>
   </div>
   <div class='ocr_carea' id='block_1_18' title="bbox 178 3467 1436 4542">
    <p class='ocr_par' dir='ltr' id='par_1_18' title="bbox 251 3467 1352 3622">
     <span class='ocr_line' id='line_1_28' title="bbox 251 3467 1352 3538; baseline -0.002 -17"><span class='ocrx_word' id='word_1_202' title='bbox 251 3471 401 3538; x_wconf 83' lang='lat' dir='ltr'>gerentem,</span> <span class='ocrx_word' id='word_1_203' title='bbox 415 3484 430 3520; x_wconf 90' lang='lat' dir='ltr'>e</span> <span class='ocrx_word' id='word_1_204' title='bbox 443 3468 530 3520; x_wconf 89' lang='lat' dir='ltr'>verbis</span> <span class='ocrx_word' id='word_1_205' title='bbox 539 3469 626 3535; x_wconf 81' lang='lat' dir='ltr'>magis</span> <span class='ocrx_word' id='word_1_206' title='bbox 638 3483 722 3537; x_wconf 89' lang='lat' dir='ltr'>quam</span> <span class='ocrx_word' id='word_1_207' title='bbox 734 3484 750 3518; x_wconf 94' lang='lat' dir='ltr'>e</span> <span class='ocrx_word' id='word_1_208' title='bbox 761 3468 841 3520; x_wconf 84' lang='lat' dir='ltr'>fectis</span> <span class='ocrx_word' id='word_1_209' title='bbox 851 3469 993 3526; x_wconf 72' lang='lat' dir='ltr'>aestimarit</span> <span class='ocrx_word' id='word_1_210' title='bbox 1001 3489 1009 3533; x_wconf 90' lang='lat'>;</span> <span class='ocrx_word' id='word_1_211' title='bbox 1027 3469 1110 3522; x_wconf 88' lang='lat' dir='ltr'>docet</span> <span class='ocrx_word' id='word_1_212' title='bbox 1123 3485 1203 3538; x_wconf 87' lang='lat' dir='ltr'>porro</span> <span class='ocrx_word' id='word_1_213' title='bbox 1221 3467 1328 3538; x_wconf 86' lang='lat' dir='ltr'>paulos</span> <span class='ocrx_word' id='word_1_214' title='bbox 1343 3494 1352 3507; x_wconf 91' lang='lat'><em>·</em></span> 
     </span>
     <span class='ocr_line' id='line_1_29' title="bbox 252 3548 1109 3622; baseline 0 -16"><span class='ocrx_word' id='word_1_215' title='bbox 252 3553 308 3606; x_wconf 89' lang='lat' dir='ltr'>sius</span> <span class='ocrx_word' id='word_1_216' title='bbox 317 3555 377 3620; x_wconf 82' lang='lat' dir='ltr'>ipse</span> <span class='ocrx_word' id='word_1_217' title='bbox 389 3551 461 3603; x_wconf 84' lang='lat' dir='ltr'>iacta</span> <span class='ocrx_word' id='word_1_218' title='bbox 471 3550 627 3618; x_wconf 87' lang='lat' dir='ltr'>Philippum</span> <span class='ocrx_word' id='word_1_219' title='bbox 642 3548 853 3603; x_wconf 88' lang='lat' dir='ltr'>Atheniensium</span> <span class='ocrx_word' id='word_1_220' title='bbox 867 3549 972 3605; x_wconf 91' lang='lat' dir='ltr'>hostem</span> <span class='ocrx_word' id='word_1_221' title='bbox 986 3567 1109 3622; x_wconf 63' lang='lat' dir='ltr'>arguere,</span> 
     </span>
    </p>

    <p class='ocr_par' dir='ltr' id='par_1_19' title="bbox 178 3633 1436 4542">
     <span class='ocr_line' id='line_1_30' title="bbox 288 3633 1354 3707; baseline -0.002 -21"><span class='ocrx_word' id='word_1_222' title='bbox 288 3639 328 3707; x_wconf 79' lang='lat'>3⁰.</span> <span class='ocrx_word' id='word_1_223' title='bbox 349 3633 473 3700; x_wconf 80' lang='lat' dir='ltr'>Longius</span> <span class='ocrx_word' id='word_1_224' title='bbox 494 3635 600 3700; x_wconf 89' lang='lat' dir='ltr'>pro&#39;dire</span> <span class='ocrx_word' id='word_1_225' title='bbox 618 3633 723 3700; x_wconf 90' lang='lat' dir='ltr'>incipit,</span> <span class='ocrx_word' id='word_1_226' title='bbox 735 3637 764 3685; x_wconf 91' lang='lat' dir='ltr'>et</span> <span class='ocrx_word' id='word_1_227' title='bbox 782 3634 950 3685; x_wconf 86' lang='lat' dir='ltr'>demonstrat</span> <span class='ocrx_word' id='word_1_228' title='bbox 961 3650 1040 3704; x_wconf 84' lang='lat' dir='ltr'>aeque</span> <span class='ocrx_word' id='word_1_229' title='bbox 1051 3635 1192 3687; x_wconf 87' lang='lat' dir='ltr'>evidenter</span> <span class='ocrx_word' id='word_1_230' title='bbox 1209 3651 1243 3688; x_wconf 87' lang='lat' dir='ltr'>ac</span> <span class='ocrx_word' id='word_1_231' title='bbox 1257 3633 1354 3698; x_wconf 75' lang='lat' dir='ltr'>sortiter</span> 
     </span>
     <span class='ocr_line' id='line_1_31' title="bbox 253 3714 1354 3784; baseline -0.005 -13"><span class='ocrx_word' id='word_1_232' title='bbox 253 3719 331 3773; x_wconf 87' lang='lat' dir='ltr'>ilium</span> <span class='ocrx_word' id='word_1_233' title='bbox 341 3717 392 3769; x_wconf 88' lang='lat' dir='ltr'>toti</span> <span class='ocrx_word' id='word_1_234' title='bbox 405 3715 522 3769; x_wconf 84' lang='lat' dir='ltr'>Greeeiae</span> <span class='ocrx_word' id='word_1_235' title='bbox 534 3714 686 3779; x_wconf 89' lang='lat' dir='ltr'>imminere,</span> <span class='ocrx_word' id='word_1_236' title='bbox 694 3715 772 3766; x_wconf 89' lang='lat' dir='ltr'>ittum</span> <span class='ocrx_word' id='word_1_237' title='bbox 791 3731 854 3767; x_wconf 88' lang='lat' dir='ltr'>vere</span> <span class='ocrx_word' id='word_1_238' title='bbox 870 3715 1030 3778; x_wconf 81' lang='lat' dir='ltr'>Barbarum,</span> <span class='ocrx_word' id='word_1_239' title='bbox 1040 3731 1094 3770; x_wconf 86' lang='lat' dir='ltr'>non</span> <span class='ocrx_word' id='word_1_240' title='bbox 1104 3717 1247 3782; x_wconf 82' lang='lat' dir='ltr'>Greeeum,</span> <span class='ocrx_word' id='word_1_241' title='bbox 1257 3731 1354 3784; x_wconf 52' lang='lat' dir='ltr'>cespes</span> 
     </span>
     <span class='ocr_line' id='line_1_32' title="bbox 254 3781 1354 3872; baseline -0.002 -18"><span class='ocrx_word' id='word_1_242' title='bbox 254 3806 338 3865; x_wconf 84' lang='lat' dir='ltr'>ctare,</span> <span class='ocrx_word' id='word_1_243' title='bbox 350 3815 384 3852; x_wconf 82' lang='lat' dir='ltr'>ee</span> <span class='ocrx_word' id='word_1_244' title='bbox 396 3799 548 3866; x_wconf 84' lang='lat' dir='ltr'>designare,</span> <span class='ocrx_word' id='word_1_245' title='bbox 561 3813 624 3872; x_wconf 85' lang='lat' dir='ltr'>qnae</span> <span class='ocrx_word' id='word_1_246' title='bbox 636 3812 778 3866; x_wconf 85' lang='lat' dir='ltr'>uunquam</span> <span class='ocrx_word' id='word_1_247' title='bbox 796 3801 954 3866; x_wconf 78' lang='lat' dir='ltr'>spectarunt</span> <span class='ocrx_word' id='word_1_248' title='bbox 974 3805 1003 3852; x_wconf 87' lang='lat' dir='ltr'>et</span> <span class='ocrx_word' id='word_1_249' title='bbox 1014 3781 1193 3868; x_wconf 72' lang='lat' dir='ltr'>desigiiaruut</span> <span class='ocrx_word' id='word_1_250' title='bbox 1203 3817 1257 3854; x_wconf 90' lang='lat' dir='ltr'>nec</span> <span class='ocrx_word' id='word_1_251' title='bbox 1274 3801 1354 3852; x_wconf 84' lang='lat' dir='ltr'>Lace-</span> 
     </span>
     <span class='ocr_line' id='line_1_33' title="bbox 254 3880 1354 3955; baseline -0.003 -19"><span class='ocrx_word' id='word_1_252' title='bbox 254 3884 384 3936; x_wconf 88' lang='lat' dir='ltr'>daemonii</span> <span class='ocrx_word' id='word_1_253' title='bbox 397 3898 454 3935; x_wconf 87' lang='lat' dir='ltr'>-neo</span> <span class='ocrx_word' id='word_1_254' title='bbox 468 3880 661 3945; x_wconf 84' lang='lat' dir='ltr'>Athenienses,</span> <span class='ocrx_word' id='word_1_255' title='bbox 673 3897 760 3955; x_wconf 80' lang='lat' dir='ltr'>quum</span> <span class='ocrx_word' id='word_1_256' title='bbox 776 3881 898 3936; x_wconf 80' lang='lat' dir='ltr'>maximo</span> <span class='ocrx_word' id='word_1_257' title='bbox 914 3883 977 3940; x_wconf 83' lang='lat' dir='ltr'>elati</span> <span class='ocrx_word' id='word_1_258' title='bbox 998 3887 1064 3948; x_wconf 78' lang='lat' dir='ltr'>sunt</span> <span class='ocrx_word' id='word_1_259' title='bbox 1085 3883 1223 3952; x_wconf 83' lang='lat' dir='ltr'>potentis;</span> <span class='ocrx_word' id='word_1_260' title='bbox 1242 3882 1354 3950; x_wconf 86' lang='lat' dir='ltr'>denique</span> 
     </span>
     <span class='ocr_line' id='line_1_34' title="bbox 255 3959 1356 4034; baseline -0.002 -16"><span class='ocrx_word' id='word_1_261' title='bbox 255 3967 383 4018; x_wconf 86' lang='lat' dir='ltr'>eumdem</span> <span class='ocrx_word' id='word_1_262' title='bbox 396 3965 517 4032; x_wconf 85' lang='lat' dir='ltr'>singulos</span> <span class='ocrx_word' id='word_1_263' title='bbox 530 3963 648 4016; x_wconf 83' lang='lat' dir='ltr'>Graecioe</span> <span class='ocrx_word' id='word_1_264' title='bbox 662 3964 775 4032; x_wconf 82' lang='lat' dir='ltr'>populos</span> <span class='ocrx_word' id='word_1_265' title='bbox 787 3965 916 4022; x_wconf 80' lang='lat' dir='ltr'>invadere</span> <span class='ocrx_word' id='word_1_266' title='bbox 928 3973 957 4018; x_wconf 87' lang='lat' dir='ltr'>et</span> <span class='ocrx_word' id='word_1_267' title='bbox 968 3966 1095 4034; x_wconf 82' lang='lat' dir='ltr'>subigere</span> <span class='ocrx_word' id='word_1_268' title='bbox 1107 3966 1173 4032; x_wconf 86' lang='lat' dir='ltr'>dum</span> <span class='ocrx_word' id='word_1_269' title='bbox 1182 3959 1303 4020; x_wconf 86' lang='lat' dir='ltr'>universi</span> <span class='ocrx_word' id='word_1_270' title='bbox 1313 3966 1356 4016; x_wconf 86' lang='lat' dir='ltr'>de-</span> 
     </span>
     <span class='ocr_line' id='line_1_35' title="bbox 255 4045 1355 4122; baseline 0.001 -22"><span class='ocrx_word' id='word_1_271' title='bbox 255 4047 328 4100; x_wconf 83' lang='lat' dir='ltr'>sides</span> <span class='ocrx_word' id='word_1_272' title='bbox 348 4050 474 4115; x_wconf 89' lang='lat' dir='ltr'>spectant</span> <span class='ocrx_word' id='word_1_273' title='bbox 485 4051 514 4100; x_wconf 90' lang='lat' dir='ltr'>et</span> <span class='ocrx_word' id='word_1_274' title='bbox 525 4046 613 4100; x_wconf 88' lang='lat' dir='ltr'>otiosi.</span> <span class='ocrx_word' id='word_1_275' title='bbox 634 4045 737 4098; x_wconf 52' lang='grc' dir='ltr'>ἱΤοῑιιι</span> <span class='ocrx_word' id='word_1_276' title='bbox 755 4047 800 4122; x_wconf 80' lang='lat' dir='ltr'>hic</span> <span class='ocrx_word' id='word_1_277' title='bbox 815 4046 892 4102; x_wconf 86' lang='lat' dir='ltr'>locus</span> <span class='ocrx_word' id='word_1_278' title='bbox 907 4049 1032 4122; x_wconf 50' lang='lat' dir='ltr'>maxima</span> <span class='ocrx_word' id='word_1_279' title='bbox 1049 4053 1181 4120; x_wconf 80' lang='lat' dir='ltr'>tractatur</span> <span class='ocrx_word' id='word_1_280' title='bbox 1199 4063 1265 4102; x_wconf 89' lang='lat' dir='ltr'>cum</span> <span class='ocrx_word' id='word_1_281' title='bbox 1279 4048 1355 4104; x_wconf 81' lang='lat' dir='ltr'>sehe-</span> 
     </span>
     <span class='ocr_line' id='line_1_36' title="bbox 256 4121 1436 4184; baseline -0.003 0"><span class='ocrx_word' id='word_1_282' title='bbox 256 4129 371 4184; x_wconf 89' lang='lat' dir='ltr'>mentia.</span> <span class='ocrx_word' id='word_1_283' title='bbox 1435 4121 1436 4132; x_wconf 50' lang='lat'>¹</span> 
     </span>
     <span class='ocr_line' id='line_1_37' title="bbox 178 4211 1357 4283; baseline 0.002 -21"><span class='ocrx_word' id='word_1_284' title='bbox 178 4277 180 4282; x_wconf 20' lang='grc' dir='ltr'>Ι</span> <span class='ocrx_word' id='word_1_285' title='bbox 227 4275 231 4278; x_wconf 35' lang='grc'><strong>,</strong></span> <span class='ocrx_word' id='word_1_286' title='bbox 289 4217 329 4268; x_wconf 85' lang='lat'>4⁰.</span> <span class='ocrx_word' id='word_1_287' title='bbox 349 4211 402 4263; x_wconf 89' lang='lat' dir='ltr'>Sed</span> <span class='ocrx_word' id='word_1_288' title='bbox 416 4227 551 4278; x_wconf 86' lang='lat' dir='ltr'>cornuue</span> <span class='ocrx_word' id='word_1_289' title='bbox 564 4211 763 4283; x_wconf 78' lang='lat' dir='ltr'>omnesGraeci</span> <span class='ocrx_word' id='word_1_290' title='bbox 778 4214 848 4266; x_wconf 87' lang='lat' dir='ltr'>adeo</span> <span class='ocrx_word' id='word_1_291' title='bbox 867 4213 956 4281; x_wconf 81' lang='lat' dir='ltr'>parati</span> <span class='ocrx_word' id='word_1_292' title='bbox 968 4215 1080 4278; x_wconf 83' lang='lat' dir='ltr'>suntad</span> <span class='ocrx_word' id='word_1_293' title='bbox 1097 4215 1269 4271; x_wconf 84' lang='lat' dir='ltr'>tolerandum</span> <span class='ocrx_word' id='word_1_294' title='bbox 1281 4212 1357 4267; x_wconf 85' lang='lat' dir='ltr'>servi·</span> 
     </span>
     <span class='ocr_line' id='line_1_38' title="bbox 256 4284 1358 4367; baseline 0.002 -21"><span class='ocrx_word' id='word_1_295' title='bbox 256 4297 355 4357; x_wconf 89' lang='lat' dir='ltr'>tutem,</span> <span class='ocrx_word' id='word_1_296' title='bbox 369 4293 478 4367; x_wconf 29' lang='lat' dir='ltr'>etxoiim</span> <span class='ocrx_word' id='word_1_297' title='bbox 501 4292 570 4344; x_wconf 85' lang='lat' dir='ltr'>adeo</span> <span class='ocrx_word' id='word_1_298' title='bbox 590 4295 693 4347; x_wconf 86' lang='lat' dir='ltr'>alacres</span> <span class='ocrx_word' id='word_1_299' title='bbox 712 4298 790 4349; x_wconf 83' lang='lat' dir='ltr'>erant</span> <span class='ocrx_word' id='word_1_300' title='bbox 808 4295 843 4348; x_wconf 84' lang='lat' dir='ltr'>ad</span> <span class='ocrx_word' id='word_1_301' title='bbox 860 4287 1062 4350; x_wconf 81' lang='lat' dir='ltr'>defendendam</span> <span class='ocrx_word' id='word_1_302' title='bbox 1076 4284 1250 4351; x_wconf 73' lang='lat' dir='ltr'>libertatem!</span> <span class='ocrx_word' id='word_1_303' title='bbox 1268 4297 1358 4364; x_wconf 85' lang='lat' dir='ltr'>Hujus</span> 
     </span>
     <span class='ocr_line' id='line_1_39' title="bbox 254 4375 1357 4452; baseline 0 -22"><span class='ocrx_word' id='word_1_304' title='bbox 254 4375 399 4442; x_wconf 84' lang='lat' dir='ltr'>utriusque</span> <span class='ocrx_word' id='word_1_305' title='bbox 411 4375 450 4427; x_wconf 90' lang='lat' dir='ltr'>rei</span> <span class='ocrx_word' id='word_1_306' title='bbox 460 4388 571 4426; x_wconf 88' lang='lat' dir='ltr'>causam</span> <span class='ocrx_word' id='word_1_307' title='bbox 581 4377 699 4441; x_wconf 78' lang='lat' dir='ltr'>graviter</span> <span class='ocrx_word' id='word_1_308' title='bbox 707 4378 824 4444; x_wconf 87' lang='lat' dir='ltr'>exponit</span> <span class='ocrx_word' id='word_1_309' title='bbox 834 4382 941 4432; x_wconf 79' lang='lat' dir='ltr'>orator:</span> <span class='ocrx_word' id='word_1_310' title='bbox 961 4395 1062 4448; x_wconf 89' lang='lat' dir='ltr'>nempe</span> <span class='ocrx_word' id='word_1_311' title='bbox 1072 4381 1357 4452; x_wconf 71' lang='lat' dir='ltr'>nuncdeuasaoittime</span> 
     </span>
     <span class='ocr_line' id='line_1_40' title="bbox 257 4454 1358 4542; baseline 0.001 -26"><span class='ocrx_word' id='word_1_312' title='bbox 257 4457 430 4526; x_wconf 75' lang='lat' dir='ltr'>accipiuntur</span> <span class='ocrx_word' id='word_1_313' title='bbox 441 4455 476 4510; x_wconf 83' lang='lat' dir='ltr'>sd</span> <span class='ocrx_word' id='word_1_314' title='bbox 487 4454 657 4525; x_wconf 77' lang='lat' dir='ltr'>prodendam</span> <span class='ocrx_word' id='word_1_315' title='bbox 670 4457 818 4527; x_wconf 77' lang='lat' dir='ltr'>Grseeiam,</span> <span class='ocrx_word' id='word_1_316' title='bbox 834 4461 901 4516; x_wconf 90' lang='lat' dir='ltr'>dum</span> <span class='ocrx_word' id='word_1_317' title='bbox 918 4459 993 4532; x_wconf 86' lang='lat' dir='ltr'>otim,</span> <span class='ocrx_word' id='word_1_318' title='bbox 1009 4463 1086 4542; x_wconf 77' lang='lat' dir='ltr'>quod</span> <span class='ocrx_word' id='word_1_319' title='bbox 1105 4464 1283 4535; x_wconf 66' lang='lat' dir='ltr'>celeberrimo·</span> <span class='ocrx_word' id='word_1_320' title='bbox 1300 4478 1358 4531; x_wconf 76' lang='lat' dir='ltr'>ccu-</span> 
     </span>
    </p>
   </div>
   <div class='ocr_carea' id='block_1_19' title="bbox 0 0 1485 4950">
    <p class='ocr_par' dir='ltr' id='par_1_20' title="bbox 0 0 1485 4950">
     <span class='ocr_line' id='line_1_41' title="bbox 0 0 1485 4950; baseline 0 0"><span class='ocrx_word' id='word_1_321' title='bbox 0 0 1485 4950; x_wconf 95' lang='lat' dir='ltr'> </span> 
     </span>
    </p>
   </div>
  </div>
 </body>
</html>
