2920 4950
166 209 167 212 ‘
261 237 299 294 ss
354 181 357 196 ⁴
651 237 962 316 xvrurrrrrclrr.

219 447 222 452 ,
257 388 381 468 tlrios,''
358 412 382 451 ιι
395 394 471 472 quis
475 403 578 456 contra
593 395 762 477 Philippum
774 391 885 476 aliquid
895 398 1022 458 diruisset
1031 395 1089 458 illis
1098 396 1285 503 temporibus,
1295 415 1361 456 cnm

260 484 531 550 Anthemuntem
506 510 548 550 ers
558 490 743 566 concederet,
753 511 842 572 quam
851 492 952 553 urbem
962 491 1017 554 srbr
1026 509 1128 559 omnes
1138 509 1256 570 prrorcs
1257 490 1362 552 Mace·

258 577 356 656 doniae
380 600 464 666 reges
486 581 714 656 vindicaverant,
736 605 804 666 curn
818 584 983 644 Potidaeam
1004 583 1128 643 donaret
1141 583 1362 648 Atheniensium

260 648 372 733 colonis
391 675 500 750 ejectis,
521 695 588 736 cunr
603 685 634 736 et
646 687 762 738 nostras
786 665 952 737 inimicitias
977 676 1041 756 ipse
1055 676 1233 774 susciperet,-
1246 685 1277 734 et
1297 694 1362 754 prn-
1404 723 1411 744 .

257 768 384 832 vinciam
393 769 452 829 illis
467 767 620 829 fruendam
629 768 733 831 daret?
744 757 887 850 Numquid
897 780 1086 851 exspectasse
1099 770 1141 830 ita
1154 789 1254 830 secum
1264 779 1361 834 actum

256 861 302 934 iri,
322 861 369 921 vel
389 863 604 941 cuiquamrista
626 863 737 924 dicenti
758 863 942 928 credituros?
964 864 1033 923 Non
1045 862 1167 923 hercule
1181 861 1361 922 existimatis.

259 952 321 1013 Sed
336 965 445 1029 tamen,
457 955 588 1034 inquam,
603 977 670 1017 cum
692 958 798 1038 exiguo
812 943 943 1037 tempore
956 957 1060 1036 alienae
1073 957 1283 1028 tenselructus,
1296 975 1361 1036 per-

147 1091 149 1102 .
257 1046 415 1127 cepissent,
429 1047 520 1128 longo
544 1059 650 1129 suapte
673 1050 825 1131 privantur
842 1053 941 1123 abeo,
960 1049 1081 1130 turpiter
1103 1047 1200 1129 ejecti,
1219 1068 1281 1108 non
1294 1049 1362 1132 victi

203 1179 204 1182 =
257 1151 373 1202 tantum
393 1143 492 1203 sedet
508 1144 817 1226 proditiascipsis,et
838 1143 964 1204 venditi:
982 1163 1086 1223 ,neque
1105 1143 1183 1203 enim
1201 1151 1275 1202 tutae
1294 1149 1362 1202 sunt

253 1233 353 1296 liberis
366 1236 530 1302 civitatibus
545 1235 640 1295 nimioe
654 1237 718 1296 istae
727 1256 794 1296 cum
804 1237 934 1316 tyrannis
942 1235 1161 1295 familiaritates.
1203 1234 1286 1301 Quid
1295 1253 1361 1315 por·

255 1347 289 1390 ro
302 1328 458 1389 Thessali?
479 1349 548 1388 num
562 1329 684 1409 putatis,
697 1331 828 1409 inquam,
844 1349 913 1390 cum
927 1347 1026 1388 eorum
1039 1338 1180 1408 ιιιιιιιιοι
1195 1327 1315 1407 ejiceret
1332 1337 1361 1389 et

254 1441 354 1482 rursus
369 1440 437 1481 oum
450 1421 585 1482 Nicaearn
595 1433 626 1482 et
634 1423 922 1502 Magnesiam'daret,
930 1422 1010 1482 hunc
1021 1422 1075 1481 sibi
1088 1419 1257 1501 impositum
1266 1422 1301 1482 iri
1311 1422 1360 1481 de*

254 1513 445 1574 cemviratum
459 1513 665 1594 exspectasse?
681 1524 733 1574 aut
746 1515 797 1594 qui
811 1512 942 1594 Pylaeam
955 1512 1141 1587 reddidisset,
1156 1533 1222 1573 cum
1232 1515 1362 1594 privatos

243 1604 503 1686 Αιιιιιιιιιιιιἰιιιιιιιι
513 1605 958 1686 interceptaruml'nequaquam
969 1605 1172 1666 credidissent.
1195 1605 1361 1675 Sedtamen

254 1701 491 1776 evenerunthaec
500 1710 530 1760 et
539 1701 570 1760 in
578 1685 708 1776 omnium
718 1699 814 1760 oculis
822 1709 986 1771 versantur.
1026 1699 1089 1760 Vos
1101 1710 1209 1780 autem,
1228 1699 1359 1780 inquam,

253 1792 428 1871 largientem
442 1813 523 1853 nunc
545 1803 576 1854 et
596 1793 784 1873 pollicentem
805 1793 943 1872 spectatis
959 1791 1137 1871 Philippum,
1157 1812 1227 1856 mox
1252 1803 1358 1869 autem,
1399 1789 1400 1792 ’

253 1896 411 1969 postquam
423 1905 475 1946 vos
489 1886 604 1965 decepit
613 1895 642 1945 et
653 1887 685 1946 in
694 1885 831 1948 fraudem
842 1885 967 1957 induxit,
984 1885 1191 1992 deprecamini,
1210 1883 1234 1944 si
1248 1888 1358 1966 sapitis,

255 1999 292 2042 ne
305 1978 439 2040 rideatis.
477 1978 555 2040 Sunt
570 1979 690 2058 quidem
704 1991 792 2054 certe,
806 1980 936 2059 inquam,
951 1979 1109 2083 omnigena
1122 1989 1238 2058 reperta
1261 1981 1300 2041 ad
1313 2002 1358 2042 ur·

253 2073 335 2136 bium
358 2072 524 2134 custodiam
542 2082 573 2134 et
592 2073 803 2146 defensionem,
825 2084 860 2133 ut
878 2072 957 2133 valla
970 2082 1001 2131 et
1013 2072 1088 2130 muri
1100 2083 1131 2132 et
1143 2071 1232 2151 fossae
1232 2083 1362 2164 ffffquae
1438 2083 1439 2086 ’

254 2176 325 2226 sunt
335 2167 401 2243 ejus
417 2165 558 2244 generis.
585 2165 661 2234 Quae
674 2166 772 2226 omnia
787 2185 875 2244 manu
889 2157 965 2226 fiunt
986 2175 1017 2225 et
1031 2174 1165 2246 sumptus
1182 2165 1357 2245 postulant:
1360 2217 1361 2220 ,

250 2278 342 2320 unum
356 2269 454 2336 autem
468 2258 620 2338 quoddam
641 2277 795 2321 commune
813 2259 927 2319 animus
940 2257 1152 2338 prudentium
1144 2278 1175 2318 un
1197 2261 1356 2341 semetipso

252 2329 386 2432 possidet
397 2351 576 2432 praesidium,
592 2353 753 2432 quodcum
767 2347 1000 2412 omnibusbono
1020 2356 1067 2412 cst
1079 2361 1109 2410 et
1122 2349 1220 2425 saluti,
1234 2362 1301 2412 turn
1314 2355 1358 2416 vel

252 2445 378 2520 maxime
395 2446 491 2505 liberis
512 2445 678 2506 civitatibus
693 2453 798 2506 contra
819 2449 976 2526 tyrannos.‘
1011 2443 1169 2513 Quodnam
1181 2445 1275 2525 igitur
1287 2447 1357 2508 illud

252 2539 316 2602 ¹esti
347 2539 539 2600 Diffidentia-
570 2540 659 2600 Hanc
687 2527 844 2611 custodite,
872 2539 950 2599 hanc
977 2537 1208 2618 amplectimini3
1229 2539 1310 2602 hanc
1334 2541 1357 2602 si

155 2653 156 2656 ¹
251 2633 474 2707 conservabitis,
503 2641 587 2692 extra
608 2649 694 2689 omne
717 2628 881 2708 periculum
903 2633 995 2691 eritis.
1036 2631 1116 2698 Quid
1135 2631 1290 2712 quaeritisi
1316 2635 1357 2694 in·

251 2744 351 2802 quam.
384 2724 600 2784 Libertatatem.
628 2717 671 2782 Αι
683 2740 743 2781 non
757 2719 862 2783 videtis
873 2719 1041 2804 Philippum
1051 2724 1357 2798 alienissimasabhac

251 2818 301 2877 vel
316 2816 525 2897 appellationes
538 2815 667 2898 haberel
688 2833 740 2874 rex
752 2815 832 2874 enim
844 2821 881 2876 ‚et
904 2823 1046 2892 tyrannus
1055 2816 1149 2876 omnis
1160 2829 1206 2878 est
1213 2818 1355 2880 libertatis
1438 2849 1439 2852 ¹

251 2910 388 2978 inimicus
407 2919 438 2969 et
450 2909 575 2988 legibus
581 2889 714 2968 infestus.
752 2907 828 2967 Non
841 2905 990 2983 cavebitis,
1004 2906 1133 2984 iuquam,
1148 2931 1196 2984 ne,
1210 2911 1282 2972 dum
1292 2910 1357 2972 belli

253 3005 342 3064 finem
357 3002 512 3082 quaeritis,
509 3002 662 3076 dominum
679 3001 887 3062 inveniatis?
913 3051 914 3054 ,
1024 3015 1025 3020 ’
1057 3045 1060 3052 .
1246 3043 1251 3054 .

295 3099 325 3156 5.
346 3097 401 3155 His
414 3095 457 3155 illi
470 3095 589 3170 auditis,
599 3105 630 3156 et
644 3080 859 3176 applaudentes
872 3104 907 3154 ut
920 3103 998 3154 recte
1009 3069 1106 3168 dictis,
1116 3103 1146 3154 et
1159 3065 1259 3156 multis
1272 3099 1354 3158 etiam

253 3191 318 3272 ¹aliis
343 3188 523 3266 orationihus
550 3208 568 3248 a
590 3177 709 3267 legatis
719 3199 750 3247 et
764 3197 910 3267 prasente
931 3207 990 3246 me
992 3198 1032 3246 et
1047 3196 1173 3294 postea,
1184 3197 1218 3248 ut
1233 3189 1354 3263 videtur,
1376 3226 1377 3230 =

195 3288 199 3294 ’
250 3257 361 3356 letitie,
381 3261 473 3341 nihilo
493 3280 588 3360 magis
609 3280 771 3352 avellentur
792 3299 810 3339 a
833 3279 975 3387 Phillippi'
985 3280 1113 3340 amicitia
1133 3281 1255 3361 ejusque
1274 3281 1354 3363 polli-

252 3375 452 3450 citationibus.
486 3373 591 3452 Neque
611 3374 668 3434 hoc
689 3384 735 3434 est
750 3373 940 3445 absurdum,¹
952 3375 977 3433 si
984 3372 1135 3442 Messenii
1158 3385 1189 3434 et
1212 3375 1357 3455 Pelopon-

250 3488 359 3529 nenses
386 3442 507 3546 quidem
533 3475 636 3526 contra
667 3487 703 3526 ea
730 3486 797 3554 quae
825 3465 922 3536 animo
951 3484 1035 3526 esse
1046 3467 1158 3545 optima
1176 3469 1354 3548 perspiciunt

251 3561 399 3642 [ahquid]
403 3570 503 3640 agent,
509 3558 608 3618 ·'sed
585 3579 673 3619 srvos
686 3559 778 3638 quiet
792 3541 1024 3639 intelligitisipsi
1039 3570 1069 3619 et
1084 3579 1101 3618 e
1120 3561 1229 3621 nostris
1240 3561 1353 3621 concio·

164 3667 169 3684 ‘
251 3657 336 3740 nibus
351 3652 469 3726 auditis,
483 3653 565 3712 vobis
586 3652 709 3712 insidias
722 3652 816 3727 fieri,
815 3671 867 3713 vos
888 3651 1111 3726 circumvallari,
1129 3672 1165 3712 eo
1187 3649 1267 3732 quod
1286 3653 1353 3714 nihil

231 3757 348 3824 nunc.
360 3746 458 3826 agitis,
490 3729 619 3818 omnino,
646 3756 679 3804 ut
705 3745 774 3804 mihi
794 3745 918 3826 videtur,
951 3765 1006 3806 nec
1029 3745 1184 3826 opinantes
1215 3747 1354 3826 opprime-

249 3843 339 3904 mini:
366 3835 444 3922 adeo
466 3840 559 3917 magis
579 3829 659 3904 valet
675 3852 807 3926 presens
814 3839 971 3918 voluptas
993 3847 1024 3896 et
1044 3837 1135 3904 οιιιιιιι
1161 3857 1250 3916 quam
1275 3837 1352 3918 quod

247 3937 320 4018 olim
340 3915 411 3994 utile
430 3935 469 3994 sit
485 3934 632 4003 futurum:¹
659 3933 703 3992 Ac
718 3933 808 3992 deus
830 3933 948 4037 quidem
964 3953 1032 4010 quae
1047 3932 1137 3992 ‚vohis
1156 3933 1274 4012 agenda
1299 3931 1355 3996 sint

252 4029 309 4110 ipsi
332 4028 503 4108 deinceps
490 4027 611 4086 seorsim
641 4025 849 4096 deliberabitia
877 4027 901 4084 si
921 4025 1053 4106 sapitis:
1084 4044 1151 4105 quae
1178 4043 1247 4085 vero
1277 4040 1352 4084 nuuc

251 4120 430 4200 respondere
445 4118 565 4197 possitis
586 4128 621 4178 ut
629 4106 732 4206 vestra
746 4119 864 4177 decreta
878 4126 960 4176 recta
979 4137 1046 4177 esse
1063 4117 1225 4190 videantur,
1233 4136 1275 4176 ea
1293 4117 1351 4196 jam

254 4214 361 4310 dicam
473 4217 478 4250 r
1201 4255 1205 4262 .

270 4300 324 4366 ’6.
349 4307 421 4365 Erat
438 4305 526 4384 igitur
539 4323 669 4384 aequum,
684 4306 893 4375 Athenienses
909 4313 943 4364 ut
962 4269 1013 4384 qui
1026 4305 1173 4382 promissa
1186 4273 1351 4372 attulerunt,

253 4401 359 4481 quihus
372 4397 496 4476 adducti
512 4416 617 4476 pacem
631 4397 751 4470 lecistis,
765 4397 939 4458 citarentur·
961 4395 1143 4475 nequeenim
1157 4395 1218 4476 ipse
1227 4410 1351 4474 unquam
