2886 4946
83 257 121 350 Χ
214 297 256 358 oo
590 285 851 358 summust
870 291 929 354 ut

216 451 365 522 Quonlsm
386 449 546 514 enimcum
558 468 620 512 uno
632 449 762 526 bomine,
776 469 837 512 non
857 467 925 512 com
945 446 1114 512 constitute
1132 443 1258 510 civium
1277 445 1321 508 vt·-

215 544 296 605 ribus
313 541 498 617 bellumest,
518 563 556 604 ne
570 543 631 608 ¹boo
653 543 774 622 quidem
788 563 845 604 usu
861 561 918 604 suo
935 551 1027 617 caret,
1046 561 1143 621 neque
1162 539 1323 620 superioris

216 637 286 698 enni
295 636 458 716 legationes
468 637 498 694 in
512 637 751 718 Peloponnesum
763 635 823 696 illm
835 635 954 698 luerunt
966 635 1053 696 irritae
1066 653 1169 712 nequo
1184 632 1321 694 crimina-

214 729 319 802 tiones,
340 747 415 809 quos
435 748 493 809 ego
512 738 543 789 et
562 727 739 810 Polyeuctus
752 729 880 810 optimus
901 727 1009 789 illevit
1029 735 1060 788 et
1079 725 1270 806 Hegesippus
1290 733 1323 784 et

217 822 464 886 Clitomachuset
476 822 634 904 Lyeurgus
649 832 681 884 et
692 821 742 884 ulii
754 821 845 902 legati
857 821 1097 892 circumtulimus,
1113 819 1220 898 quibus
1233 820 1322 879 rebus

216 912 379 987 effecimus,
392 924 425 976 ut
438 915 488 976 ille
500 935 634 996 represso
648 915 760 996 impetu
777 935 833 977 nec
847 913 1033 976 Ambraciam
1050 912 1202 973 invaderet
1215 931 1271 972 uec
1290 911 1323 970 in

84 1023 90 1032 '
217 1009 456 1090 Peloponnesum
466 1009 597 1071 irrueret.
619 1009 698 1070 Illud
705 1018 874 1076 autemnon
886 1008 965 1080 dico,
981 1007 1006 1068 si
1020 1008 1077 1089 ipsi
1090 1005 1162 1066 nihil
1174 1005 1254 1086 quod
1268 1025 1323 1066 ue-

187 1146 190 1157 .
216 1121 300 1164 cesso
310 1111 359 1164 est
371 1121 425 1181 pro
436 1101 586 1162 nobismet
596 1101 668 1181 ipsis
681 1121 769 1182 agere
779 1101 913 1175 uelimus,
927 1101 1001 1162 elios
1014 1119 1080 1161 esse
1092 1097 1323 1161 convocandos:

196 1229 200 1238 =
216 1195 326 1257 etenim
348 1194 508 1256 absurdum
520 1193 616 1268 fuerit,
629 1204 663 1255 ut
675 1195 726 1274 qui
746 1194 803 1276 ipsi
818 1213 874 1256 sus
886 1194 1037 1266 deserunt,
1054 1192 1151 1254 eliens
1168 1212 1202 1254 se
1219 1211 1323 1254 curare

217 1289 420 1368 profiteantur,
440 1297 471 1348 et
483 1287 554 1346 dum
566 1286 724 1368 presentie
742 1285 906 1365 negligunt,
919 1305 1015 1348 rerum
1027 1283 1192 1346 futurarum
1208 1293 1322 1344 metum

217 1381 284 1442 aliis
291 1389 468 1461 proponant
489 1380 559 1442 Non
571 1380 638 1444 dieo
649 1381 726 1454 boso,
741 1379 796 1440 sed
808 1378 1064 1444 Chersonesitcnis
1077 1378 1217 1440 militibus
1230 1395 1323 1458 pecu-

217 1474 298 1534 niam
312 1472 380 1534 dico
400 1493 467 1536 esse
485 1472 658 1536 mittendam
677 1483 709 1534 et
731 1471 788 1533 elis
804 1491 987 1552 quecunque
1004 1473 1156 1553 postulant
1174 1471 1322 1546 facienda,

216 1567 274 1648 ipsi
287 1575 387 1627 eutem
396 1585 451 1628 nos
464 1567 643 1628 instruamur
655 1576 686 1626 et
697 1565 856 1645 iungamur
867 1567 966 1627 officio
973 1567 1069 1646 primi,
1083 1567 1119 1627 e'o
1128 1576 1193 1626 tum
1201 1565 1323 1627 demum

218 1659 480 1732 caetetosGrceoos
498 1677 705 1733 convocemus,
728 1677 952 1738 congregemus,
974 1658 1146 1734 doceamus,
1164 1659 1323 1722 admouen-

218 1771 304 1816 mue:
318 1751 394 1812 *hec
405 1761 476 1812 sunt
488 1750 614 1812 civitatis
627 1759 710 1812 tante
722 1750 855 1831 proeditoe
870 1751 1025 1832 dignitate,
1039 1762 1182 1838 quantem
1194 1772 1249 1815 vos
1268 1753 1323 1814 ob-

214 1844 330 1908 tinetis.
339 1909 343 1915 ,
352 1844 442 1914 Quod
456 1846 481 1906 si
495 1843 707 1910 Chalcidenses
720 1844 831 1925 putatis
845 1843 994 1906 Groecism
1007 1855 1171 1906 servsttuos
1189 1855 1243 1906 eut
1256 1845 1323 1906 Me-

217 1957 367 2020 garenses,
380 1957 493 2018 vosque
506 1937 619 1999 intereo
630 1937 745 2000 labores
758 1935 940 2018 defugeritis,
953 1957 1015 1999 non
1026 1948 1106 2000 recte
1119 1938 1251 2019 putatis:
1275 1957 1323 1999 se·

219 2031 258 2092 tie
271 2031 349 2092 enim
358 2030 496 2112 ptmclare
509 2049 576 2092 cum
589 2029 645 2092 illis
654 2031 761 2111 egitur,
773 2030 799 2092 si
809 2049 894 2092 susm
911 2030 1036 2112 quisque
1048 2040 1167 2096 tuentur
1182 2032 1322 2096 salutem.

219 2120 314 2186 Vobis
327 2123 417 2186 idest
430 2125 587 2204 agendum.
615 2122 707 2185 Vobis
726 2123 850 2204 meJ‘ores
865 2123 956 2185 vestri
968 2123 1138 2195 munus'id,
1157 2143 1211 2205 per
1229 2124 1324 2186 multa

220 2227 253 2278 et
264 2215 406 2297 Plflssfflffl'a
417 2227 449 2276 et
461 2236 571 2296 mgna
583 2216 752 2278 diSOriminfl
763 2225 889 2297 partum,
901 2217 1091 2298 reliquerunt.
1115 2217 1177 2278 Sed
1189 2217 1216 2278 si
1228 2237 1323 2279 unus·

220 2310 345 2390 quisque
359 2310 441 2390 quod
453 2310 535 2390 cupit
557 2309 589 2372 id
601 2309 760 2389 requirens
771 2309 896 2384 sedebit,
915 2321 947 2372 et
966 2309 1026 2374 boc
1039 2311 1186 2391 spectabit
1199 2330 1238 2372 ne
1251 2310 1323 2392 quid

122 2393 126 2406 ¹
220 2403 276 2466 sibi
289 2402 395 2464 laboris
408 2402 584 2482 capiendum
604 2402 654 2478 sit,
667 2404 792 2482 ptimum
805 2420 956 2482 nunquam
977 2422 1029 2464 eos
1049 2403 1178 2465 inveniet
1189 2405 1242 2483 qui
1260 2423 1323 2468 rem
1435 2429 1436 2438 ¹

222 2506 338 2576 gerant,
352 2495 460 2556 deiude
471 2499 587 2568 metuo,
602 2513 641 2556 ne
660 2514 721 2555 une
734 2495 842 2569 omnis,
855 2515 923 2576 ques
940 2495 1088 2570 nolumus,
1102 2495 1199 2577 lacere
1219 2496 1261 2558 sit
1272 2517 1323 2558 ne-

121 2585 122 2588 ’
223 2607 318 2648 cesse.
341 2587 472 2667 [Nemsi
489 2587 540 2667 qui
557 2595 666 2662 essem,
680 2587 730 2670 qui
744 2607 797 2664 pro
810 2588 886 2648 nobis
899 2587 1191 2670 agennujcmolim
1210 2589 1322 2651 inventi
1435 2589 1436 2670 l

194 2691 334 2759 essent,
347 2699 415 2742 eum
428 2680 500 2740 nihil
513 2681 570 2762 ipsi
583 2699 671 2760 agere
684 2680 825 2743 velimus:
847 2681 974 2745 sednon
986 2682 1080 2760 sunt]
1435 2717 1436 2764 t

236 2775 313 2834 16.
334 2773 400 2852 Ego
420 2773 508 2853 igitur
521 2775 587 2835 boec
601 2773 677 2847 dico,
695 2774 761 2836 hoec
775 2776 922 2842 decerno·
943 2786 973 2836 et
982 2785 1055 2856 puto
1070 2795 1151 2838 nunc
1171 2775 1263 2838 etiem
1277 2797 1322 2840 res
1435 2773 1436 2842 l

220 2868 475 2951 posseemenderi,
486 2867 590 2930 sihaec
602 2870 685 2930 liant.
706 2871 814 2951 Siquis
828 2870 981 2932 eutsmbis
989 2869 1324 2950 meliusuliquidbebet,

221 2961 341 3026 dmm
353 2963 486 3028 madeat
501 2961 596 3033 Quod
605 2973 702 3028 nutem
714 2964 797 3027 vobis
811 2965 966 3047 probatum
978 2965 1076 3042 buerit,
1089 2964 1121 3028 id
1133 2983 1236 3028 omnes
1251 2966 1324 3032 deos
1435 2963 1436 3022 i

218 3075 284 3132 oro,
292 3055 363 3120 felix
375 3055 564 3138 faustumque
577 3055 626 3120 sit.
