2920 4950
416 279 571 342 οιιιιιο
591 279 645 342 ns
668 237 909 336 rinnoneso.
1157 265 1209 343 ¹es

110 447 256 510 mittendis
270 447 438 510 hominibus
451 449 502 527 qui
515 467 547 508 se
561 455 726 506 nostrorum
740 447 849 507 ducum
861 443 950 505 classi
961 441 1131 521 adjungant,
1142 449 1208 500 tan·

111 561 198 620 quam
210 541 357 602 custodiae
381 541 468 600 maris
488 549 637 600 consortes
656 538 757 597 futuri.
791 538 865 597 Sunt
884 537 934 615 qui
954 535 1064 614 negeht
1076 531 1208 592 illi‘mari

111 653 183 713 opus
199 633 321 694 esseed
335 633 404 692 ¹sua
424 631 637 712 amplificanda.
673 631 713 689 At
727 631 751 688 is
767 631 816 710 qui
836 649 914 688 mare
929 628 1061 706 negligit,
1069 626 1208 686 ‘triremes

108 735 271 806 comparat,
279 726 411 785 exstruit
422 725 545 795 navalia,
558 730 589 784 et
602 723 711 782 classes
720 722 845 781 instituit
857 721 979 792 mittere,
993 738 1088 797 neque
1103 719 1208 797 parvos

109 829 244 900 sumptus
265 819 336 879 facit
349 818 378 877 in
390 817 549 878 certamina
565 816 708 874 maritima
726 816 831 894 quibus
851 813 923 872 nihil
943 812 1033 872 habet
1052 811 1210 889 antiquius.⁸

110 907 187 969 Num
213 911 444 990 igiturputatis,
467 909 672 980 Athenienses,
692 907 860 988 Philippum
886 905 951 965 haec
973 903 1097 964 concedi
1117 903 1210 962 sibia

109 1002 191 1064 robis
205 1003 431 1083 postulaturum,
446 1003 502 1062 nisi
511 1013 542 1062 et
551 1021 603 1061 vos
619 1009 827 1074 contemneret,
841 1005 882 1059 et
884 1001 914 1059 in
924 999 986 1059 istis
1001 997 1143 1058 summam
1156 995 1210 1056 ha-

110 1095 191 1155 beret
205 1095 346 1156 fiduciam
360 1115 434 1200 quos
453 1095 501 1156 hic
515 1096 626 1155 amicos
640 1093 694 1154 sibi
715 1095 864 1172 acquirere
885 1091 1033 1154 decrevit?
1054 1095 1136 1160 Quos
1149 1110 1210 1150 non

110 1187 202 1268 pudet
215 1187 460 1268 Philippo⁸v1vere
479 1187 576 1267 potius
600 1204 690 1264 quam
710 1206 771 1244 suoe
795 1185 905 1265 patriae,
926 1196 955 1244 et
969 1203 1091 1244 munera
1109 1177 1211 1241 abillo

109 1289 235 1360 accepta
247 1300 279 1340 se
293 1281 367 1341 ferre
382 1281 501 1340 domum
516 1278 702 1354 arbitrantur,
720 1298 811 1358 quum
825 1297 940 1358 eaquae
954 1277 1034 1338 domi
1049 1287 1120 1337 sunt
1140 1295 1210 1370 ven·

110 1374 180 1448 dere
195 1393 258 1431 non
271 1372 415 1432 dubitent.

150 1469 181 1525 5.
201 1465 275 1524 Jam
289 1463 327 1524 de
342 1465 422 1544 pacis
445 1465 657 1540 emendatione,
666 1465 754 1547 cujus
771 1465 983 1527 emendationis
1003 1463 1096 1544 legati
1119 1463 1211 1524 abeo

112 1558 191 1618 missi
204 1557 358 1618 licentiam
371 1559 455 1618 nobis
473 1559 629 1630 dederunt,
652 1559 723 1638 quia
745 1560 776 1619 id
797 1558 1014 1620 emendavimus
1035 1557 1114 1638 quod
1134 1555 1218 1638 apud‘

112 1667 216 1710 omnes
230 1650 391 1710 mortales'
381 1660 491 1731 Justum
506 1663 653 1723 censetur,
665 1661 698 1711 ut
714 1651 829 1730 utrique
844 1672 898 1712 sua
911 1659 1041 1723 teneant,
1055 1669 1119 1708 eam
1133 1669 1165 1709 se
1178 1649 1214 1709 ii·
1305 1645 1320 1737 ἶ

112 1742 244 1802 centiam
268 1742 397 1814 dedisse,
417 1753 449 1802 et
468 1743 505 1802 de
525 1763 562 1802 ea
582 1743 696 1822 legatos
715 1741 820 1804 advos
844 1743 954 1803 dixisse
976 1751 1075 1822 neget,
1093 1752 1215 1822 propter

110 1834 227 1894 nnllam
237 1831 325 1894 aliam
341 1853 458 1894 causam
472 1834 528 1894 nist
520 1834 618 1913 quod
632 1821 747 1894 abistis
760 1835 865 1912 quibus
876 1835 977 1894 amicis
992 1835 1082 1893 utitur
1096 1854 1216 1913 persua-

112 1945 164 1986 sus
188 1935 238 1984 est
261 1945 313 1986 vos
334 1946 370 1985 ea
391 1946 456 2005 quae
478 1926 636 1986 dicuntur⁸
628 1946 659 1986 ιιι
679 1937 821 2006 suggestu
840 1948 901 1987 non
921 1926 1097 1987 meminisse.
1127 1927 1217 2005 Atqui

113 2017 284 2078 columboe
299 2018 380 2078 obliti
393 2038 459 2078 esse
480 2039 539 2079 non
552 2019 684 2099 potestis
718 2019 837 2078 Namin
856 2018 959 2079 eadem
973 2018 1115 2078 concione
1129 2026 1159 2078 et
1171 2018 1216 2078 le
1302 2031 1306 2041 '

112 2112 176 2189 gari
191 2110 232 2170 ad
252 2129 305 2170 vos
319 2113 356 2170 nb
374 2131 410 2170 eo
423 2111 502 2171 missi
495 2112 606 2172 'verba
618 2111 760 2184 iecerunt,
775 2122 805 2171 et
826 2112 966 2191 scripturn
989 2119 1036 2171 est
1056 2084 1216 2170 decretum.

114 2201 223 2288 ltpque
235 2181 300 2266 ficri
314 2203 425 2282 nequit,
439 2223 529 2284 quum
543 2203 745 2284 inpraesentia
759 2205 845 2263 verba
859 2204 937 2264 iacta
949 2212 1060 2276 essent,
1075 2212 1105 2262 et
1118 2197 1216 2262 stetini

36 2318 39 2323 ·
116 2293 273 2355 decretum
292 2295 471 2366 recitaretur,
497 2305 531 2354 ut
552 2313 605 2354 vos
624 2295 775 2375 decretum
796 2297 875 2355 istud
888 2293 976 2375 quod
997 2295 1195 2354 mentiretur
1187 2297 1218 2354 ni

114 2383 246 2466 legatus,
258 2388 363 2470 restris
378 2387 521 2467 suffragiis
540 2388 807 2468 comprobaveritis.
846 2385 944 2456 enare
956 2387 1013 2447 hoe
1034 2406 1092 2447 non
1115 2395 1220 2448 contra

116 2499 173 2554 me,
185 2477 242 2540 sed
257 2489 360 2540 contre
370 2499 423 2541 vos
437 2481 566 2560 scripsit;
588 2500 641 2543 vos
654 2481 689 2540 iis
704 2481 741 2540 de
754 2482 841 2541 rebus
861 2480 900 2541 de
914 2481 1020 2563 quibus
1035 2475 1106 2539 nihil
1120 2472 1219 2540 audis·

116 2571 185 2634 setis
199 2589 345 2650 responso
358 2571 428 2632 datn
441 2574 596 2633 decretum·
605 2572 678 2632 illud
692 2572 731 2633 ad
744 2592 776 2634 se
789 2573 913 2634 misisse.
942 2575 988 2633 Ac
1002 2573 1091 2654 legati
1100 2571 1220 2651 quidem

114 2662 170 2742 ipsi
180 2665 371 2741 contraquo's
385 2663 532 2726 decretum
546 2665 725 2740 mentiretur,
739 2684 829 2745 quum
840 2668 882 2726 eis
892 2665 930 2726 de
941 2667 1048 2747 scripto
1059 2659 1219 2744 responde-

118 2757 199 2831 retis,
214 2766 247 2816 et
260 2775 312 2816 eos
325 2757 485 2818 invitaretis
507 2757 546 2817 ad
562 2757 732 2838 hospitium,
753 2777 812 2818 non
831 2759 895 2820 nusi
918 2753 1035 2817 fuerunt
1046 2753 1163 2837 prodire
1183 2775 1221 2818 ac

118 2845 237 2908 dicere:
262 2846 373 2907 Contra
394 2867 447 2908 nos
470 2848 642 2920 mentimini,
657 2847 860 2924 Athenienses,
880 2859 911 2909 et
923 2869 960 2909 ea
980 2868 1034 2909 nos
1050 2848 1184 2910 dixisse
1172 2869 1220 2928 Ja-

119 2941 206 3000 ctatis
219 2959 289 3018 quae
302 2960 360 3000 non
374 2941 517 3009 diximus;
534 2940 587 3000 sed
597 2939 677 3000 taciti
689 2925 831 3002 abierunt.
853 2942 930 3002 Volo
941 2952 1039 3004 autem
1052 2958 1117 3014 vos,
1128 2941 1221 3001 Athe·

118 3033 237 3106 nienses
240 3053 358 3106 ,--nam
373 3033 489 3114 Python
505 3033 628 3113 quitum
640 3033 771 3113 legatum
786 3037 901 3114 agebat,
917 3035 995 3114 apud
1010 3054 1063 3094 ros
1077 3034 1107 3092 in
1121 3036 1221 3094 conci·

121 3143 177 3186 one
190 3125 331 3186 laudatus
340 3125 445 3200 init-7
455 3145 554 3187 eorum
564 3128 717 3186 verborum
725 3147 791 3208 quae
804 3128 852 3188 ille
865 3128 939 3187 dixit
952 3127 1220 3196 commonefacere:

122 3221 229 3300 quippe
244 3219 307 3279 scio
319 3239 372 3280 vos
393 3239 428 3280 ea
442 3219 615 3280 meminisse.
645 3219 775 3296 Fuerunt
795 3230 891 3280 autem
912 3237 1050 3299 perquam
1069 3219 1172 3284 similia
1186 3219 1221 3280 iis

121 3330 187 3387 qnae
210 3312 329 3391 scripsit
341 3312 500 3394 Philippus.
527 3311 605 3370 Nam
617 3312 688 3369 dum
703 3311 741 3370 de
764 3313 853 3384 nobis
865 3312 1033 3390 Philippum
1047 3312 1222 3372 criminanti-

121 3404 176 3462 bus
192 3413 373 3483 quereretur,
385 3407 473 3464 etiam
487 3423 538 3463 ros
552 3403 724 3471 incusabat;
749 3402 862 3463 scilicet
875 3423 936 3477 ros,
951 3421 1041 3484 quum
1054 3405 1223 3463 incitaretur

122 3515 172 3556 rex
186 3497 226 3556 ad
239 3497 317 3570 bene
327 3495 364 3554 de
372 3497 454 3556 vobis
465 3494 644 3567 merendum,
656 3504 686 3554 et
697 3513 749 3554 vos
764 3494 872 3554 amieos
886 3505 1036 3575 expeteret
1048 3515 1108 3576 prae
1119 3495 1224 3557 ceteris

125 3590 253 3660 Groecis,
268 3589 345 3648 illius
360 3590 512 3651 desideriis
525 3589 677 3660 obsistere,
692 3587 935 3647 calumniatorum
954 3585 1035 3650 dicte
1059 3590 1224 3669 approban-

126 3694 171 3744 tes
182 3685 232 3761 qui
243 3703 310 3742 eum
322 3682 541 3743 criminarentur
560 3703 579 3742 a
597 3701 656 3760 quo
672 3681 827 3760 pecuniam
840 3692 981 3762 peterent.
1029 3685 1127 3748 Quum
1148 3669 1225 3742 enim

127 3777 260 3835 edilium
274 3774 516 3834 afferunturtalia
529 3775 618 3845 dicta,
634 3774 740 3852 quibus
760 3785 793 3832 ut
811 3774 872 3853 ipse
892 3773 1098 3854 proscinditur,
1110 3774 1155 3831 'ite
1172 3792 1225 3833 vos

126 3867 323 3938 oblectamini,
351 3867 456 3926 mutari
483 3868 546 3946 ejus
574 3867 712 3938 animum,
736 3866 815 3945 quod
839 3867 888 3926 ²iis
911 3866 1043 3927 videatur
1060 3864 1168 3924 infidus
1189 3864 1226 3925 de

129 3959 235 4036 quibus
256 3959 331 4017 bene
350 3958 452 4018 mereri
466 3958 576 4018 statuit.
618 3957 745 4017 Proinde
764 3961 893 4029 vetabat,
910 3975 954 4018 ‘ne
975 3956 1074 4035 populi
1098 3967 1227 4018 oratores

127 4069 233 4128 pacem
245 4050 599 4131 reprehenderent—nec
610 4051 761 4110 enimeam
771 4070 836 4114 esse
850 4048 1118 4120 dissolvendam-,
1133 4049 1186 4106 sed
1201 4050 1226 4110 si

129 4143 158 4201 in
172 4143 255 4222 pacis
270 4142 484 4203 conditionibus
499 4142 607 4224 aliquid
622 4161 775 4221 perperam
787 4143 927 4221 scriptum
942 4149 1033 4214 esset,
1054 4138 1085 4199 id
1102 4140 1227 4219 jubebat

128 4234 304 4304 emendare;
325 4238 432 4316 quippe
446 4234 612 4314 Philippum
626 4234 772 4296 iacturum
784 4254 850 4294 esse
866 4233 963 4293 omnia
977 4251 1043 4312 quae
1057 4251 1110 4293 vos
1123 4232 1224 4293 decre

132 4365 178 4480 W⁸
191 4365 241 4412 Sur
258 4365 296 4414 rol
315 4365 410 4415 tutanda
431 4366 470 4415 vel
491 4365 661 4429 amplificanda
707 4362 775 4412 ⁸1tttr
794 4363 899 4413 insidiari
913 4369 1016 4430 putetur
1034 4361 1116 4412 Ionrr
1158 4421 1181 4440 Ι,

167 4443 226 4476 Ob!

661 4522 682 4568 1(
