2920 4950
220 287 260 352 aa
396 237 398 246 ¹
445 366 448 382 ‚
498 273 739 351 onarro'nu
763 285 1063 351 ouaasorruso.

226 442 281 517 vis,
295 441 401 524 inquit,
416 443 572 508 decretum
585 447 721 521 scribere,
734 457 786 509 aut
799 447 969 530 periclitari,
977 445 1033 508 sed
1044 441 1164 507 timidus
1177 461 1210 504 es
1225 451 1256 503 et
1269 441 1344 502 mol-

229 535 276 596 lis.
319 537 385 619 Ego
394 557 464 600 vero
478 540 576 600 audax
586 549 616 600 et
630 539 815 620 importunus
829 538 1090 619 atqueimpudens
1103 557 1200 616 neque
1211 555 1276 595 sum
1292 555 1344 594 ne-

174 681 177 696 .
229 647 288 710 que
301 631 364 692 lieri
373 633 472 706 velim,
487 633 636 694 fortiorem
649 642 750 694 tamen
763 633 854 712 longe
868 633 986 712 lateque
995 633 1064 704 illis,
1074 633 1127 712 ‘qui
1136 629 1280 710 praecipiti
1290 649 1343 688 au-

231 723 319 785 dacia
327 725 406 806 apud
416 745 469 786 vos
481 727 601 807 publica
609 726 728 806 negotia
737 727 875 798 tractant,
885 745 933 786 me
943 746 1008 786 essa
1017 725 1161 786 existimo.
1185 723 1244 791 Qui
1254 722 1343 794 enim,

233 815 441 890 Athenienses,
464 818 632 901 posthabita
653 819 780 880 utilitate
802 818 1028 900 reipublicoe‚·in
1042 818 1187 899 judicium
1212 816 1347 888 adducit,

232 911 399 990 proscribit,
412 912 474 985 dat,
488 925 619 984 accusat,
633 912 716 974 nulla
728 911 847 991 quidem
860 913 925 973 hoec
936 911 1107 973 fortitudine
1118 911 1199 984 facit,
1211 909 1265 970 sed
1276 909 1347 990 qnia

232 1003 301 1078 scit,
314 1003 385 1062 dum
399 1025 467 1084 quae
480 1005 563 1066 vobis
577 1006 718 1086 placeant
734 1005 872 1086 loquatur
885 1016 916 1066 et
928 1016 1006 1067 tutas
1019 1014 1135 1066 tantum
1148 1003 1277 1084 publicae
1291 1003 1345 1063 ad·

196 1113 199 1118 '
234 1095 456 1158 ministrationis
465 1109 566 1178 partes
580 1101 715 1179 attingat,
725 1119 758 1160 se
771 1100 856 1178 quasi
870 1101 978 1182 pignus
991 1100 1100 1159 habere
1115 1117 1176 1155 suoe
1190 1096 1346 1156 incolumi·

234 1188 316 1263 tatis,
331 1191 429 1250 audax
448 1200 480 1250 et
493 1192 646 1253 conlidens
660 1202 725 1256 eat:
744 1194 889 1273 quivero,
907 1191 1018 1273 publici
1031 1191 1101 1252 boui
1116 1209 1216 1261 causa,
1240 1191 1344 1249 crebro

235 1283 341 1343 vestris
352 1283 551 1346 voluntatibus
563 1284 745 1360 adversatur,
751 1296 781 1346 et
789 1285 860 1345 nibil
871 1286 911 1346 ad
922 1283 1192 1365 gratiamloquitur,
1204 1281 1257 1342 sed
1266 1299 1345 1340 sem·

233 1395 289 1458 per
299 1377 453 1438 utilitatem
468 1387 594 1458 spectat,
605 1389 636 1440 et
648 1381 713 1440 eam
725 1379 861 1458 gerendae
875 1377 1044 1458 reipublicae
1058 1377 1201 1437 rationem
1211 1375 1306 1456 eligit,
1315 1376 1346 1435 in

237 1487 298 1550 qua
310 1470 429 1532 fortuna
442 1463 536 1552 magis
557 1491 646 1551 quam
660 1472 841 1557 computatio
855 1471 1032 1544 dominatur,
1045 1481 1076 1532 et
1089 1481 1188 1531 tamen
1201 1467 1285 1537 haurd
1299 1489 1345 1529 re·

237 1571 333 1636 cusat,
342 1583 402 1644 quo
413 1563 509 1624 minus
520 1565 672 1645 utriusque
682 1585 700 1626 a
709 1585 740 1626 se
752 1566 879 1625 rationes
891 1563 1093 1645 repetatis,hic
1104 1563 1223 1623 demum
1231 1561 1279 1620 vir
1287 1561 1346 1621 ior-

236 1649 288 1730 tis,
305 1663 394 1736 atque
409 1657 497 1718 etiarn
510 1659 606 1719 bouus
621 1659 699 1718 idem
717 1656 789 1719 ciris
812 1666 878 1727 est:
900 1677 961 1718 non
981 1657 1042 1731 isti,
1056 1656 1107 1737 qui
1123 1655 1219 1716 brevis
1243 1655 1346 1733 gratiae

237 1749 438 1829 promerendae
457 1769 550 1812 causa
570 1764 685 1816 summa
702 1752 871 1832 reipublice
892 1751 1031 1831 presidia
1049 1748 1255 1830 perdiderunt,
1271 1765 1347 1826 quos

238 1863 297 1922 ego
307 1852 421 1904 tanturn
438 1845 542 1907 absum
556 1859 590 1906 ut
603 1847 785 1906 aemuler-aut
792 1846 899 1926 dignos
911 1845 1061 1926 republica
1070 1844 1149 1904 cives
1158 1862 1224 1903 esse
1231 1838 1347 1922 putem,

239 1943 273 1996 ut
292 1935 398 2017 siquis
416 1957 463 1998 me
477 1947 572 2018 roget,
586 1938 644 1998 Dic
662 1939 744 2012 mihi,
758 1949 792 2000 tu
806 1959 876 2000 vero
895 1937 967 2018 quid
986 1937 1136 1999 contulisti
1157 1934 1346 2016 reipublice?

239 2047 408 2108 quanquam
419 2048 534 2110 possem
546 2032 756 2104 Athenienses,
767 2041 798 2092 et
807 2030 991 2092 trierarcbias
1000 2041 1032 2090 et
1046 2029 1168 2090 aedilitia
1180 2047 1305 2088 munera
1318 2037 1348 2087 et
1376 2081 1382 2090 .

238 2122 374 2200 pecuniae
388 2121 560 2183 collationes
574 2133 605 2184 et
618 2113 800 2203 captivorum
818 2122 1033 2203 redemptiones
1054 2131 1084 2182 et
1103 2121 1160 2181 alia
1173 2121 1281 2180 similia
1292 2121 1347 2179 hu·

240 2214 391 2274 manitatis
406 2213 500 2274 officia
514 2235 751 2285 commemorare,
768 2215 837 2275 nihil
851 2227 949 2276 tamen
964 2214 1129 2296 hujusmodi
1144 2214 1280 2286 referam,
1295 2213 1348 2272 sed

233 2307 445 2380 ,leudicamme
456 2309 494 2367 ab
505 2307 563 2367 ista
571 2307 709 2388 gerendae
718 2307 1144 2388 reipublicoeformulaprorsus
1153 2305 1349 2377 abhorruisse,

239 2408 270 2460 et
278 2400 357 2480 qnod
371 2417 439 2460 cum
449 2398 582 2460 fortassis
596 2400 715 2479 etipse,
728 2419 788 2460 non
802 2401 899 2462 minus
912 2420 1000 2479 quam
1015 2401 1072 2473 alii,
1082 2418 1221 2460 accusare
1229 2417 1348 2478 possem

213 2549 216 2560 ,
239 2503 272 2553 et
286 2492 444 2572 gratificari
457 2502 487 2553 et
500 2493 680 2573 proscribere
695 2501 725 2553 et
737 2503 844 2553 caetera
863 2513 929 2573 quoe
944 2493 993 2553 isti
1007 2488 1143 2552 lectitant
1152 2491 1260 2565 facere,
1274 2513 1348 2551 nun-

240 2603 329 2665 quam
343 2605 381 2646 ne
395 2583 435 2644 ad
448 2603 540 2643 unum
551 2584 668 2665 quidem
678 2585 778 2644 talium
791 2586 984 2666 aucupiorum
997 2586 1044 2645 vel
1058 2585 1210 2646 voluntate
1223 2605 1292 2645 mea
1302 2605 1348 2644 me

242 2679 355 2739 contuli
373 2679 422 2739 vel
442 2698 495 2758 spe
508 2677 582 2738 lucri
606 2687 656 2738 aut
674 2679 830 2739 ambitione
845 2699 911 2738 sum
924 2678 1076 2759 impulsus,
1091 2679 1145 2738 sed
1158 2697 1194 2738 ea
1206 2687 1348 2758 perpetuo

241 2771 320 2844 dico,
339 2770 444 2850 quibus
459 2779 578 2849 egomet
598 2771 628 2830 id
642 2789 818 2850 consequor,
832 2781 866 2831 ut
888 2772 984 2832 minus
1008 2773 1086 2852 apud
1099 2777 1153 2832 'vos
1177 2774 1350 2834 auctoritate

203 2899 205 2903 ·
241 2863 355 2924 ualeam
370 2873 401 2924 et
415 2864 521 2944 gratia,
535 2882 624 2941 quarn
638 2864 688 2923 alii
701 2865 794 2936 multi,
808 2876 840 2925 at
856 2883 920 2939 vos,
935 2866 959 2926 si
969 2865 1039 2925 mihi
1053 2866 1273 2938 auscultaretis,
1287 2887 1348 2926 arn-

240 2956 349 3037 pliores
362 2957 487 3018 fieretis:
510 2956 551 3017 sic
560 2958 636 3018 enirn
646 2958 743 3019 dicere
753 2957 878 3018 fortasse
889 2977 949 3019 non
959 2957 1134 3019 invidiosum
1144 2969 1201 3018 est.
1243 2961 1349 3039 Neque

242 3051 313 3112 mihi
324 3051 439 3112 videtur
447 3051 518 3112 boni
529 3051 600 3111 civis
611 3071 677 3112 esse
688 3049 885 3126 officium,eas
897 3053 1034 3133 gerendae
1044 3052 1214 3134 reipublice
1221 3054 1348 3114 rationes

168 3177 172 3184 ·
235 3146 422 3224 excogitare,
434 3165 487 3226 per
507 3163 581 3223 quas
596 3145 694 3204 statim
709 3165 765 3224 ego
782 3146 919 3228 princeps
941 3145 1080 3206 intervos
1094 3146 1282 3220 exsisterem,
1295 3166 1346 3207 ros

242 3238 366 3298 aliorum
381 3238 491 3305 ultimi:
506 3237 566 3297 sed
582 3237 793 3318 rempublicam
806 3257 864 3298 una
878 3257 945 3298 cum
956 3240 1096 3298 bonorum
1108 3239 1214 3300 civium
1225 3241 1348 3302 actioni·
1420 3231 1424 3244 ’

240 3333 298 3391 bus
312 3340 342 3392 et
352 3329 562 3410 gnbematione
572 3332 673 3410 augeri
684 3341 772 3412 atque
784 3331 954 3412 amplificari
962 3332 1059 3406 decet,
1069 3333 1264 3412 omnibusque
1274 3355 1349 3396 seur·

242 3443 294 3504 per
308 3443 367 3482 non
381 3421 529 3495 facillima,
544 3424 597 3483 sed
608 3424 719 3504 optima
733 3423 860 3485 dicenda
871 3435 957 3484 sunt:
979 3443 1047 3484 narn
1062 3425 1113 3485 illo
1127 3435 1232 3486 natura
1245 3439 1348 3509 suopte

241 3525 317 3578 nutu
336 3515 437 3589 fertur,
452 3515 491 3576 ad
503 3515 569 3576 haec
590 3516 661 3577 boni
682 3517 753 3578 ciris
770 3517 938 3597 eloquentia
960 3527 991 3579 et
1010 3518 1146 3580 doctrina
1158 3539 1211 3580 vos
1234 3533 1351 3602 oportet

239 3607 370 3690 provehi.

245 3727 252 3734 ·
283 3701 332 3761 17.
352 3701 421 3762 Janr
432 3699 582 3780 quendam
595 3701 685 3763 etiam
693 3703 756 3762 tale
766 3702 880 3783 aliquid
891 3701 1038 3765 dicentem
1050 3703 1161 3778 audivi,
1172 3725 1220 3765 me
1229 3707 1348 3786 quidem

242 3793 466 3874 semperdicam
481 3793 602 3872 optima,
616 3794 670 3854 sed
681 3795 822 3875 quicquid
836 3817 854 3856 a
867 3817 914 3858 me
922 3799 1126 3877 proficiscatur
1136 3801 1226 3859 verba
1234 3811 1349 3862 tantum

243 3905 319 3959 asse,
329 3907 397 3946 cum
411 3885 547 3965 operibus
562 3883 604 3946 sit'
614 3905 690 3968 opus
704 3887 872 3968 reipublice
891 3900 923 3952 et
935 3891 1050 3950 actione
1069 3892 1178 3971 aliqua.
1220 3893 1291 3972 Ego·
1300 3912 1352 3954 ve·

241 3995 275 4037 ro
285 3978 357 4056 quid
372 3979 410 4037 de
424 3978 469 4039 his
484 3978 619 4051 seutiam,
630 3995 776 4060 exponam
789 3981 872 4043 vohis
886 3992 916 4044 et
929 4003 987 4043 non
1000 3983 1202 4045 dissimulabo.
1245 3987 1351 4068 Neque

241 4071 365 4130 arbitror
378 4070 470 4130 ullum
481 4070 562 4130 aliud
576 4091 651 4153 opus
664 4081 753 4154 atque
767 4076 895 4136 officium
910 4097 976 4138 esse
990 4078 1156 4152 consiliarii,
1171 4077 1226 4140 nisi
1240 4091 1275 4140 ut
1289 4103 1350 4142 rna-

240 4161 318 4221 aime
332 4161 484 4242 profutura
497 4163 589 4225 dicat.
632 4165 671 4226 Et
684 4166 742 4227 hoc
755 4169 798 4228 ita
816 4188 892 4242 esse,
906 4189 953 4230 me
964 4170 1050 4231 facile
1063 4181 1137 4252 puto
1149 4176 1350 4253 probaturum.

241 4253 321 4314 Illud
337 4253 415 4340 enim
427 4254 529 4334 utique
544 4258 635 4330 scitis,
649 4259 837 4320 Timotheum
847 4264 997 4342 quondam
1017 4263 1101 4324 illum
1124 4267 1204 4346 apud
1217 4288 1271 4329 vos
1286 4289 1350 4330 ora·

152 4373 157 4384 =
238 4345 349 4406 tionem
362 4343 504 4407 imbuisse
522 4347 560 4408 de
575 4350 752 4430 adjuvandis
770 4365 801 4413 et
815 4356 1024 4416 conservandis
1039 4358 1265 4434 Euboeensibus,
1282 4365 1349 4422 cum
1388 4393 1391 4402 v

238 4453 291 4500 aos
303 4437 438 4498 Thebani
449 4455 620 4521 oppressum
629 4442 715 4506 irent.
750 4445 843 4527 Cujus
853 4447 918 4510 bec
930 4448 991 4512 iere
1002 4452 1241 4519 verbaiuerunt:
1262 4455 1348 4544 Agite
