2946 4954
476 295 703 365 intensus-
717 295 944 362 ιιιιιιιιιι·
995 359 1000 368 ,
1198 253 1275 364 ιιι
1350 299 1352 304 ·

158 458 248 564 'apud
254 475 307 518 vos
320 456 491 562 honorifica,
501 453 596 517 vobis
596 477 664 518 vero
679 457 764 537 apud
768 451 899 518 Grecos
903 427 1068 520 universos
1088 454 1173 516 Nam
1179 457 1272 562 quisi„

158 553 225 642 q'uis
239 560 370 611 nostrum
381 550 410 610 ιιι
422 550 503 610 alios
512 550 655 610 beneficia
667 550 790 621 confert,
796 553 874 624 1ιἰιιι.
879 547 949 608 facti
960 547 1061 628 'gloria
1067 563 1180 608 nomen
1189 548 1271 612 ciro.

158 647 227 706 tatis
240 633 355 705 fruitur
398 641 582 724 Quapropter
605 645 657 704 illi
670 654 731 704 tum
744 663 811 703 non
805 653 932 702 tuntum
938 644 1121 714 immunitas
1143 643 1262 704 decreta

158 747 215 816 est,
230 737 283 797 sed
297 738 408 817 primus
419 737 485 810 fuit,
500 738 564 814 cui,
574 727 829 839 quemadmodum
832 735 1001 796 Harmodio
1016 744 1056 795 et
1057 735 1260 814 Aristogitoni,

159 847 241 890 aerea
253 840 349 890 statua
362 831 584 892 decernerem
621 820 783 889 Putahant
783 827 875 898 enim,
887 847 954 886 eum
968 827 1018 905 qui
1036 825 1270 890 Lacedaemonia-¹,

158 941 243 982 orum
256 923 408 1026 imperium
418 922 582 997 evertisset,
598 937 659 981 non
672 940 798 1002 parvam
802 919 987 1000 tyrannidem
998 919 1183 979 destruxisse.
1215 919 1271 993 Ut*-

157 1014 248 1093 igitur
270 1014 366 1094 majos
381 1015 464 1093 apud
473 1033 531 1073 vos
547 1014 663 1093 pondus
678 1014 716 1072 sit
728 1011 868 1072 orationis
882 1030 968 1084 mere,
973 1010 1052 1089 mipsa
1067 1020 1259 1102 senatuscon-

157 1107 249 1177 sulta,
263 1115 404 1185 quaetum
416 1106 530 1166 Cononi
545 1107 714 1178 factasunt,
722 1104 805 1166 vohis
818 1105 964 1182 legentur.
1005 1101 1141 1162 Recita.
1210 1119 1213 1124 ·
1252 1135 1260 1152 ι

356 1401 358 1410 ¹
494 1321 926 1432 ssusrosconsnnrs

159 1477 277 1556 Neque
279 1495 349 1537 vero
362 1497 380 1538 a
393 1479 476 1538 robis
497 1477 591 1538 solum
606 1436 700 1548 Cone,
715 1427 924 1546 Atheniensem
935 1485 997 1535 tum
1016 1423 1190 1566 honoratus
1201 1487 1261 1549 est,

156 1569 215 1648 illis
235 1571 321 1630 rebus
335 1561 424 1649 gestis
438 1581 524 1649 quas·
533 1571 676 1640 recensui,
692 1569 745 1628 sed
767 1589 785 1628 a
806 1567 906 1629 multis
930 1568 1018 1627 etiam
1040 1569 1114 1640 aliis,
1128 1561 1177 1648 qui
1192 1570 1274 1648 joret¹

156 1653 315 1742 putabant,
342 1663 466 1742 gratiam
490 1663 609 1743 iflfspro
633 1663 763 1742 acceptis
792 1661 941 1722 beneficiis
970 1679 1035 1726 esse
1062 1662 1257 1722 referendamt

157 1753 258 1830 Quare
272 1766 358 1835 turpe
371 1767 427 1828 est,
436 1743 641 1826 Athenienses,
652 1755 778 1815 honores
793 1756 829 1814 ab
844 1753 908 1816 aliis
922 1753 949 1812 ei
959 1753 1079 1817 habitos
1090 1763 1169 1814 ratos
1179 1769 1257 1829 esset

155 1857 287 1907 vestrum
296 1869 365 1908 vero
375 1849 471 1908 solum
481 1849 602 1934 eieripis
621 1848 684 1908 Nec
694 1847 766 1908 iliud
776 1839 1173 1919 honestum,uirentemeum
1183 1849 1273 1914 tanti,

142 1939 273 2011 fecisse,
282 1951 316 2000 ιιι
325 1943 366 2000 ιιι
372 1942 625 2020 quemadmodum
639 1941 769 2002 auditum
782 1949 837 2012 est,
846 1941 1005 2000 ornaretis:
1019 1951 1175 2020 postquam
1189 1953 1276 2003 vero.

157 2042 291 2092 mortuus
305 2044 360 2120 est,
370 2035 488 2094 oblitos
481 2053 592 2094 eorum
606 2035 747 2103 omnium,
759 2031 867 2110 aliquid
882 2051 918 2090 ex
928 2032 996 2090 illis
993 2052 1064 2110 quae
1076 2043 1138 2092 tum
1152 2035 1271 2096 eidam.

157 2134 239 2196 sunt}
252 2115 372 2204 eripere.
398 2126 556 2186 Nemeum
572 2129 609 2186 ab
625 2138 660 2186 eo
674 2125 767 2184 multa
780 2124 867 2183 laude
888 2123 989 2201 digna
1002 2133 1086 2203 gesta
1108 2126 1180 2197 sint,-
1177 2146 1257 2230 ·pro

156 2227 233 2297 pter
236 2234 302 2296 quae
310 2219 412 2278 omnia
425 2239 484 2278 non
498 2219 642 2291 convenit,
654 2217 738 2277 datas
750 2216 793 2276 illi
803 2216 987 2278 donationes
987 2216 1113 2284 toflere;
1129 2219 1273 2278 omnium,

155 2311 383 2388 pulcherrimum
396 2322 451 2381 est,
467 2311 649 2372 instauratio·
660 2309 808 2368 moenium.
852 2307 886 2366 Id
900 2307 980 2384 quod
990 2308 1062 2370 inde
1071 2309 1223 2383 ..·cernitur,·
1233 2310 1258 2370 si

155 2403 222 2481 quis
236 2403 377 2472 conferat,
390 2405 538 2482 quomodo
551 2402 774 2484 ihemistocles,
786 2401 828 2460 vir
839 2400 968 2458 omnium
982 2402 1076 2460 aetatis
1097 2421 1158 2460 suoe
1179 2395 1258 2463 cele-³
1271 2459 1275 2468 ,

156 2489 311 2568 berrimus,
324 2496 394 2554 iilud
408 2497 503 2576 ipsum
514 2496 676 2602 perfecerit
699 2495 774 2552 Eum
786 2493 873 2572 igitur
884 2494 983 2552 ferunt
992 2492 1117 2554 edixisse
1131 2495 1258 2568 civibus,

156 2595 192 2645 ιιι
205 2589 314 2647 moenia
326 2585 482 2658 struerent
498 2599 537 2660 et,
559 2588 583 2647 si
597 2587 900 2665 quisfacedaemone
904 2585 1042 2662 venisset,
1057 2607 1124 2654 eum
1146 2587 1259 2648 detine·

156 2689 224 2739 rent
226 2681 341 2760 ,ipsum
353 2682 391 2740 ad
406 2677 644 2766 Lacedaemonios
659 2680 790 2768 legatum
805 2677 931 2737 abiisse:
946 2697 1088 2740 cumrero
1099 2679 1158 2740 illic
1168 2683 1259 2742 verba

153 2769 280 2842 fierent,
270 2783 317 2834 et
326 2773 447 2852 quidam
457 2774 640 2841 nunciarent
658 2761 864 2830 Athenienses
861 2789 982 2830 moenia
989 2780 1110 2842 struere
1115 2765 1257 2870 negasse,

79 2893 82 2898 ·
155 2873 251 2942 utque
260 2865 373 2950 legatos
387 2887 428 2926 rer
420 2865 630 2946 explorandos
644 2877 741 2924 causa
745 2884 785 2922 mr
787 2861 895 2925 tterent
904 2863 1044 2942 jussisser
1054 2865 1112 2924 rlhs
1120 2883 1273 2926 veronon,
1318 2917 1325 2925 .
1362 2929 1369 2934 ,

155 2959 378 3029 revertentibus,
389 2960 584 3018 monuissent
595 2958 667 3016 alios
681 2957 875 3015 mitterent--
886 2954 981 3013 -Sed
1004 2972 1107 3020 omnes
1124 2959 1257 3019 fortassis

157 3047 322 3125 andrunnun,
330 3051 477 3128 quomodo
498 3037 735 3110 Lacedaemonios
750 3046 903 3124 decepisse
922 3045 1070 3106 dicatur.
1089 3048 1197 3128 Ego'„
1163 3049 1279 3110 sotter

151 3141 203 3200 'aio
203 3161 356 3219 ,—quseso
371 3152 479 3212 autem,
488 3141 697 3212 Athenienses,
707 3159 744 3198 ne
757 3137 902 3196 invidiosa
916 3131 1055 3199 sitoratio
1070 3159 1146 3214 mea,
1157 3139 1222 3202 sed
1227 3145 1257 3204 id
1271 3179 1277 3203 ‚s
1307 3213 1313 3224 ⁹

155 3241 318 3312 spectetur,
328 3253 365 3290 an
374 3253 443 3292 vera
456 3234 658 3311 siti-quanto
672 3229 782 3308 aliquid
793 3239 892 3308 aperte
900 3249 987 3307 quam
996 3225 1087 3304 clam,
1087 3241 1125 3290 et
1136 3234 1258 3297 victoria·
1361 3282 1366 3290 ,

155 3343 246 3412 quarn
256 3325 359 3385 fraude
372 3327 522 3404 perficere,
536 3324 705 3404 praeclarius
718 3327 774 3393 e'st,
790 3332 871 3381 tanto
885 3322 1013 3400 pulcrius
1024 3311 1174 3387 Cononem
1185 3345 1257 3390 con·
1323 3348 1325 3354 ’

153 3406 269 3476 didisse
288 3419 393 3478 moenia
414 3439 501 3496 quam
525 3415 767 3476 Themistoclem.
796 3414 867 3475 -Hic
882 3414 959 3472 enim
982 3416 1193 3496 ignorantibus,
1207 3423 1256 3484 ilfe
1353 3500 1355 3504 .

154 3509 242 3578 victis
255 3511 290 3569 iis
305 3513 353 3588 qni
368 3511 538 3590 prohibituri
553 3520 645 3582 erant,
659 3509 716 3568 hoc
729 3507 836 3568 effecit.
869 3507 946 3566 Non
953 3508 1156 3587 rgrturdeeet
1166 3517 1254 3576 talem
1270 3561 1275 3570 ,

154 3603 250 3662 virum
261 3605 366 3683 injuria
379 3626 396 3666 a
408 3605 491 3664 vobis
506 3605 592 3675 affici,
607 3611 658 3663 ant
676 3601 770 3661 minus
788 3600 866 3679 apud
882 3618 936 3660 vos
950 3603 1047 3664 valere
1060 3625 1153 3683 quam
1161 3619 1257 3668 orato

153 3713 216 3772 res,
228 3717 277 3775 qur
270 3691 369 3758 vobis
383 3683 561 3778 persuadere
570 3695 695 3766 volunt,
703 3693 813 3814 aliquid
827 3693 1017 3756 auferendum
1033 3708 1109 3767 esse,
1122 3698 1201 3774 quod
1214 3701 1256 3760 illi

153 3791 404 3872 conoessumsit.
488 3824 492 3834 ⁴
542 3828 544 3831 -
843 3807 855 3826 ²⁴
931 3815 934 3829 ·
1073 3825 1074 3828 ι
1159 3831 1161 3836 -
1190 3814 1192 3818 ’
1249 3799 1255 3832 ⁵

198 3883 247 3940 1..7
268 3883 323 3942 An
331 3899 400 3942 vero
416 3883 630 3962 permittemus,
642 3891 676 3940 ut
689 3880 826 3941 Chabrire
841 3881 900 3941 filio
921 3881 1086 3942 immunitas
1105 3883 1256 3990 eripiatur,

153 3975 285 4052 qoamei
298 3980 400 4054 pater
388 3995 483 4051 Jurea
496 3976 579 4035 vobis
597 3984 754 4054 acceptam
774 3975 919 4052 reliquitt
930 3975 981 4032 sed
997 3975 1156 4036 neminem
1176 3977 1280 4040 saum.
1309 4031 1314 4040 .

150 4069 263 4128 mentis
283 4068 430 4129 hominem
446 4069 507 4128 fore
526 4068 670 4140 existimo,
684 4089 783 4152 qur
727 4067 781 4126 'fd
792 4077 903 4126 rectum
916 4081 987 4124 esse
995 4067 1140 4130 censeat.
1169 4071 1258 4134 Scitne
1278 4117 1279 4120 ,

150 4159 299 4234 foftassis,
322 4157 426 4222 etiam
433 4162 498 4222 sine
519 4181 588 4220 mea
606 4161 756 4231 oratione,
753 4142 964 4246 praestantem
967 4157 1059 4218 virum
1074 4161 1173 4224 fuisse
1179 4153 1258 4226 cha-

149 4253 267 4314 briam:
280 4253 370 4312 nihil
376 4263 474 4314 tamen
488 4253 631 4334 prohibet,
651 4267 706 4312 me
719 4269 854 4330 quoque
847 4259 923 4311 res·
920 4249 991 4329 ejus
1014 4259 1113 4330 gestas
1134 4257 1259 4316 hreiiter
1286 4305 1287 4308 ¹

148 4339 342 4425 ‘attingeretv
339 4331 470 4416 Quem
463 4347 549 4454 ιξιιιιι
563 4345 609 4405 ιιι·
611 4333 752 4417 modurn,
758 4363 825 4403 cum
834 4360 892 4407 vos
907 4341 969 4421 ejus
981 4343 1073 4404 ductu
1078 4347 1258 4421 militaretis’

151 4439 205 4497 ad
208 4438 328 4500 Thebes
353 4459 426 4501 cunr
444 4440 599 4501 universis
609 4437 915 4518 Peloponne'sensibus
923 4436 1091 4519 dimicarit,
1098 4459 1170 4519 quoa
1165 4451 1258 4519 pacto
