2886 4946
190 317 246 406 roo
603 337 605 342 ,
636 313 844 374 nunciare.

189 471 269 534 sium,
277 470 404 538 adeoque
417 469 502 522 totius
520 467 644 532 Graeciae,
657 469 749 532 gestas
757 467 848 521 dicere
864 467 1026 535 aggreditur.
1064 465 1144 520 Statu
1156 462 1286 524 Graeciae,

189 551 277 621 qualis
287 551 376 618 suerit,
390 566 452 603 cum
464 551 523 618 ipse
534 549 568 601 ad
578 547 766 616 gubernacula
774 547 933 617 reipublicae
944 548 1097 612 accederet,
1109 545 1286 615 exposito‚ut

188 634 307 703 Philippi
317 631 438 686 consssiis
445 631 519 684 omni
527 646 579 699 ope
588 630 741 699 viriumque
755 628 931 683 contentione
942 629 1105 693 resisterent,
1118 645 1177 682 sese
1189 627 1286 680 cirita·

188 715 224 767 tis
233 717 262 767 et
271 714 398 782 dignitati
409 717 438 766 et
449 711 531 767 saluti
542 711 736 766 convenienter
747 712 864 766 suasisse
876 712 899 782 t.
911 716 945 766 la
956 713 1094 779 tin-22,
1105 726 1158 764 nec
1169 710 1225 763 suis
1238 709 1285 763 de·

188 796 278 860 cretis,
292 797 339 850 sed
349 795 468 865 Philippi
481 793 638 847 dominandi
649 789 755 848 libidini
767 795 842 862 pacis
850 793 945 849 solutae
954 811 1066 848 causam
1075 795 1285 862 osseimponen-

190 878 254 931 darn
266 877 288 945 ξ.
300 881 344 931 23.
356 893 421 930 cum
431 877 544 945 planum
559 874 685 938 ieeisset;
697 873 771 942 inde,
783 876 895 929 Euboea
906 876 1028 942 liberata,
1039 892 1139 930 corona
1150 891 1179 927 se
1192 891 1209 926 a
1219 873 1285 926 eivi-

189 964 254 1026 tote,
266 960 289 1028 ξ.
300 963 415 1014 24-26,
426 959 530 1012 auxilio
540 955 693 1010 secundnm
703 957 869 1011 decretusne
880 958 1019 1025 Byzantiis
1030 961 1058 1011 et
1069 958 1237 1011 Cherroneso
1246 957 1286 1009 la-

189 1048 227 1108 to,
239 1042 377 1096 civitatem
389 1042 476 1110 ipsam
488 1055 504 1091 a
516 1039 629 1093 servatis
648 1056 706 1093 esse
724 1043 846 1093 ornatam
859 1039 882 1107 ξ.
898 1043 941 1092 2⁷.
959 1039 1196 1108 Atheniensesque
1212 1041 1286 1090 utre

189 1141 251 1194 que,
263 1124 387 1193 quamvis
404 1137 456 1176 nee
467 1122 641 1176 Enboeenses
655 1137 706 1176 rec
723 1121 849 1189 Byzantii
867 1121 937 1176 banc
948 1125 1054 1176 tantam
1070 1137 1121 1194 pro
1135 1119 1286 1175 malefactis

188 1208 244 1260 suis
253 1206 367 1273 gratiam
380 1205 550 1268 meruissent,
559 1205 640 1257 moris
650 1204 752 1273 antiqui
762 1220 894 1258 memoras
903 1203 1059 1272 reipublicae
1067 1203 1217 1272 gloriaeque
1226 1219 1285 1255 suae

183 1288 267 1357 juxta
279 1286 446 1340 consuluisse
464 1285 624 1356 §.as-29,
636 1292 838 1338 commemorat.
874 1285 929 1338 His
945 1286 1033 1352 iactis,
1043 1285 1169 1351 consiliis,
1183 1285 1285 1340 meritis

187 1367 885 1438 inrempublieam.quantumlaudisdeataturernm
893 1366 1287 1421 maritimarumcivitatiseon·

187 1449 443 1508 vulsorestituendo
455 1453 483 1502 et
494 1449 665 1503 emendando
677 1452 813 1516 meruerit,
826 1451 848 1518 ξ.
860 1454 974 1505 30-31,
986 1449 1286 1520 subjungit—Deinde

189 1535 404 1606 Ctesiphontem,
415 1532 490 1603 quod
502 1549 541 1600 se,
554 1533 703 1588 rationibus
715 1549 771 1586 non
782 1535 882 1598 relatis,
893 1533 1045 1590 ornandum
1064 1535 1209 1598 censuerit,
1221 1549 1287 1590 con·

189 1621 231 1670 tra
241 1620 316 1686 leges
325 1617 466 1686 scripsisse
476 1620 568 1684 negat.
606 1605 667 1670 Sibi
673 1617 746 1670 enim
757 1617 792 1668 ob
805 1633 940 1670 summam
950 1617 1033 1670 tunm
1044 1617 1210 1670 talentorum
1222 1632 1288 1670 cen-

187 1703 302 1769 tumque
312 1701 447 1753 minarum
458 1699 493 1751 de
504 1714 555 1752 suo
563 1699 667 1752 civitati
677 1699 748 1752 ultro
756 1700 907 1768 impensam
920 1715 1049 1753 coronam
1058 1700 1205 1766 decretam,
1214 1701 1289 1757 aliis·

188 1797 243 1850 que
255 1781 290 1834 ob
299 1781 373 1834 idem
385 1781 512 1834 meritum
523 1781 641 1833 eundem
652 1780 779 1834 bonorem
791 1797 851 1835 esse
866 1779 996 1839 habitum,
1006 1781 1029 1850 ξ.
1041 1783 1288 1838 32-35.-Τεῐΐίο

187 1863 258 1929 loco,
271 1863 423 1916 donationis
433 1862 517 1932 hujus
530 1863 749 1930 praedicationem
759 1865 787 1916 in
798 1863 903 1918 theatro
910 1865 966 1920 fieri
980 1867 1206 1934 passalegecum
1215 1873 1288 1920 esset

189 1947 332 2016 probatum
344 1946 366 2014 ξ.
381 1950 435 2010 36.,
447 1949 476 1998 et
486 1945 681 2004 maledicentia
692 1947 836 2000 adversarii
848 1948 998 2012 incusatur,
1009 1951 1038 2000 et
1057 1947 1160 2002 hostilis
1179 1948 1242 2016 ejus
1257 1949 1287 2006 iu

189 2026 302 2095 patriam
313 2029 420 2080 errimus
432 2027 482 2081 hac
494 2029 554 2095 ipsa
566 2029 742 2082 accusatione
754 2029 877 2097 arguitur
889 2030 912 2098 i.
925 2034 1040 2084 37—38.

225 2109 317 2163 Causa
325 2109 515 2178 Ctesiphontis
524 2115 656 2179 perorata,
665 2117 698 2165 ut
709 2112 847 2166 AEscbinis
859 2115 939 2169 tidem
959 2130 1068 2168 omnem
1079 2114 1236 2183 famamque
1248 2115 1286 2167 la-

189 2192 352 2264 befactatam
365 2193 474 2260 penitus
486 2193 659 2258 convelleret,
671 2209 755 2263 seque
768 2194 856 2262 ipsum
865 2195 995 2264 judicum
1007 2195 1106 2251 animis
1118 2198 1205 2264 magis
1224 2198 1287 2251 insi·

189 2278 295 2340 noaret,
304 2274 340 2327 ad
351 2275 559 2328 insectationem
572 2275 718 2330 adversarii
730 2266 899 2346 digreditur.¹
926 2279 1016 2342 Quam
1036 2278 1147 2350 quidem
1159 2280 1287 2334 orationis

188 2360 293 2424 partem
311 2357 378 2410 mira
394 2356 513 2426 quadam
535 2361 591 2409 arte
610 2358 650 2410 ita
661 2359 815 2428 composuit
827 2365 929 2425 auctor,
942 2365 974 2413 ut
986 2359 1135 2414 malefactis
1146 2362 1286 2416 AEschinis

188 2454 240 2492 sua
253 2439 404 2502 benefacta,
416 2438 476 2505 ejus
487 2438 561 2491 vitiis
572 2455 636 2492 suas
647 2440 760 2492 virtutes
777 2445 907 2510 opponat,
926 2459 981 2511 que
995 2441 1062 2496 nibil
1075 2444 1110 2497 ad
1122 2443 1228 2497 animos
1241 2445 1287 2517 ju·

188 2520 281 2574 dicam
290 2521 440 2574 movendos
450 2520 666 2590 excitandosque
675 2521 810 2576 efficacius
820 2524 933 2590 cogitari
943 2528 1041 2594 potest.
1073 2525 1196 2594 Exponit
1206 2529 1289 2592 enim,

190 2601 346 2666 AEschines,
357 2606 434 2670 patre
453 2617 538 2666 servo,
557 2607 642 2655 matre
658 2603 825 2672 nequissima
842 2609 931 2670 natus,
943 2622 1026 2675 quarn
1038 2607 1144 2674 ingrato
1156 2607 1249 2659 animo
1260 2613 1290 2662 et

189 2683 365 2752 Antiphontis
377 2688 460 2752 atque
473 2682 606 2749 Pythonis
616 2683 768 2752 patrocinio
776 2692 804 2740 et
814 2684 934 2740 Anaxini
946 2687 1064 2740 amicitia
1073 2689 1168 2742 contra
1180 2705 1290 2758 rempu-

190 2766 288 2819 blicam
301 2765 395 2818 fecerit
413 2764 435 2831 ξ.
454 2767 581 2828 39-43.ι
591 2769 677 2838 utque
694 2766 757 2820 belli
768 2766 969 2834 Amphissensis
982 2769 1133 2822 concitator
1150 2775 1178 2822 et
1194 2776 1290 2826 auctor

189 2847 314 2918 Philippo
324 2847 397 2900 viam
408 2845 437 2899 in
451 2845 587 2898 Graeciam
596 2847 762 2916 irrumpendi
773 2848 954 2918 Elateamque
965 2850 1117 2918 occupandi
1128 2853 1291 2919 patefecerit

188 2931 213 3000 5.
226 2934 350 2994 44-62.,
363 2931 421 3000 ipse
433 2932 535 2994 contra,
548 2928 600 2982 lroc
617 2945 706 2982 rerum
724 2935 796 2998 statu
806 2929 1018 2984 Atheniensibus
1033 2933 1061 2985 in
1074 2949 1181 2986 summo
1194 2919 1291 2992 discriss

189 3013 262 3068 mine
274 3012 453 3077 versantibus,
465 3027 546 3080 quam
555 3013 662 3078 egregie
673 3012 707 3066 de
720 3029 826 3066 summa
838 3029 866 3065 re
877 3015 989 3082 publiea
997 3015 1134 3082 meruerit,
1146 3019 1174 3070 vl
1190 3021 1290 3074 oratio-

191 3097 232 3150 nis
244 3113 302 3150 suae
313 3094 507 3165 pervincendo,
518 3098 550 3146 ut
562 3099 591 3148 et
603 3095 730 3160 Athenis,
742 3111 879 3148 armorum
902 3097 1058 3152 societatem
1072 3115 1137 3151 cum
1148 3093 1291 3158 Thebanis

189 3169 534 3247 propere'cocjungendam
548 3190 616 3239 esse,
632 3174 822 3229 decerneretur
834 3175 857 3244 ς.
869 3179 1101 3247 52-55.-quam
1116 3182 1229 3249 quidem
1247 3201 1290 3246 ra·

190 3262 304 3326 tionem,
319 3261 400 3328 longe
419 3261 550 3327 optimam
565 3259 660 3325 visam,
671 3275 761 3328 neque
774 3276 848 3313 nune
859 3265 923 3329 post
940 3266 1067 3316 eventurn
1080 3263 1289 3333 improbandam

121 3378 124 3386 .
191 3359 261 3408 esse,
273 3345 301 3394 et
313 3348 380 3405 turn,
392 3342 500 3394 etiamsi
516 3357 611 3395 omnes
622 3343 693 3396 mala
704 3342 798 3396 futura
809 3341 1007 3412 praevidissent,
1025 3346 1179 3414 eligendam
1197 3349 1289 3416 fuisse,

191 3426 212 3494 ξ.
227 3428 342 3478 bii-60.
356 3425 486 3491 praeclare
498 3424 730 3477 demonstrat-et
740 3423 872 3490 Thebani,
882 3426 916 3478 ad
929 3443 997 3496 quos
1006 3427 1169 3496 legationem
1184 3431 1290 3502 obierit,

191 3510 220 3561 in
232 3511 324 3577 partes
337 3504 543 3558 Atheniensium
563 3506 814 3573 transgrederentur
829 3506 852 3575 ς.
864 3511 980 3562 61-62.
1017 3509 1100 3564 Unde
1116 3529 1179 3580 quae
1197 3511 1293 3582 gloria,

190 3607 254 3662 quae
264 3587 361 3642 laetitia
372 3587 401 3640 in
414 3587 551 3642 civitatem
561 3588 730 3651 redundarit,
743 3591 881 3659 quomodo
891 3587 1026 3659 Thebani,
1038 3591 1177 3662 quomodo
1191 3596 1292 3668 Philip-

191 3689 243 3741 pus
251 3673 365 3724 atl'ectus
374 3668 464 3734 fuerit,
475 3669 498 3736 ξ.
507 3674 621 3723 63-64.
630 3671 754 3738 legimus,
762 3676 849 3742 utque
857 3673 914 3742 ipse
926 3677 985 3726 turn
995 3690 1095 3728 corona
1103 3676 1138 3728 ob
1147 3681 1226 3731 tanta
1235 3695 1293 3732 me·

193 3755 245 3808 rita
252 3753 364 3824 publice
376 3757 488 3806 ornatus
499 3752 546 3816 sit,
556 3751 687 3806 AEschine
701 3769 763 3808 eum
776 3770 831 3808 non
846 3761 1001 3820 accusante,
1015 3758 1063 3825 qui
1074 3774 1149 3812 nunc
1165 3761 1200 3813 de
1209 3762 1295 3821 ‚laudo

192 3835 260 3903 ejus,
268 3835 315 3904 qul
324 3840 367 3888 tot
374 3833 472 3900 socios,
482 3833 656 3900 totpraesidia
663 3833 877 3890 Atheniensibus
885 3839 1093 3908 comparaverit,
1103 3843 1235 3896 malitiose
1245 3844 1294 3898 de-

192 3915 297 3970 trabere
309 3917 466 3984 contendat,
476 3916 498 3986 §.
508 3920 623 3970 65-69.
660 3916 735 3970 Exin
747 3934 844 3973 causas
856 3920 1013 3988 accipimus,
1026 3938 1075 3976 cur
1082 3928 1110 3975 et
1116 3924 1217 3995 iniquis
1227 3943 1294 3979 eon·

193 4000 341 4052 ditionibus
351 4002 465 4055 societas
474 4017 538 4054 cum
549 3999 697 4064 Thebanis,
704 4000 853 4068 Byzantiis,
866 4006 894 4055 et
906 4002 1113 4059 Euboeensibus
1125 4009 1162 4060 sit
1172 4010 1254 4074 iacta,
1264 4015 1294 4064 et

193 4084 358 4164 Philippum,
371 4087 506 4151 omnibus,
516 4102 580 4155 quae
598 4084 656 4138 fieri
671 4087 819 4154 potuerint,
830 4087 944 4141 tentatis
955 4092 984 4140 et
995 4091 1078 4158 ausis,
1088 4092 1148 4160 ipse
1159 4094 1235 4148 solus
1246 4095 1295 4148 de·

192 4167 304 4220 vincere
314 4167 477 4234 nequiverit,
486 4169 509 4236 i.
522 4171 651 4232 70-7a.;
662 4167 747 4221 nihilo
756 4170 844 4224 minus
854 4174 945 4225 minen
953 4173 1086 4242 populum
1094 4163 1293 4234 Atheniensem

194 4248 351 4302 mirabiliter
363 4247 397 4300 de
407 4264 448 4310 eo,
460 4249 573 4318 ejusque
584 4251 664 4305 rebus
676 4252 758 4318 gestis
771 4260 833 4322 post
845 4254 974 4321 proelium
991 4256 1027 4308 ad
1042 4256 1220 4312 Chaeroneam
1230 4275 1294 4314 sen-

192 4332 268 4396 sisse,
280 4331 302 4400 §.
311 4331 425 4386 74-75.
461 4329 524 4407 dam
535 4331 670 4386 fortunam
681 4335 864 4400 civitatis,boc
876 4335 959 4390 totius
968 4338 1039 4391 orbis
1048 4342 1122 4393 statu
1133 4341 1292 4410 miserrimo,

195 4413 260 4465 satis
272 4415 370 4468 bonam
382 4427 592 4480 prosperamque
600 4415 652 4468 dici
662 4431 822 4486 posse,cum
835 4419 974 4474 docuisset
986 4419 1009 4488 ξ.
1019 4425 1064 4478 76.
1075 4421 1111 4476 ad
1121 4439 1198 4480 suam
1207 4415 1293 4494 ipsius
