2886 4946
222 293 278 384 roc
310 279 314 288 ’
446 233 710 350 oasrro'ruo
732 279 1078 350 msessoeonrrrs.

217 445 318 505 lirino:
340 442 393 503 sed
415 442 515 504 hostes
535 444 621 505 nobis
639 443 701 505 fore
721 443 971 528 Lacedaemonios,
995 443 1019 503 si
1038 460 1116 502 nunc
1136 437 1305 500 societatem

217 557 285 596 cum
300 535 461 596 Arcadibus
474 538 524 614 qui
542 537 627 597 amici
646 538 728 598 nobis
742 557 807 598 esse
823 536 925 597 volunt
943 534 1106 604 coierirnus,
1120 532 1201 592 dictu
1222 531 1305 593 nefas

217 627 286 688 solis
298 627 353 686 illis
367 647 433 687 esse
449 638 530 706 puto,
544 629 593 707 qui
612 629 696 689 nobis
710 647 889 708 persuasere,
902 637 936 686 ut
949 623 1175 685 Lacedaemoniis
1193 623 1305 702 pericli·

156 745 159 752 ·
182 733 185 738 “
216 719 345 779 tentibus
366 721 593 780 subveniremus.
614 720 689 779 Nam
703 721 767 776 haec
782 720 831 794 qui
845 719 946 776 dicunt
958 725 1091 776 auctores
1110 715 1201 787 inere,
1216 731 1306 792 quum

215 831 318 880 ornnes
333 811 570 888 Peloponnenser
585 811 644 868 huc
659 809 816 876 venissent,
831 808 922 869 ductu
935 819 965 868 et
981 805 1118 886 auspiciis
1131 807 1232 866 vestris
1247 807 1306 868 La·

217 903 411 964 cedoemonio's
434 901 639 981 oppugnaturi,
664 910 698 959 ut
717 909 748 960 et
765 899 831 960 illos
858 900 1185 980 repudiaremus—qua
1207 898 1248 958 illi
1268 899 1305 958 de

217 1015 318 1066 causa,
330 994 360 1052 id
369 993 448 1071 quod
463 993 505 1052 eis
519 1002 582 1053 erat
595 992 745 1072 reliquum,
759 992 798 1052 ad
811 991 963 1052 Thebanos
978 1010 1009 1050 se
1029 989 1263 1065 contulerunt-,
1277 1000 1307 1052 at

217 1066 472 1165 proincolnmitale
480 1083 763 1143 Lacedaemoniorum
773 1083 929 1167 nonmodo
937 1082 1092 1162 pecuniam
1100 1080 1306 1157 conferremus,

219 1177 273 1236 sed
286 1176 374 1236 vitam
389 1178 474 1236 etiam
489 1185 617 1234 nostram
638 1174 668 1234 in
689 1174 843 1235 discrimen
857 1175 1079 1235 adduceremus.
1100 1174 1189 1252 Atqui
1201 1193 1240 1234 ne
1254 1194 1306 1236 vos

218 1269 336 1346 quidem
349 1289 399 1329 eos
412 1287 525 1328 servare
537 1267 714 1337 voluissetis,
729 1267 756 1326 si
768 1267 825 1327 hoc
838 1267 919 1326 vobis
932 1277 1000 1326 anta
1013 1267 1153 1327 dixissent
1165 1267 1222 1338 isti,
1236 1287 1307 1328 con-

216 1371 345 1420 servatos
356 1381 415 1434 eos,
429 1361 485 1420 nisi
498 1378 613 1420 omnem
626 1361 773 1421 licentiam
787 1361 894 1420 daretis
908 1361 1005 1420 denuo
1018 1359 1146 1420 faciendi
1163 1379 1228 1438 quae
1248 1361 1307 1420 vel·

218 1453 281 1512 lent
294 1462 324 1512 et
337 1453 498 1531 grassandi,
512 1451 622 1512 nullam
634 1453 671 1512 de
685 1465 808 1532 accepta
816 1452 911 1512 sulute
922 1453 1043 1531 gratiam
1054 1451 1137 1512 vohis
1147 1450 1306 1514 habituros.

214 1543 283 1602 -lmo
296 1534 409 1604 etiarhsi
423 1545 575 1604 conatibus
586 1544 872 1628 Lacedaemoniorum
885 1546 1070 1605 vehementer
1082 1545 1237 1604 adversum
1253 1555 1306 1619 est,

217 1634 352 1696 Arcades
376 1637 404 1694 i'n
419 1637 588 1696 societatem
611 1645 739 1696 nostram
758 1637 864 1716 recipi;
885 1636 970 1696 decet
984 1647 1080 1696 minen
1101 1655 1151 1696 eos
1171 1642 1307 1712 majorem

220 1727 303 1788 nobis
317 1728 424 1787 habere
439 1729 570 1806 gratiam,
582 1748 635 1808 pro
648 1747 683 1788 eo
699 1729 778 1808 quod
799 1729 829 1788 in
849 1728 968 1788 summis
987 1747 1041 1809 ope
1057 1739 1154 1788 vestra
1171 1730 1306 1807 periculis
1337 1727 1344 1756 ²

218 1820 380 1880 conservati
393 1830 470 1892 sunt,
481 1840 567 1898 quam
578 1831 727 1900 propterea
738 1841 815 1882 nunc
824 1821 908 1881 irasci
919 1821 998 1899 quod
1011 1821 1126 1881 illorum
1135 1821 1245 1900 injuriis
1255 1824 1306 1882 ob-

219 1912 338 1974 sistatis.
360 1914 428 1980 Quo
445 1922 531 1992 pacto
541 1914 627 1992 igitur
639 1933 694 1974 nos
708 1915 745 1972 ad
760 1913 891 1994 Oropum
910 1914 1138 1992 recuperandum
1150 1933 1213 1974 non
1223 1915 1305 1994 juva-

219 2005 301 2077 bunt,
314 2005 370 2064 nisi
387 2005 515 2065 omniurn
528 2005 691 2066 mortalium
705 2005 889 2085 ingratissimi
902 2023 968 2066 esse
985 2004 1097 2070 velint?
1115 2005 1146 2064 id
1159 2007 1305 2086 quod'ego

218 2099 383 2159 mehercule
397 2119 456 2158 non
468 2099 564 2158 video.

260 2194 290 2249 5.
309 2191 386 2250 Jamv
399 2211 448 2251 eos
462 2210 576 2270 quoque
598 2191 720 2251 demiror
733 2193 783 2270 qui
803 2209 923 2252 causam
944 2192 1020 2250 hanc
1032 2203 1203 2271 praetexunt,
1218 2193 1306 2252 videri

218 2291 348 2354 nostram
358 2282 515 2354 civitatem,
528 2283 655 2342 ineunda
669 2303 736 2343 curn
749 2283 912 2343 Arcadibus
926 2284 1066 2343 societate
1077 2283 1162 2344 ethis
1175 2285 1306 2362 agendis,

218 2374 422 2434 inconstantiae
445 2384 476 2434 et
497 2374 625 2454 perfidiae
644 2375 809 2454 opinionem
821 2393 823 2400 ·
835 2375 1006 2435 subituram:
1026 2374 1095 2435 mihi
1108 2376 1197 2448 enim,
1214 2378 1306 2438 Athe-

219 2466 346 2538 aienses,
359 2467 532 2527 contrarium
542 2467 663 2528 videtur.
706 2468 786 2527 Curi
806 2469 875 2547 q'uia
887 2469 1033 2529 neminem
1046 2469 1174 2530 omniurn
1184 2481 1307 2549 negatu-

220 2579 284 2618 rum
298 2559 428 2631 arbitror,
442 2568 573 2620 anostra
592 2561 705 2620 urhe'et
718 2559 957 2621 Lacedaemonios
968 2570 999 2621 et
1014 2561 1095 2640 prius
1108 2560 1267 2623 Thebanos
1279 2575 1307 2624 ct

219 2659 366 2729 postremo
381 2653 559 2712 Euboeenses
579 2665 775 2726 conservatos,
788 2664 819 2713 et
832 2661 934 2733 postea
946 2653 976 2712 in
995 2654 1164 2715 societatem
1177 2665 1307 2736 receptos

116 2779 119 2785 -
220 2761 298 2812 esse,
318 2761 407 2821 quum
430 2744 548 2822 quidem
568 2765 660 2806 unum
681 2757 712 2806 et
732 2746 811 2806 idem
830 2765 943 2826 semper
955 2755 1107 2826 spectaret
1148 2747 1227 2806 Illud
1240 2761 1307 2810 ver'o

220 2834 359 2915 quidnam
373 2837 439 2896 esti
459 2848 492 2897 ut
512 2856 664 2916 oppressos
686 2839 796 2919 injuriis
820 2837 943 2918 erigeret
956 2858 991 2898 ac
1003 2847 1140 2900 tueretur.
1181 2841 1271 2907 Quod
1285 2844 1308 2903 si

220 2926 332 2998 itaest,
343 2948 401 2988 non
417 2930 477 3009 jam
492 2928 616 2990 levitatis
630 2931 739 2990 cumen
755 2929 784 2990 in
798 2931 883 2990 nohis
895 2929 1032 2998 haerebitc
1056 2931 1108 2990 sed
1129 2931 1240 3006 inillis,
1259 2934 1308 3012 qui

218 3019 433 3100 pari-etrequo
451 3022 518 3102 jure
536 3021 631 3083 rivere
654 3023 775 3084 nolunt:
799 3032 888 3101 atque
900 3023 1060 3100 apparebit,
1075 3024 1178 3083 mutari
1191 3027 1309 3106 negotia

218 3125 337 3194 propter
346 3135 397 3176 eos
415 3117 464 3195 qui
478 3136 529 3196 per
542 3115 676 3195 injuriam
689 3115 850 3194 superiores
863 3135 976 3194 semper
987 3133 1051 3176 esse
1065 3115 1194 3189 student,
1210 3118 1307 3178 civita·

219 3215 282 3267 tem'
292 3221 419 3269 nostram
434 3211 556 3271 eandem
570 3222 698 3269 manere.

223 3327 226 3334 .
260 3301 289 3358 6.
311 3301 385 3360 Mihi
401 3322 471 3361 vero
483 3303 616 3363 videntur
636 3301 848 3362 Lacedaemonii
869 3300 1008 3381 singulari
1026 3319 1111 3386 agere
1131 3301 1307 3364 calliditate:

220 3409 299 3450 nunc
313 3393 390 3452 enim
402 3393 443 3453 illi
464 3395 545 3456 aiunt
560 3395 636 3456 Eleis
651 3393 791 3474 quasdam
805 3394 958 3474 Triphylias
976 3404 1073 3474 partes
1091 3396 1307 3464 restituendass

221 3483 355 3544 Phliasiis
369 3486 569 3557 Tricaranum3
592 3488 653 3548 aliis
668 3487 843 3566 quibusdam
864 3488 1026 3548 Arcadibus
1045 3489 1168 3567 patriam
1182 3491 1307 3551 redden·

221 3576 308 3646 dam;
327 3578 413 3637 'nobis
427 3577 575 3659 Oropum
598 3599 657 3641 non
671 3591 704 3639 ut
718 3591 848 3640 nostrum
862 3599 1005 3660 quemque
1019 3581 1050 3640 id
1063 3581 1142 3661 quod
1163 3601 1248 3652 suum
1264 3596 1310 3646 est

140 3746 145 3752 ι
205 3669 480 3732 'habere'videant2'
491 3671 576 3752 longe
585 3673 642 3732 alia
651 3672 725 3732 ratio
736 3682 794 3740 est;
809 3691 886 3732 nova
895 3672 971 3731 enim
981 3672 1011 3731 in
1019 3691 1068 3732 eos
1079 3673 1245 3736 incessisset
1253 3679 1308 3739 ista

218 3761 400 3824 humanitas:
426 3763 477 3823 sed
494 3769 537 3836 ut,
551 3765 621 3824 dum
635 3764 768 3824 omnibus
782 3765 930 3846 adjutores
944 3765 1097 3826 videantur
1109 3767 1158 3826 ad·
1169 3785 1207 3827 ea
1227 3790 1307 3831 recn-

219 3857 359 3932 peranda,
374 3868 450 3935 quae'
462 3856 568 3936 singuli
580 3876 634 3916 sna
646 3877 710 3917 esse
731 3857 922 3930 contendunt,
940 3857 1011 3936 ipsis
1026 3857 1196 3920 Messanam
1217 3883 1307 3943 oppu-

181 3950 183 3956 '
221 3947 360 4022 gnaturis,
375 3959 427 4009 aut
439 3968 540 4009 omnes
551 3949 613 4028 ejus
627 3948 820 4027 expeditionis
834 3950 943 4010 sociiet
955 3950 1065 4010 strenui
1078 3951 1226 4029 adjutores
1241 3955 1307 4025 sint,

205 4041 207 4048 ⁴
221 4044 273 4094 ant
290 4055 355 4096 curn
366 4059 416 4100 eos
430 4039 637 4119 suffragatores
649 4039 801 4099 habuerint
813 4041 842 4099 in
855 4041 890 4100 iis
903 4041 1106 4115 vendicandis,
1119 4064 1185 4121 quae
1199 4046 1241 4105 illi
1255 4064 1307 4106 sua

205 4137 285 4188 'csse
300 4133 518 4207 contenderant,
538 4133 594 4193 nisi
607 4151 704 4213 parem
725 4133 844 4210 gratiam
866 4132 952 4192 iidem
974 4134 1134 4207 retulerint,
1154 4137 1251 4214 injurii
1266 4138 1305 4196 vi·

222 4220 355 4279 deantur.
376 4220 439 4300 Ego
451 4245 519 4285 vero
534 4226 676 4298 existimo,
690 4246 709 4285 a
727 4233 827 4284 nostra
838 4226 920 4297 urbe,
941 4225 1052 4284 etiamsi
1068 4227 1163 4286 nullos
1172 4229 1304 4289 'Arcades

222 4309 507 4374 lacedemoniorum
519 4318 629 4379 libidini
641 4317 814 4398 permiserit,
829 4316 959 4396 Oropum
976 4336 1064 4397 posse
1081 4323 1257 4401 recuperari:
1277 4331 1305 4382 et
