2912 4946
433 287 490 347 DE
513 279 655 354 FALSO'
669 277 943 360 TESTIMONIO.
1137 305 1144 321 ¹
1174 291 1255 360 ιιι

589 575 776 674 ,rnsrus

127 731 235 810 Neque
246 745 317 792 vero
328 743 404 792 eum
420 753 477 812 ego
483 736 563 794 h¹aec
585 737 720 816 prompte
742 736 890 816 offerrem,
907 750 997 802 testes
1017 743 1109 804 aliter
1113 731 1239 807 animati*

125 834 223 883 erant.
245 823 326 882 Sed
321 821 356 882 et
365 825 404 897 hi,
413 823 555 902 adductis
569 827 675 899 liberis,
690 811 862 890 confirmare
877 852 943 910 quae
958 833 1092 894 dixerant
1101 837 1238 912 jurando*

127 915 160 974 in
174 913 288 974 illorum
304 917 401 995 capita
415 918 588 979 voluerunt:
617 931 647 980 at
661 922 715 980 iste
730 942 784 982 nec
799 923 844 983 his
859 931 954 1030 neque
969 926 1026 1011 illis
1046 948 1141 1006 neque
1157 929 1243 990 ιιιιιιι

127 1005 242 1067 deferre
250 1009 455 1088 jusjurandum
471 1012 573 1082 voluit,
600 997 651 1072 sed
674 1034 789 1096 summa
811 1019 919 1075 rerum
927 1019 956 1076 in
975 1019 1082 1080 callide
1088 1023 1232 1106 corifictis

66 1107 70 1117 ‘
126 1101 223 1161 verbis
237 1113 268 1162 et
281 1103 405 1163 testibus
418 1125 484 1164 ιιοιι
488 1125 557 1165 vera
569 1107 672 1165 testari
685 1108 777 1167 solitis
792 1109 947 1183 collocata,
960 1115 1043 1218 spani
1054 1115 1191 1194 concepit
1199 1136 1231 1176 se
1250 1119 1253 1124 ’

106 1235 108 1246 .
126 1193 210 1253 robis
225 1194 311 1254 facile
327 1195 471 1257 daturum
479 1219 544 1259 esse
539 1183 656 1259 verba.
687 1201 792 1279 Cape
784 1202 873 1282 igitur
888 1223 924 1264 ac
937 1204 1043 1284 lege'
1017 1225 1060 1266 ers
1079 1207 1152 1324 hoc
1157 1213 1231 1287 qdo·
1243 1232 1246 1238 ¹

126 1305 194 1366 qne
198 1287 428 1347 testimouium.-

523 1518 830 1588 TESTIMONIUM.

171 1660 218 1719 17.
241 1661 308 1728 Qua
318 1661 430 1722 ratione
444 1663 601 1743 quisquam
625 1665 753 1743 apertius
767 1666 906 1726 ostendat
917 1677 947 1727 et
960 1667 1044 1728 nobis
1064 1653 1126 1727 fieri
1149 1669 1230 1729 calu·

124 1751 246 1824 mulam,
257 1763 287 1814 et
296 1753 385 1814 istum
397 1765 459 1814 tum
473 1777 542 1817 vero
553 1757 718 1816 testimonio
726 1767 787 1817 tum
796 1763 878 1833 justo
884 1760 999 1838 judicio
1009 1761 1187 1834 convictum,
1200 1774 1231 1824 et

126 1844 307 1918 damnatum,
333 1867 420 1926 quam
445 1849 470 1908 si
492 1850 550 1909 hoc
573 1850 662 1908 modo
677 1851 828 1911 ostendat:
851 1873 917 1911 eum
939 1854 1069 1913 noluisse
1093 1875 1227 1960 puerum,

124 1938 285 1997 testimonii
311 1940 491 2018 scriptorem,
507 1942 650 2020 subjicere
665 1943 829 2021 quaestioni,
844 1957 876 2002 ut
890 1958 1083 2023 cognosceret
1101 1947 1167 2006 de
1160 1949 1230 2027 ipsis

124 2029 395 2100 testificationibus;
433 2031 544 2092 AEsium
574 2035 693 2093 fratrem
716 2040 779 2109 ejus
802 2055 837 2094 ea
855 2038 1042 2096 testificatum
1067 2059 1142 2108 esse,
1164 2061 1230 2119 quae

125 2110 202 2182 dicit
220 2142 282 2182 esse
302 2124 393 2193 falsa;
416 2125 504 2184 istum
527 2126 623 2204 ipsum
646 2126 748 2186 eadem
772 2128 961 2187 testificatum
983 2131 1052 2188 ιιιιιιι
1071 2152 1135 2208 quae
1157 2133 1229 2192 alios

125 2223 219 2273 testes
232 2214 261 2274 in
275 2216 439 2276 Demonem
455 2238 541 2277 suum
564 2218 738 2277 avunculum
751 2230 780 2279 et
799 2231 997 2288 contutorem;
1022 2223 1151 2281 noluisse
1162 2244 1227 2282 eum

80 2341 83 2349 -
125 2305 251 2366 ancillas
266 2307 303 2366 de
317 2329 364 2381 eo,
380 2329 417 2368 an
433 2310 520 2370 ιιοιιιο
535 2311 607 2369 liber
622 2321 709 2381 esset,
725 2321 859 2388 torquere
868 2337 876 2382 ;
899 2325 1018 2373 matrem
1033 2315 1119 2372 fidem
1134 2315 1178 2374 his
1193 2317 1230 2376 de

124 2399 214 2458 rebus
229 2410 330 2460 nostro
351 2401 482 2478 periculo
496 2403 609 2472 firmare
624 2403 767 2472 voluisse;
789 2405 875 2463 istum
889 2406 1062 2484 reliquorum
1079 2428 1229 2468 servorum

124 2485 239 2550 nullum
255 2492 408 2555 admittere
422 2494 548 2553 voluisse
564 2495 614 2572 qui
628 2496 727 2554 omnia
747 2496 848 2554 melius
868 2498 986 2570 scirent,
999 2519 1085 2575 quam
1103 2501 1229 2580 Milyas;

124 2582 198 2642 nulli
211 2584 326 2643 testium
332 2585 404 2664 ,qui
419 2607 483 2644 cum
500 2585 608 2646 habere
619 2588 772 2666 pecuniam
789 2603 984 2659 asseruerant,
993 2590 1060 2649 falsi
1073 2593 1230 2657 testimonii

125 2675 202 2736 diem
218 2678 342 2746 dixisse;
365 2699 421 2738 uec
437 2688 645 2738 testamentum
669 2680 842 2752 reddidisse,
864 2702 919 2742 nec
944 2683 1063 2740 domum
1085 2684 1230 2759 elocasse,

123 2792 193 2832 cum
207 2771 288 2852 leges
298 2773 442 2862 jubeaut3
467 2793 532 2830 cum
549 2793 604 2850 ago
620 2784 650 2832 et
664 2757 754 2832 testes
768 2776 881 2833 firmare
897 2776 984 2834 fidem
1001 2775 1175 2835 vellemus
1145 2799 1229 2881 ‚Jus-

119 2865 279 2955 jurandum
295 2875 362 2924 ante
375 2866 521 2936 daremus
536 2885 571 2924 ea
585 2866 763 2935 conditione,
776 2877 809 2924 ut
822 2867 946 2925 remissa
961 2867 987 2924 ei
1000 2879 1078 2926 esset
1092 2871 1228 2946 pecunia,

122 2967 367 3036 propterquam
356 2957 479 3036 Milyam
490 2956 695 3036 postulasset,
688 2976 783 3034 ipsum
799 2955 828 3014 id
844 2955 898 3014 sibi
912 2976 970 3015 ιιοιι
982 2976 1045 3015 esse
1060 2959 1227 3020 faciendum

122 3049 293 3110 censuisse?
316 3046 381 3127 Ego
395 3049 595 3108 mediusfidius
606 3048 663 3108 hoc
674 3048 830 3107 ostendere
844 3067 902 3107 ιιοιι
919 3067 1039 3125 possum
1054 3052 1228 3127 accuratius,
1270 3086 1272 3090 ·

123 3163 212 3222 quam
236 3142 274 3201 ad
298 3143 377 3203 hunc
400 3142 530 3202 modum.
579 3142 755 3219 Quanquam
780 3151 878 3200 autem
901 3151 932 3200 et
956 3140 997 3200 ita
1020 3142 1174 3202 manifeste
1197 3145 1227 3204 in

12 3279 16 3286 -
121 3247 213 3296 testes
227 3234 374 3306 mentitur,
389 3245 448 3293 ete
464 3236 550 3293 rebus
562 3234 631 3313 ipsis
647 3234 718 3293 nihil
732 3234 834 3292 damni
848 3233 931 3306 facit,
945 3243 974 3292 et
985 3235 1069 3312 justo
1084 3247 1131 3295 est
1146 3236 1227 3316 judi·

121 3329 168 3388 cio
182 3328 349 3400 damnatus,
363 3338 464 3386 tamen
475 3326 662 3405 impudenter
676 3327 891 3405 tergiversatur.
1208 3384 1210 3389 .

166 3423 214 3480 la.
237 3419 403 3491 Quodnisi,
418 3419 497 3498 prius
512 3430 542 3479 et
561 3420 598 3478 ab
613 3419 713 3478 amicis
727 3410 757 3478 et
771 3421 808 3478 ab
827 3417 943 3478 arbitris
964 3419 1135 3495 injuriarum
1154 3441 1226 3482 con·

120 3513 291 3582 demutatus,
305 3513 351 3572 his
365 3513 458 3572 verbis
474 3522 615 3583 uteretur,
630 3511 725 3571 minus
740 3523 818 3572 esset
834 3512 1018 3572 mirandum:
1040 3535 1128 3587 nunc,
1144 3529 1226 3596 post-

119 3628 209 3688 quam
223 3606 294 3664 mibi
315 3605 512 3684 persuasit.ut
528 3606 683 3664 Archeneo
698 3615 728 3664 et
750 3605 944 3664 Dracontidat
958 3617 988 3666 et
1007 3607 1112 3668 Phauo
1136 3630 1224 3688 quem

120 3719 202 3760 nunc
222 3697 290 3758 salsi
316 3695 474 3757 testimonii
507 3717 589 3756 reum
613 3697 682 3756 feeit
706 3717 767 3756 rem
799 3697 1007 3775 permitterem,
1034 3718 1085 3758 eos
1107 3701 1226 3778 quidem

30 3799 33 3802 ’
119 3792 226 3850 missos
241 3789 319 3861 fecit,
331 3789 382 3849 ubi
396 3809 433 3848 ex
447 3790 488 3848 eis
502 3789 648 3859 audierat,
664 3789 689 3848 si
702 3809 768 3848 cum
780 3790 973 3869 jurejurando
993 3791 1179 3866 arbitrentur,
1194 3815 1225 3854 se

118 3903 188 3942 eum
202 3881 309 3940 tutelae'.
318 3879 518 3952 damnaturos,
535 3879 612 3940 etad
623 3880 726 3939 sortito
742 3881 843 3939 datum
854 3880 994 3940 arbitrum
1007 3881 1088 3953 abiit,
1098 3899 1225 3962 cumque

117 3975 235 4036 nullum
259 3973 368 4032 crimen
383 3974 494 4033 diluere
509 3982 623 4052 posset,
639 3971 726 4031 etiam
744 3973 822 4031 illius
836 3980 880 4031 est
901 3973 1046 4060 sententia
1059 3973 1226 4038 damnatus.

117 4071 242 4132 ludices
260 4081 369 4137 autem,
385 4087 459 4146 quos
475 4067 646 4148 appellaret,
661 4085 752 4125 causa
767 4065 895 4143 cognita,
908 4085 967 4125 ιιοιι
989 4067 1073 4125 aliter
1092 4088 1180 4145 quarn
1196 4081 1226 4129 et

117 4163 182 4242 ejus
198 4161 284 4221 amici
297 4174 328 4222 et
341 4160 449 4219 arbiter
464 4170 638 4230 statuerunt,
651 4168 681 4218 et
694 4159 832 4218 mulctam
849 4160 951 4218 decem
966 4161 1083 4220 talentis
1097 4165 1225 4224 aestima·

117 4239 197 4316 runb
242 4254 311 4312 Nou
334 4253 499 4314 mehercule
521 4254 601 4333 quod
620 4252 743 4310 liberum
767 4271 834 4311 esse
858 4253 1224 4333 Milyam‘dixisset-hoc

118 4341 198 4410 enim
220 4347 292 4409 nihil
316 4347 359 4416 ad¹
376 4365 497 4409 causam
512 4335 772 4419 attinebat-,sed
793 4345 873 4425 quod
888 4366 920 4407 re
940 4346 1108 4426 quindecim
1129 4348 1221 4408 talen·
