2946 4954
427 375 482 436 DE
503 375 615 436 MALE
636 375 773 436 essin
794 373 1038 438 LEGATIONE.
1213 382 1277 440 246

170 531 255 612 *apud
268 549 322 592 vos
335 529 453 612 singula
466 531 635 606 conficiant,
656 544 744 613 etque
766 539 828 610 ejus
846 534 987 594 arbitratu
1010 533 1183 614 gubernent,
1195 535 1275 614 quod
1307 549 1309 554 ·

177 627 201 687 si
224 626 375 706 inprimis
397 627 435 687 sit
454 637 640 700 consecutus,
654 645 721 688 euni
743 647 761 688 a
782 626 865 687 vobis
884 629 980 699 facile,
995 625 1137 708 quioquid
1159 625 1274 688 libitum

173 719 273 791 fuerit,
287 721 519 800 impetraturum.
563 721 696 800 stignus
710 741 772 797 eos,
789 722 916 799 quitum
933 717 985 780 iila
997 722 1035 780 ad
1051 739 1118 781 eum
1130 717 1275 795 dixerunt,
1375 734 1378 749 '

175 805 285 885 statim,
300 823 334 872 ut
355 814 416 872 huo
430 811 583 884 redierant,
599 815 628 872 in
644 833 758 874 cruoem
779 825 862 874 actos
886 813 1055 886 audivisset,
1064 815 1186 875 fecisset
1198 807 1275 878 ideis
1300 856 1303 865 ·

175 906 257 984 quod
270 922 322 964 rex
336 905 504 966 Persarum.
546 907 626 972 Quid
646 917 744 966 autem
763 906 821 966 fuit
843 906 923 984 quod
941 905 992 964 iile
1016 907 1103 964 iecit?
1126 909 1275 988 Deceptus

173 1019 195 1058 a
208 997 371 1078 Timagora,
386 999 434 1058 cui
448 999 654 1078 quadraginta,
668 1010 703 1058 ut
721 1001 827 1070 ierunt,
843 999 956 1069 talenta
974 999 1109 1070 dederet,⁴
1120 1011 1152 1058 ut
1165 1002 1277 1078 audivit

173 1106 242 1162 eum
257 1093 371 1152 anubis
385 1092 581 1168 interiectum,
596 1110 631 1150 ao
650 1107 687 1150 ue
708 1107 791 1151 suem
813 1092 931 1170 quidem
953 1091 1025 1149 tueri
1047 1090 1145 1160 vitam,
1168 1095 1276 1154 nedum

174 1199 242 1262 quoe
255 1185 403 1262 pollicitus
418 1185 521 1254 iuerat,
539 1195 677 1264 prestere
695 1187 837 1264 potuisse,
856 1181 1063 1243 animadvertit
1076 1203 1108 1243 se
1121 1187 1276 1263 pecuniam
1318 1193 1320 1198 ’
1345 1233 1348 1240 .

173 1287 236 1336 nun
251 1277 279 1336 ei
293 1291 475 1348 numerasse,
488 1295 581 1357 penes
601 1270 688 1356 quein
711 1295 826 1338 sumina
846 1287 924 1336 esset
935 1277 1105 1336 auotoritas.
1148 1277 1277 1340 Proinde

172 1371 301 1450 primum
315 1371 513 1450 Amphipolim
531 1373 632 1430 urbem
651 1380 749 1431 vestro
772 1369 893 1449 imperio
914 1369 1011 1430 denuo
1031 1370 1167 1448 subjecit,
1186 1364 1276 1449 quam

169 1463 316 1524 hactenus
332 1463 442 1522 sociam
464 1477 548 1522 suam
576 1473 607 1522 et
630 1463 754 1522 amicam
766 1468 834 1521 esse
849 1459 1004 1540 scripserat
1015 1481 1022 1520 ε
1033 1461 1150 1522 ‘deinde
1167 1465 1276 1524 nemini

174 1570 307 1632 unquam
315 1567 420 1634 postes
433 1556 590 1635 pecuniam
610 1556 703 1614 dedit.
744 1551 828 1614 Idem
840 1553 927 1633 igitur
938 1562 970 1613 et
984 1553 1135 1635 Philippus
1149 1555 1276 1630 fecisset,

172 1649 199 1707 si
212 1649 316 1706 honum
329 1648 455 1728 tiiquain
468 1664 570 1728 poenas
582 1649 653 1708 dare
662 1649 802 1708 vidisset:
824 1643 914 1726 idque
926 1647 1013 1708 suain
1022 1650 1149 1721 nunniti
1162 1649 1276 1723 viderit,

169 1730 304 1800 iaetuius
317 1752 372 1805 een
414 1735 474 1802 Sed
493 1757 559 1805 cunt
577 1743 752 1814 audianeus
769 1741 928 1828 cessiones
941 1741 1171 1815 hebetationem
1184 1737 1278 1821 gioria

169 1834 524 1913 inpudentissimae
543 1835 684 1915 pericula,
699 1832 771 1914 quid
789 1833 888 1894 iacere
912 1833 1055 1894 eumeuii
1075 1835 1200 1894 multum
1221 1839 1276 1896 ima

171 1926 296 2008 pendat,
307 1939 374 1988 oum
385 1929 473 1988 liaeus
490 1927 648 2007 pauciorai
669 1943 822 1988 anomnes
836 1927 934 1986 colere
947 1927 1027 1998 velit,
1046 1941 1112 1986 oum
1131 1928 1206 1988 duos
1226 1937 1278 1990 aut

171 2021 234 2080 uss
249 2019 356 2080 liuenti
378 2022 523 2081 lusaniiet
538 2015 679 2100 proiecto.
707 2021 813 2100 Neque
827 2020 904 2079 enim
915 2017 1121 2082 Thebanorum
1131 2022 1197 2082 urbi
1206 2020 1277 2082 Phi-

170 2109 271 2192 iippus
284 2105 473 2172 beneihimmi
487 2113 605 2193 publius
618 2113 762 2173 voluisset
776 2110 913 2192 (muituni
927 2121 1008 2171 certe
1024 2114 1123 2188 abest)
1136 2115 1188 2174 sed
1202 2133 1223 2174 a
1235 2116 1277 2176 le-

104 2267 106 2274 ,
170 2205 252 2285 getis
267 2217 313 2266 est
327 2207 355 2265 ei
369 2219 551 2285 persuasum.
592 2207 660 2275 Quo
669 2213 767 2266 autets
781 2217 880 2286 pacto,
894 2205 989 2264 dicam
1002 2223 1060 2284 ego
1074 2207 1165 2267 vobis.

216 2301 267 2357 43.
287 2299 441 2358 Venerunt
454 2293 562 2358 Thebis
575 2300 614 2358 ad
628 2317 695 2359 eum
713 2299 814 2377 legati,
836 2315 905 2358 eum
929 2306 960 2356 et
976 2317 1031 2356 uos
1051 2316 1070 2356 u
1091 2300 1175 2358 vebis
1195 2299 1277 2362 missi

174 2389 237 2450 iiiie
255 2403 399 2450 essemus.
443 2391 482 2450 ils
497 2391 653 2470 pecuniam
669 2390 717 2450 ilie
740 2390 811 2450 dare
832 2391 936 2460 voluit,
951 2407 1084 2468 eamque,
1102 2401 1137 2450 nt
1152 2393 1279 2467 aiebant,

168 2484 459 2563 ‘omniuomsgnami
482 2498 543 2544 nen
560 2483 746 2552 admiserunt,
762 2479 818 2544 nec
841 2493 1019 2561 aeceperunt
1034 2499 1100 2542 ease
1122 2483 1277 2546 Thebano

172 2593 239 2634 rum
253 2575 353 2654 legati.
395 2576 479 2648 Post,
494 2576 524 2635 iu
546 2576 688 2658 sacrificio
710 2576 837 2654 quodam
863 2585 894 2635 et
915 2593 1009 2648 ooena,
1022 2587 1129 2655 potans
1146 2595 1214 2640 eum
1233 2577 1277 2640 eis
1309 2631 1316 2636 .

167 2666 338 2748 Phiiippus,
349 2680 379 2728 et
398 2669 558 2728 humanum
571 2687 642 2747 erga
654 2663 721 2728 ilios
738 2688 770 2728 se
785 2670 931 2748 pratens,
952 2687 1019 2728 eum
1036 2670 1093 2728 alia
1113 2671 1220 2742 mults,
1243 2682 1278 2732 ut

175 2761 308 2840 captivos
320 2771 350 2821 et
361 2762 424 2842 ejus
439 2762 556 2840 geu-eris
568 2762 636 2834 alia,
651 2770 713 2844 tum
730 2761 838 2840 poeula
852 2762 972 2822 taudem
991 2773 1134 2841 argentea
1144 2774 1174 2824 st
1187 2783 1278 2827 aures
1292 2793 1294 2804 v

173 2852 218 2912 eis
231 2851 381 2912 offerebat.
423 2853 467 2913 Ea
480 2853 524 2912 illi
537 2853 635 2912 omnia
649 2854 853 2932 repudiabant,
864 2874 919 2913 nec
934 2874 1056 2932 usquam
1071 2856 1115 2916 sui
1124 2856 1277 2918 oblivisce-

174 2946 291 3003 bantur.
331 2945 493 3020 Postremo,
507 2945 604 3017 Philo,
614 2965 690 3010 uuus
700 2945 874 3025 legatorum,
882 2946 986 3006 habuit
995 2948 1168 3019 orationem,
1181 2951 1276 3010 Athe·
1342 2939 1345 2947 ⁴
1400 2932 1402 2945 Ι

177 3035 302 3108 nienses,
319 3057 407 3116 quam
423 3059 484 3098 non
497 3057 551 3117 pro
568 3037 726 3110 Thebanis,
739 3039 791 3096 sed
803 3057 855 3117 pro
868 3039 950 3096 vobis
962 3038 1094 3098 habitam
1109 3059 1175 3105 esse
1189 3061 1276 3120 opor-

175 3127 243 3188 tuit.
282 3131 390 3189 Aiebat
403 3129 490 3202 enim,
505 3149 549 3203 se,
564 3146 631 3189 eum
654 3130 820 3209 Philippum
837 3129 948 3202 videret
969 3149 1077 3208 magno
1092 3140 1125 3193 et
1145 3131 1276 3196 humano

173 3220 205 3280 in
219 3221 300 3300 ipses
310 3239 375 3282 esse
389 3222 498 3293 animo,
514 3222 696 3284 delectarint
709 3222 850 3300 gaudere.
892 3222 953 3282 Sed
967 3238 1000 3282 se
1009 3226 1072 3298 jem
1086 3225 1275 3306 anteaipsius

173 3328 242 3373 esse
254 3311 396 3393 hospites,
409 3325 441 3374 et
454 3315 574 3387 amieos,
584 3315 672 3374 etiam
690 3315 753 3376 sine
774 3314 831 3374 iliis
845 3315 1033 3380 muneribus:
1054 3325 1153 3395 petere
1167 3331 1275 3395 sutem,

174 3415 210 3466 ut
223 3408 261 3466 sd
280 3407 398 3485 negotia
411 3409 503 3480 urbis,
521 3419 664 3486 questum
684 3408 736 3468 ilis
754 3420 864 3487 ageses,
881 3428 917 3467 ea
929 3409 1110 3470 humanitate
1123 3431 1275 3486 converse,

174 3499 286 3577 aliquid
303 3500 445 3580 etseipeo
459 3501 625 3579 dignumst
640 3501 787 3560 ‘ihebsuis
809 3492 1025 3580 prestaretita
1042 3504 1174 3582 polliceri
1193 3517 1224 3565 et
1243 3527 1275 3566 se

174 3601 312 3652 ettotam
332 3591 434 3651 urbem
454 3594 482 3652 ei
497 3593 559 3652 iore
579 3592 738 3655 addietum.
780 3593 848 3652 Jam
869 3602 1014 3672 spectate,
1029 3596 1101 3674 quid
1119 3597 1175 3656 hee
1188 3607 1276 3674 pacto

167 3679 309 3750 -ihebani
329 3684 483 3745 consecuti
499 3686 568 3759 sint,
589 3694 620 3744 et
637 3683 708 3764 quid
720 3685 804 3746 vobis
819 3685 968 3760 acciderit,
990 3698 1020 3746 et
1036 3708 1102 3748 veie
1122 3681 1277 3760 aestimate,
1322 3711 1325 3723 ¹

171 3778 280 3856 *quanti
291 3779 332 3836 sit
343 3797 403 3840 uon
416 3777 544 3838 vendere
558 3778 678 3856 negotiu
693 3779 829 3838 civitatis.
860 3780 1001 3854 Primum,
1014 3799 1087 3859 paee
1102 3777 1186 3866 potiti
1194 3793 1275 3854 sent,

164 3869 401 3948 ‘laboranteset
428 3873 529 3932 afflioti
548 3871 611 3950 jam
632 3871 711 3931 belle
732 3881 762 3931 et
782 3874 1027 3932 succumbentes:
1049 3871 1154 3930 deinde
1175 3871 1276 3936 hostes

174 3963 343 4024 Phocenses
370 3965 410 4024 a'd
432 3963 662 4051 internecionem
685 3964 785 4036 deleti,
808 3981 967 4043 eorumque
990 3963 1146 4023 missiset
1168 3967 1304 4046 oppida,

171 4057 323 4124 subiatas
335 4057 443 4118 medio.
487 4054 631 4134 Nunquid
645 4056 711 4116 sela
722 4057 808 4116 haeci
840 4057 908 4116 Non
922 4055 1035 4115 medios
1053 4055 1151 4132 fidius,
1161 4060 1215 4120 sed
1226 4081 1276 4124 ac·

163 4159 328 4209 euaserunt
341 4151 428 4210 etiam
439 4149 651 4219 Orchomenus,
665 4149 813 4220 Coronea,
826 4148 945 4218 Corsiae,
958 4143 1184 4228 Tilphossseum,
1197 4152 1276 4216 Pho-
1336 4225 1340 4238 .

169 4242 271 4302 nensis
285 4243 350 4321 agri
362 4253 508 4325 quantum
523 4243 686 4309 voluerunt.
728 4239 860 4300 Thebani
874 4238 962 4318 igitur
975 4241 1041 4302 haec
1055 4261 1073 4302 e
1086 4261 1159 4322 pace
1168 4264 1274 4304 eonse-

172 4335 236 4394 euti
251 4345 329 4405 sunt,
343 4335 451 4412 quibus
471 4335 573 4412 utique
590 4336 703 4411 majora
715 4351 770 4392 nec
790 4331 937 4410 optarint:
957 4333 1162 4394 Thebanorum
1176 4347 1275 4396 autem

164 4428 264 4507 'iegati
278 4426 380 4506 quidi-
392 4427 472 4500 sibii,
486 4427 542 4488 nisi
556 4426 637 4504 quod
654 4441 860 4504 summopere
878 4423 944 4488 baee
962 4429 1063 4506 patriae
1076 4427 1273 4506 eonugesunt.
