2946 4954
142 237 143 246 ‘
180 182 244 304 sss
417 239 474 300 nn
495 233 614 300 netu
635 233 770 298 essue
793 223 1045 298 iteremus:

160 465 162 470 ¹
181 406 300 475 quoque
314 405 445 474 tempore
459 396 549 476 legati
566 397 692 465 abirent,
703 403 734 454 et
747 402 781 453 ut
799 392 954 454 Proxenus
967 392 1030 455 dux
1048 411 1099 452 eor
1113 389 1144 452 in
1159 385 1290 448 ille‘loc't

182 488 359 567 deportaret,
373 487 403 546 in
417 486 524 566 quibus
534 487 644 552 versari
661 485 831 566 Philippum
845 485 1042 565 cognovisset,
1056 483 1091 542 iis
1102 481 1210 552 verbis,
1223 487 1291 560 qum

91 653 95 662 ¹
181 599 261 641 nunc
282 577 386 651 refero,
405 591 506 660 aperte
525 582 556 640 in
580 579 699 640 decreto
719 579 835 659 positis,
855 598 911 661 ege
933 597 1007 657 cepe
1028 577 1058 638 id
1080 577 1289 647 decretumst

183 673 283 742 recita.
987 697 991 706 ,

615 873 859 936 DECRETUM.

224 1032 276 1089 47.
298 1027 377 1094 Hinc
391 1027 480 1108 igitur
498 1047 549 1093 eos
568 1028 671 1101 eduxi,
686 1029 762 1090 eden
775 1030 939 1101 invitemur
953 1049 990 1089 err
1003 1029 1037 1088 iis
1050 1047 1117 1108 quse
1131 1039 1234 1108 pestes
1246 1030 1288 1090 se·

184 1132 298 1195 cerunt,
310 1122 424 1202 liquido
433 1122 633 1202 cognoscetis.
675 1123 717 1182 Ut
730 1133 829 1182 eutem
838 1122 949 1184 Oreum
969 1121 1165 1201 pervenimus,
1179 1131 1211 1182 et
1222 1141 1291 1182 eum

142 1239 151 1250 ¹
184 1215 321 1276 Proxeno
333 1215 485 1294 congressi
504 1233 617 1288 sumus,
630 1215 680 1274 isti
700 1216 836 1294 neglecte
852 1215 1048 1294 navigatione,
1059 1224 1090 1274 et
1102 1213 1291 1278 exsecutione

184 1309 405 1379 mnndrrorum,
427 1307 537 1386 passim
558 1309 758 1372 'oberrabant'
793 1310 963 1389 Antequam
976 1307 1074 1386 igitvr
1097 1308 1127 1366 in
1147 1303 1292 1368 Macedo·-

185 1400 264 1463 ninm
277 1401 452 1472 veniremus,
471 1401 535 1462 dies
553 1412 613 1464 tres
634 1411 665 1462 ct
686 1401 789 1480 viginti
812 1401 1057 1482 consumpsimus,
1070 1400 1199 1479 reliquos
1213 1421 1292 1462 sere

189 1512 291 1556 omnes
306 1493 399 1556 Pelles
413 1492 594 1571 desedimus,
603 1488 672 1557 erite
683 1494 809 1575 Philippi
832 1495 970 1562 reditum,
984 1493 1019 1554 iis
1041 1511 1115 1572 ques
1138 1495 1169 1552 in
1190 1494 1293 1554 itinere

186 1587 294 1654 fuimus
309 1585 429 1660 additis,
443 1587 655 1664 quinquaginta
673 1595 761 1648 tetes.
805 1588 921 1648 Interes
939 1585 1110 1658 Derircum,
1123 1586 1290 1658 Thtscism,

188 1680 305 1752 Mures,
319 1679 444 1744 serrum
457 1675 598 1750 montem,
611 1681 709 1742 onnia
719 1679 846 1759 denique
856 1680 938 1759 pecie
948 1689 1080 1759 tempore
1093 1689 1125 1740 et
1135 1679 1296 1753 fuderunt,

187 1772 324 1852 sepiebat
345 1780 376 1832 et
396 1773 574 1850 procumbet
593 1771 758 1852 Philippus,
776 1775 878 1838 erebro
901 1772 1057 1834 dictitsute
1074 1791 1131 1844 ms,
1144 1781 1178 1832 st
1191 1773 1293 1832 cleni-

188 1863 416 1942 erumpnarum
427 1863 469 1926 ite
481 1864 559 1926 utin
569 1884 725 1928 commune
740 1865 854 1928 consuli
866 1865 950 1936 solet,
965 1865 1085 1937 deinde,
1098 1875 1134 1926 nt
1145 1866 1197 1944 qui
1207 1867 1295 1930 doee-

174 1949 251 2022 ‘rem
265 1957 396 2036 ignaros,
405 1964 565 2038 postremo,
580 1958 658 2020 utin
672 1978 724 2022 eos
739 1961 789 2038 qui
803 1980 835 2020 se
847 1958 1062 2032 vendidissent,
1080 1959 1295 2040 impurissimos

187 2051 333 2124 homiues,
346 2051 408 2112 sine
421 2051 483 2112 ulls
495 2051 728 2116 dissimulatione
746 2053 912 2113 inveherent
933 2047 987 2132 qui
1006 2062 1118 2112 sutem·
1129 2052 1175 2112 his
1197 2062 1296 2131 aperte

188 2144 396 2223 refragaretur,
411 2152 441 2206 et
454 2143 590 2204 omnibus
602 2153 662 2206 tam
675 2145 763 2206 dictis
779 2145 863 2216 meis,
870 2164 963 2227 quem
979 2145 1106 2210 densetis
1118 2145 1226 2219 vestris
1240 2144 1294 2204 nd-

194 2245 370 2306 versaretur,
380 2234 435 2296 iste
446 2235 512 2302 fuit.
555 2237 604 2297 An
616 2255 684 2300 vero
697 2237 801 2300 endem
812 2237 918 2298 esteris
932 2237 1020 2298 etism
1040 2237 1145 2316 legetis
1160 2238 1297 2300 omnibus

188 2329 360 2411 placuerint,
374 2329 474 2392 stetim
497 2329 605 2392 scietis.
648 2331 712 2409 Ego
735 2332 813 2392 enim
841 2331 972 2395 noudum
995 2332 1155 2410 quicquam
1174 2331 1212 2390 de
1234 2331 1298 2390 uile

189 2424 374 2502 dicensque
389 2443 610 2501 queror,neque
624 2424 717 2486 ullum
729 2443 828 2486 eorum
838 2434 975 2484 rosetum
985 2425 1073 2484 hodie
1086 2425 1179 2488 videri
1187 2425 1297 2485 bouum

189 2517 285 2580 virum
299 2525 425 2594 oportet,
440 2515 495 2578 sed
509 2516 587 2578 ultro
601 2526 631 2580 et
641 2518 678 2576 oh
690 2517 840 2578 vitandam
855 2517 1000 2583 scelerum
1015 2519 1197 2578 societatem.
1219 2517 1296 2578 Nem

192 2629 305 2672 essese
320 2607 431 2670 etrocie
441 2607 562 2686 flagitia,
586 2620 617 2670 et
639 2629 698 2670 non
720 2605 850 2672 edm'isse
864 2611 964 2688 gretie,
979 2629 1081 2672 omnes
1096 2631 1150 2670 vos
1162 2610 1296 2670 vidistis:

193 2721 315 2782 quorum
326 2701 376 2778 qu'i
389 2701 459 2764 socii
473 2700 591 2772 fuerint,
606 2722 652 2763 res
663 2703 727 2782 ipse
735 2703 882 2764 ostendet.
912 2704 961 2776 At,
971 2703 1102 2777 hercule,
1116 2724 1152 2768 eo
1161 2713 1297 2782 ⁴tempore

188 2795 397 2875 jusjurandum
415 2815 434 2856 n
455 2794 541 2858 sociis
559 2805 731 2874 exegerunt,
750 2807 803 2858 eut
815 2797 874 2861 elis
886 2817 953 2874 quse
967 2797 1136 2858 deciderent
1149 2797 1298 2877 egerunt?

196 2888 326 2954 Multum
338 2897 418 2951 certe
432 2889 525 2948 abest.
568 2888 627 2950 sed
645 2889 746 2974 tribus
762 2891 913 2950 mensibus
935 2909 1057 2968 peregre
1078 2890 1254 2969 absumptis,
1269 2899 1299 2950 et

194 2982 274 3044 mille
286 2981 432 3044 drachmis
444 2982 475 3042 in
484 2981 647 3049 viaticums
660 2985 743 3044 robis
754 2983 896 3062 acceptis,
909 2993 1053 3061 quantum
1062 3003 1080 3042 e
1090 2983 1173 3042 uuila
1181 2983 1299 3042 civitate

189 3075 341 3140 nnnemi
356 3074 439 3145 solet,
451 3093 547 3153 neque
556 3094 625 3136 cum
633 3074 683 3136 illo
693 3077 955 3154 proficiscerentur,
964 3095 1060 3152 neque
1068 3095 1134 3140 curn
1146 3076 1228 3135 illine
1238 3075 1298 3137 huc

115 3189 119 3196 ·
194 3169 332 3239 redirent,
340 3167 544 3246 jusjurandum
556 3177 728 3249 exegerunt,
738 3169 792 3229 red
805 3169 837 3228 in
848 3187 993 3246 csupnnn,
1003 3187 1072 3245 quse
1087 3177 1135 3242 est
1150 3178 1221 3234 enm
1239 3168 1298 3228 Cs-

196 3263 283 3324 storis
298 3273 329 3324 et
342 3259 540 3322 Pelices-si
554 3260 619 3337 quis
631 3271 762 3336 vestrum
778 3260 880 3321 Pheris
891 3261 955 3334 fuit,
965 3261 1105 3340 iutelligit
1115 3261 1187 3339 quid
1201 3262 1299 3326 dicem

195 3354 295 3427 -,ihi
307 3352 515 3432 jusjurandum
525 3353 661 3427 debetur,
674 3364 741 3416 cum
759 3354 823 3434 jem
845 3373 912 3414 num
934 3353 1063 3415 mereim
1074 3353 1228 3433 Philippus
1241 3354 1301 3412 hue

194 3447 440 3528 proficisceretur,
448 3444 573 3524 turpiter
589 3446 794 3517 Athenienses,
805 3455 835 3508 et
849 3465 909 3506 nnn
924 3466 941 3506 e
954 3455 1054 3509 vestre
1061 3445 1216 3525 dignitate.
1257 3446 1303 3506 Ut

199 3550 298 3606 eutem
306 3538 361 3602 iile
372 3558 408 3600 eo
421 3538 511 3602 modo
521 3539 637 3609 fierent,
652 3539 683 3600 id
693 3539 845 3618 Philippus
858 3539 988 3602 emnium
1002 3539 1122 3600 maximi
1136 3539 1301 3602 aestimerit.

191 3637 274 3702 Nem
284 3635 310 3696 si
322 3653 377 3694 nec
385 3651 489 3712 pacem
499 3632 550 3704 ite,
559 3633 603 3694 uti
614 3634 801 3697 instituerent
812 3634 860 3693 ieri
873 3633 1008 3712 primunr,
1020 3633 1178 3695 decernere
1190 3633 1302 3712 petuis-

194 3740 273 3802 sent,
286 3726 461 3806 exceptis
476 3726 730 3790 Aleusibus‘et
743 3725 1302 3802 Phocensibus‚sedcoeetrrsesset

198 3823 311 3884 anchis
319 3821 505 3882 Philoctetes
518 3820 549 3878 id
568 3820 677 3891 delere,
697 3840 732 3880 ne
753 3821 910 3900 perspicue
932 3839 1050 3901 ponere,
1063 3819 1259 3886 Athenienses
1272 3829 1304 3880 et

198 3915 425 3977 Atheniensium
437 3915 542 3986 socies,
551 3914 696 3994 uoluisset
704 3914 735 3972 id
743 3913 950 3994 jusjurandum
960 3913 999 3972 eh
1009 3912 1071 3972 uilo
1079 3914 1225 3973 socierum
1233 3933 1303 3972 sue-

195 4025 263 4066 rum
273 4006 351 4067 dari.-
365 4027 460 4086 nsque
474 4007 551 4068 enim
564 4026 681 4086 seques
694 4026 773 4066 nune
786 4007 868 4067 vebis
882 4015 984 4086 erepta
992 4015 1085 4075 tenet,
1100 4015 1304 4085 oppugnatum

135 4093 138 4096 ’
201 4100 245 4160 illi
260 4099 392 4172 ivissent,
408 4103 460 4161 red
469 4101 675 4178 jusjurandum
689 4109 900 4170 excusassentr
921 4119 1018 4178 neque
1030 4119 1082 4160 eos
1090 4100 1227 4160 conscios
1239 4119 1310 4159 esse

199 4192 342 4256 voluisset
350 4194 602 4272 pollicitationum,
613 4195 719 4274 quibus
726 4213 831 4274 pacem
842 4195 1045 4274 impetrassem
1059 4212 1157 4272 neque
1166 4191 1197 4263 id
1205 4201 1310 4252 osten-

201 4289 231 4351 di
244 4287 342 4368 pelam
358 4287 506 4362 omnihus,
526 4309 586 4348 non
608 4289 755 4349 civitatem
768 4288 991 4347 Atheniensium
1010 4286 1202 4347 succubuisse
1214 4287 1315 4362 belle,

201 4383 254 4442 sed
264 4381 432 4460 Philippum
441 4384 565 4461 sesequi
578 4400 681 4472 pacem
695 4391 855 4464 expeteret,
865 4392 898 4443 et
906 4384 944 4443 eb
958 4381 1192 4444 Atheniensibus
1204 4399 1321 4461 pseem
