2886 4946
368 357 372 364 .
428 281 582 344 ORATIO
605 283 660 342 DE
682 281 916 344 CLASSIBUS.
1112 231 1115 240 ⁴
1161 286 1219 349 127

122 438 277 502 Persarum
295 427 367 516 ipsis
381 435 531 498 insidiari?
553 437 632 516 ipsos
648 455 716 500 vero
729 456 788 499 non
801 439 987 518 prospicere:
1007 442 1086 501 itane
1098 437 1152 500 'vos
1165 443 1218 501 ob-

121 549 201 595 secro
224 526 358 610 putatis?
377 549 433 609 ego
454 548 523 592 vero
544 529 647 609 opinor
659 547 707 590 vos
726 531 768 589 ito
782 531 947 592 existimare.
978 533 1038 594 Sed
1053 541 1149 592 metus
1163 533 1219 596 iste

118 643 178 684 non
186 623 285 701 magis
298 621 379 702 apud
391 641 441 682 eos
455 621 573 701 poterit,
585 641 673 701 quam
683 641 738 682 sue
750 623 900 684 vobiscum
911 624 1033 688 dissidio
1044 645 1162 704 suoeque
1174 626 1219 686 in·

117 809 229 890 possim
242 818 351 870 canent
363 807 453 888 legati
467 807 568 872 nostri.
590 807 668 868 Tum
682 818 781 869 eutem
801 808 825 868 si
839 810 915 872 forte
932 831 999 888 quos
1012 813 1099 872 modo
1117 831 1220 874 cense-

118 921 185 962 mus
194 921 250 962 ros
260 901 366 980 agetis,
379 921 466 962 nemo
476 919 546 961 sane
557 899 729 961 Graecorum
740 900 815 984 adeo
828 901 970 964 subtiliter
981 904 1018 965 de
1027 924 1059 964 ss
1069 906 1221 968 consilinm

119 994 217 1068 inibit,
226 994 309 1072 quin,
319 994 369 1054 ubi
379 992 484 1053 viderit
492 992 575 1053 vobis
585 1004 692 1072 presto
703 1013 769 1053 esse
779 1004 810 1054 et
820 994 899 1055 mille
908 995 1032 1074 equites,
1043 1006 1073 1056 et
1080 995 1221 1076 legiones,

118 1096 194 1165 quot
205 1086 320 1158 voletis,
335 1094 366 1145 et
378 1103 468 1152 naves
487 1093 645 1159 trecentas,
666 1099 806 1146 venturus
820 1095 851 1146 et
870 1087 1082 1168 supplicaturus
1099 1089 1147 1161 sit,
1164 1091 1222 1150 illis
1257 1149 1259 1156 ,

120 1178 305 1259 adjutoribus
325 1177 446 1238 minimo
459 1195 493 1239 se
513 1196 581 1236 cunr
603 1179 733 1254 periculo
753 1179 931 1240 incolumem
950 1201 1103 1242 erasurum
1124 1182 1223 1244 existi·

118 1290 216 1332 mans.
253 1269 394 1343 Proinde,
414 1271 438 1330 si
448 1270 510 1345 jam
524 1269 693 1341 accersctis,
707 1272 870 1350 supplicess
893 1273 917 1332 si
936 1294 996 1335 non
1020 1276 1222 1353 auscultarint,

11 1397 13 1408 .
119 1362 254 1424 lrusmati
267 1362 365 1425 eritis:
381 1361 427 1421 sin
435 1359 493 1440 ipsi
505 1358 611 1419 vestris
621 1359 712 1438 copiis
723 1360 870 1424 instructis
881 1368 1067 1441 cunctemini,
1077 1371 1223 1450 supplices

121 1455 299 1530 defendetis,
311 1473 408 1534 neque
422 1452 542 1516 dubium
555 1462 602 1513 est
614 1453 685 1532 quin
699 1472 799 1514 omnes
813 1456 851 1515 ed
864 1478 917 1517 vos
930 1461 1045 1520 venturi
1058 1462 1126 1520 sint.

160 1551 192 1610 5.
213 1547 282 1628 Ego
291 1545 388 1626 igitur,
396 1543 601 1618 Athenienses²
615 1553 646 1604 et
654 1543 719 1604 hmo
734 1553 765 1604 et
776 1543 822 1604 his
836 1545 941 1606 similia
952 1557 1101 1626 reputeris,
1112 1553 1224 1614 nubam
1309 1613 1312 1620 ,

121 1641 288 1702 orationem
307 1637 504 1702 confidentem
521 1649 573 1698 sut
592 1655 676 1698 vanas
695 1637 866 1716 prolixitatis
884 1637 1034 1717 exquirere
1053 1641 1149 1712 volui;
1171 1647 1225 1706 sed

121 1751 264 1812 quterram
277 1733 352 1792 ratio
364 1729 564 1791 instructionis
578 1741 609 1790 et
623 1731 733 1815 optima
750 1741 781 1792 et
793 1732 1013 1812 expeditissime
1026 1745 1114 1810 esset,
1128 1743 1225 1800 consi·

121 1825 259 1889 deraudo
271 1824 314 1884 fui
328 1822 514 1887 vehementer
533 1833 709 1903 occupatus:
731 1833 802 1903 puto
815 1823 914 1903 igitur,
923 1826 1138 1909 vobismetipsis
1149 1851 1224 1908 eam,

121 1917 195 1980 sict
207 1916 314 1981 audite
333 1925 364 1976 et
376 1918 499 1996 probata
520 1915 618 1986 fuerit,
638 1934 701 1976 esse
715 1916 940 1978 decernendam.
962 1917 1061 1980 Prima
1078 1923 1176 2002 itaque
1186 1938 1228 1986 et

121 2009 256 2072 maxima
268 2008 464 2070 insmnctionis
484 2026 560 2087 pars,
582 2007 788 2080 Athenienses,
805 2009 871 2070 hoec
891 2022 946 2085 est,
960 2021 994 2072 ut
1009 2015 1131 2094 quisque
1146 2017 1225 2078 ultro

122 2103 265 2164 alacriter
278 2101 358 2163 omui
378 2101 471 2162 officio
490 2100 573 2180 fungi
587 2101 666 2161 velit.
695 2101 772 2162 Illud
795 2103 872 2162 enim
885 2105 1002 2175 videtis,
1022 2108 1225 2185 Athenienses,
1284 2153 1286 2161 ι

122 2213 316 2276 queecnnque
326 2212 456 2272 unquam
469 2193 593 2254 universi
605 2213 658 2258 vos
670 2194 814 2266 voluistis,
827 2205 858 2255 et
871 2206 971 2275 postea
984 2198 1107 2277 quisque
1126 2223 1179 2281 pro
1194 2225 1226 2264 se

123 2286 261 2368 gerenda
284 2286 423 2366 putastis,
447 2303 547 2346 eorum
566 2306 617 2346 ros
645 2285 715 2346 nihil
737 2307 866 2366 unquam
890 2288 1043 2372 effugisse:
1066 2311 1132 2368 quee
1158 2315 1227 2356 vero

123 2377 274 2453 voluistis,
298 2387 484 2458 postautem
505 2377 579 2438 alius
599 2375 687 2438 alium
707 2379 885 2458 respexistis,
906 2390 1045 2460 tanquam
1062 2383 1125 2462 ipse
1145 2386 1229 2462 nihil,

18 2517 24 2530 .
125 2470 281 2552 proximus
303 2470 402 2534 omnis
420 2471 550 2530 lecturus
569 2479 658 2542 esset,
682 2470 712 2528 in
735 2469 771 2528 iis
791 2470 862 2529 nihil
885 2492 1012 2550 unquam
1033 2477 1228 2554 promovistis.

126 2561 223 2634 Quod
237 2564 262 2624 si
275 2583 327 2626 ros
342 2565 384 2624 ita
396 2563 474 2626 eritis
487 2563 711 2644 enimatietque
723 2562 845 2644 incitati,
859 2584 1009 2628 nnmerum
1023 2569 1101 2630 mille
1122 2581 1153 2631 et
1172 2573 1227 2632 dn·
1302 2565 1306 2575 '

124 2667 284 2720 centorum
297 2657 363 2718 dico
373 2677 441 2718 esse
454 2657 670 2737 complendum,
686 2667 716 2718 et
730 2659 905 2739 octingentis
922 2660 1077 2741 adjunctis,
1090 2665 1136 2724 bis
1149 2667 1228 2729 mille

124 2749 298 2812 faciendos:
320 2769 388 2812 nem
402 2751 427 2810 si
440 2750 519 2810 huno
541 2768 693 2808 numerum
712 2749 942 2828 designaveritis,
963 2757 1098 2832 existimo
1111 2759 1229 2838 virgini·

124 2843 184 2902 bns
197 2842 288 2917 orbis,
300 2853 331 2904 et
346 2841 473 2922 pupillis,
489 2852 520 2903 et
531 2841 563 2900 in
582 2841 713 2904 colonias
733 2843 863 2914 abituris,
885 2853 916 2903 et
935 2847 1133 2922 societatibus,
1154 2860 1185 2910 et
1206 2855 1231 2913 si

124 2933 286 3013 qnisquam
296 2935 370 2996 alins
379 2936 461 3015 justo
471 2933 632 2994 detineatur
644 2932 862 3014 impedimento,
870 2932 1006 3015 demptis,
1016 2950 1123 3017 preesto
1131 2941 1230 3002 futura

124 3024 213 3086 vobis
227 3031 352 3104 corpore
363 3026 442 3088 mille
455 3037 486 3086 et
501 3025 637 3086 ducenta.
666 3023 713 3085 Ex
725 3024 771 3086 his
785 3024 872 3104 igitur
885 3025 994 3087 classes
1007 3029 1110 3108 viginti
1123 3051 1229 3096 censeo

124 3115 340 3196 designandas,
350 3124 472 3179 utnunc
486 3126 566 3188 suut,
580 3135 702 3193 querum
716 3114 1229 3201 singulm-sexagenacorpornconti-

126 3218 234 3270 neant.
264 3205 373 3268 Earum
386 3226 471 3287 porro
485 3205 622 3268 clasium
633 3206 762 3286 singulas
776 3208 807 3266 in
817 3210 921 3286 quinas
936 3211 1025 3272 dividi
1037 3219 1229 3298 pertesjubso
1306 3233 1308 3236 ·

125 3302 342 3375 duodenarias,
355 3301 408 3374 sio,
427 3310 461 3360 ut
473 3300 633 3360 tenuissimi
646 3300 755 3378 quique
776 3301 1010 3383 locupletissimis
1023 3307 1229 3392 adjungantur.

125 3397 171 3460 Et
184 3411 312 3474 corporo
324 3394 442 3472 quidem
463 3391 504 3454 sic
519 3389 682 3453 ordinanda
695 3411 760 3452 esse
773 3413 891 3456 censeo.
916 3397 1005 3463 Quod
1018 3420 1071 3461 cur
1085 3421 1230 3481 censeam,

125 3501 196 3554 tum
210 3489 319 3561 scietis,
333 3507 400 3550 cum
419 3495 512 3548 tutam
531 3486 729 3548 instructionis
742 3486 884 3549 rationem
899 3490 1055 3554 audieritis.
1090 3498 1230 3560 'l'riremcs
1329 3565 1335 3572 ,

125 3595 244 3654 autem,
270 3580 440 3661 quomodo?
473 3578 603 3640 Omnino
625 3588 770 3643 trecentas
791 3599 912 3642 numero
935 3585 1066 3647 triremes
1084 3588 1230 3669 designari
1304 3609 1307 3613 ·

120 3676 234 3756 jubeo,
248 3673 320 3734 etin
335 3671 438 3752 viginti
451 3679 560 3751 partes,
578 3691 701 3753 quarum
718 3672 841 3752 singulm
854 3693 945 3736 naves
961 3678 1124 3755 quindenas
1138 3683 1231 3741 conti-
1290 3740 1293 3748 ,

125 3777 236 3840 meant,
257 3764 488 3826 distribuendas:
509 3765 611 3844 primoe
624 3763 773 3836 centuriae,
789 3765 937 3847 quinque;
959 3778 991 3828 et
1009 3771 1146 3830 secundm
1160 3791 1252 3836 een,

124 3859 227 3932 turice,
255 3858 399 3938 quinques
418 3863 454 3916 'et
480 3855 572 3916 tertioe
598 3857 746 3928 centurie,
773 3857 900 3937 quinque
929 3861 1049 3920 neribus
1075 3861 1231 3928 attributis.

128 3951 253 4016 Deinde
272 3949 394 4030 singulis
406 3949 533 4010 virorum
546 3947 688 4010 classibus
709 3950 872 4030 quindenas
885 3969 975 4010 naves
990 3971 998 4007 :
1020 3952 1158 4018 classium
1170 3959 1230 4020 sin.

125 4043 214 4126 gulis
226 4043 366 4122 pertibus,
380 4051 478 4104 ternas
488 4040 618 4102 triremes
633 4041 845 4102 attribuendas.
1320 4123 1327 4129 .

174 4137 207 4196 6.
229 4135 389 4216 Postquam
408 4134 473 4196 hmo
494 4134 536 4194 ita
558 4135 692 4196 coniecto
714 4135 831 4205 luerint,
848 4134 950 4209 jubeo,
973 4129 1122 4218 curn'sgri
1142 4143 1232 4204 nostri

124 4231 291 4294 estimatio
302 4231 341 4291 sit
352 4247 408 4290 sex
417 4227 494 4288 mille
509 4229 663 4301 telentbm,
676 4237 711 4288 ut
722 4239 753 4288 et
765 4225 896 4306 pecuniae
911 4238 1009 4290 certus
1022 4233 1094 4293 ordo
1107 4235 1231 4309 ineatur,

125 4345 200 4388 enm
214 4323 317 4396 dividi,
332 4333 363 4384 et
374 4333 493 4384 centum
501 4322 568 4410 fieri
575 4331 685 4403 partes,
698 4337 821 4400 quarum
829 4320 953 4400 singulas
963 4341 1112 4404 retegens
1122 4329 1233 4388 talenta

128 4417 327 4487 continerem
338 4415 445 4478 deiude
459 4413 610 4496 quinquies
618 4431 766 4493 sexagena
777 4411 889 4476 talenta
901 4414 1021 4495 singulis
1034 4419 1148 4497 magnis
1156 4421 1234 4480 dss-
