2920 4950
521 311 758 376 culmurtca
780 311 838 374 111.
864 356 869 364 .
1189 311 1231 374 93
1257 353 1259 358 .

128 465 262 532 ciuilibus
275 465 381 548 copiis,
389 466 520 528 domum·
531 465 655 530 rediisse
663 487 679 528 ι.
693 467 768 528 men
780 475 880 528 autern
895 467 985 530 veteri
1002 459 1188 550 simplicitate
1202 487 1236 530 se
1327 426 1332 440 .

16 607 17 610 ,
129 569 294 639 gesserunt,
307 559 356 620 vel
369 559 466 639 potius
486 559 636 633 civilitate,
655 569 690 621 ut
702 579 741 620 nc
754 559 880 640 pecunia
893 560 1012 638 quidem
1025 561 1183 641 quicquam
1198 564 1236 623 ab
1263 591 1265 596 ·

16 667 17 672 ’
128 653 190 714 ullo
203 653 395 730 redimerent,
410 653 464 712 sed
478 671 547 714 esse
560 652 721 734 legitimam
738 651 888 732 quandam
907 672 968 713 rem
983 664 1015 714 et
1032 664 1160 734 apertam
1173 656 1237 716 bel-

127 746 200 806 lum.
233 745 325 806 Nunc
337 755 437 832 autem
448 745 552 810 videtis
565 746 666 825 utiquc
676 744 802 824 plurima
810 743 992 825 proditorum
1002 765 1097 826 opera
1102 747 1237 827 periisse,

128 839 201 900 nihil
224 839 257 898 in
278 839 342 900 acie
363 848 416 900 ant
436 857 536 918 pugna
554 839 636 918 gari:
657 837 825 918 Philippum
839 856 911 900 raro
934 837 1052 914 auditis,
1075 859 1136 900 non
1155 841 1238 920 quod

128 931 228 1013 gravia
242 941 398 992 armature
408 930 572 1011 phalangas
586 931 686 1005 ducat,
700 930 847 1010 proticisci
861 948 921 1010 quo
933 929 1015 1004 velit,
1029 931 1088 992 sed
1097 934 1178 1011 quod
1191 935 1237 996 fe·

128 1025 283 1100 tentarios,
296 1026 420 1104 equites,
434 1023 611 1105 sagittarios,
625 1023 804 1106 peregrinos,
818 1025 891 1103 quod
905 1023 992 1084 istius
1005 1025 1239 1090 modi-conflauit
1259 1061 1260 1066 ι

128 1119 302 1180 exercitum.
325 1117 441 1186 Quibus
449 1117 522 1178 dum
534 1117 635 1198 pollet,
650 1137 718 1178 curn
730 1118 762 1176 in
776 1135 827 1178 eos
844 1117 927 1176 irruit
941 1117 992 1197 qui
1005 1115 1154 1180 discordia
1162 1120 1238 1182 iuter

128 1231 163 1272 se
176 1211 325 1284 laborant,
339 1229 464 1289 cumque
476 1228 564 1272 nemo
578 1229 632 1290 pro
645 1208 709 1290 agri
726 1207 898 1270 defensione
911 1219 1030 1288 propter
1042 1209 1237 1272 diffidentiam

35 1317 40 1330 '
127 1304 239 1383 prodit,
253 1303 392 1364 adductis
406 1302 548 1386 machinis
562 1302 629 1364 illos
643 1310 806 1384 oppugnat.
830 1345 832 1348 -
848 1301 888 1361 Et
904 1308 991 1363 taceo
1010 1301 1083 1362 nihil
1100 1322 1168 1364 cunr
1182 1303 1238 1367 ha·

127 1399 199 1458 bere
213 1396 391 1456 discriminis
404 1395 478 1456 inter
490 1405 624 1457 natatem
638 1404 668 1457 et
681 1392 826 1476 hyemem,
840 1413 939 1474 neque
950 1393 1044 1454 ullum
1054 1395 1097 1456 illi
1111 1398 1151 1457 sit
1161 1407 1238 1458 tem·
1296 1451 1299 1456 r

129 1511 186 1572 pus
201 1490 343 1550 eximium
352 1489 433 1570 quod
446 1491 628 1550 intermittat.
658 1487 1238 1556 Quemmomnesseianretvobiscum
1334 1523 1338 1536 r

98 1660 102 1664 Ι
129 1585 284 1664 reputetis,
302 1602 363 1642 non
385 1593 572 1665 oportetvos
590 1582 702 1644 bellurn
717 1581 750 1642 in
768 1590 897 1642 vestram
917 1579 1058 1642 ditionem
1073 1583 1240 1659 admittere,

129 1697 228 1756 neque
242 1687 278 1737 nt
290 1676 362 1736 dum
377 1677 416 1738 ad
434 1675 571 1740 Laconici
586 1676 658 1736 belli
672 1674 889 1756 simplicitatem
905 1674 1144 1754 respicitis-colla
1157 1677 1239 1738 fran-

132 1771 219 1851 gatis,
235 1769 291 1836 sed
311 1789 401 1850 quam
413 1769 583 1832 'diutissime
601 1781 671 1830 ante
689 1768 864 1846 carendum,
883 1780 919 1828 ec
938 1768 1034 1839 rebus,
1048 1769 1186 1848 gerendis
1208 1781 1240 1831 et

133 1864 323 1943 apparatibus
337 1883 376 1924 ne
389 1864 465 1922 domo
479 1881 512 1923 se
526 1872 642 1923 moveat
659 1861 856 1932 efficiendum,
870 1880 930 1921 non
940 1863 1084 1923 consertis
1102 1863 1239 1924 manibus

132 1956 358 2018 decertandum.
399 1955 478 2016 Nam
497 1955 536 2018 ad
556 1955 666 2016 belluna
681 1955 782 2014 multe
796 1966 902 2016 natura
914 1953 1000 2014 nobis
1019 1965 1091 2018 sunt
1108 1975 1239 2018 commo·

132 2051 254 2120 ditates,
270 2049 407 2113 modona
420 2049 661 2121 facerevelimus,
674 2047 901 2126 quaedabemus,
915 2047 1119 2122 Athenienses,
1134 2061 1240 2112 natura

133 2144 264 2224 regionis
278 2157 347 2222 quse
359 2142 402 2203 illi
414 2153 509 2223 paret,
528 2141 613 2222 cujus
633 2159 771 2225 magnam
783 2149 897 2220 partem
914 2140 1059 2202 hostiliter
1072 2141 1196 2221 diripere
1209 2153 1241 2203 et
1266 2187 1269 2190 -

133 2237 274 2298 infestare
284 2237 454 2316 poterimus
465 2236 522 2298 aha
532 2241 687 2296 sexcenta
708 2233 761 2297 red
772 2233 811 2294 ad
820 2232 953 2314 proehum
962 2233 1066 2295 melius
1076 2233 1136 2306 ille
1149 2253 1240 2352 quam

134 2350 200 2406 nos,
215 2339 264 2390 est
277 2337 475 2408 occuparetur.

126 2431 130 2442 ⁴
177 2423 226 2484 ll.
248 2421 353 2500 Neque
367 2440 436 2482 vero
450 2419 565 2481 solum
557 2431 599 2481 ita
612 2421 798 2482 sentiendum
812 2430 868 2495 est,
882 2431 933 2483 aut
946 2421 995 2498 illa
1014 2421 1084 2482 belli
1103 2423 1240 2502 operibus

134 2513 337 2584 ulciscendus,
354 2514 452 2575 sedet
470 2515 568 2574 auimo
584 2525 617 2574 et
636 2515 815 2593 cogitatione
835 2510 1002 2576 detestandi
1005 2515 1077 2595 ,qui
1093 2516 1170 2608 apud
1186 2534 1239 2579 vos

134 2608 200 2688 ejus
220 2622 343 2668 causam
361 2616 490 2680 tuentur,
509 2606 774 2713 cogitandumque
778 2627 839 2667 non
857 2627 943 2687 posse
962 2627 1016 2668 vos
1034 2601 1134 2670 hostes
1154 2620 1242 2670 extra

135 2703 238 2762 urbem
249 2716 396 2779 superare,
410 2699 580 2794 priusquam
594 2718 646 2760 eos
659 2701 711 2776 qni
720 2701 797 2758 intra
809 2701 911 2760 urbem
921 2700 978 2760 illis
988 2719 1107 2780 operam
1122 2713 1241 2776 navant,

134 2791 346 2874 puniveritu's.
362 2793 463 2865 Quod,
475 2775 518 2851 ita
530 2811 577 2851 me
592 2802 671 2852 amet
683 2792 801 2872 Jupiter
815 2792 920 2872 aliique
936 2793 989 2853 dii!
993 2811 1106 2872 neque
1119 2797 1241 2873 potestis
1278 2833 1303 2872 ·.
1333 2863 1338 2870 x

136 2905 187 2947 ros
201 2887 303 2946 facere
317 2903 413 2964 neque
423 2883 521 2955 vultis,
533 2883 585 2944 sed
597 2902 633 2944 en
646 2885 776 2965 prolapsi
792 2887 863 2946 estis
879 2885 1012 2946 stultitiae
1026 2887 1074 2946 vel
1085 2887 1241 2948 dementiae

135 2978 182 3040 vel
196 2977 298 3038 nescio
316 2976 390 3056 quid
409 2977 750 3056 dicam-sepenumero
773 2981 852 3041 enim
869 2979 940 3039 mihi
959 2979 1048 3038 etiam
1064 2979 1137 3038 illud
1150 2982 1242 3040 vereri

136 3070 226 3144 subit,
241 3089 280 3130 ne
293 3087 403 3130 numen
416 3069 536 3150 aliquod
545 3089 592 3129 res
611 3070 789 3148 agitet-ut
801 3069 926 3131 convicii
936 3063 1114 3131 autinvidrn
1129 3083 1180 3131 aut
1195 3073 1241 3132 tli-
1320 3123 1323 3133 .

133 3163 216 3222 nterii
228 3163 323 3242 gratia
340 3172 392 3222 aut
407 3179 583 3241 quacunque
597 3162 716 3222 demum
732 3162 771 3223 de
784 3183 873 3224 causa
885 3161 1018 3223 homines
1032 3165 1241 3238 mercenarios,

135 3272 263 3334 quorum
276 3254 395 3333 quidam
408 3253 489 3314 haud
502 3255 635 3332 negaturi
650 3255 754 3316 sintae
767 3275 834 3316 esse
848 3255 934 3328 tales,
952 3255 1051 3316 dicere
1059 3255 1198 3335 jubeatis,
1212 3269 1244 3318 et

135 3345 268 3418 rideatis,
290 3343 434 3425 siquibus
447 3345 721 3407 conviciafeceriut
763 3347 869 3428 Neque
890 3347 947 3420 hnc
967 3365 1132 3432 summopore
1148 3369 1242 3428 grave

136 3449 192 3514 eat,
205 3455 379 3519 quanquam
392 3458 495 3520 grave:
513 3437 572 3498 sed
586 3449 618 3498 ct
632 3437 707 3498 illud
719 3440 762 3500 eis
783 3440 917 3512 dedistis,
936 3449 969 3499 ut
982 3439 1094 3502 minore
1108 3460 1175 3502 cum
1189 3463 1242 3523 pe·
1265 3475 1267 3482 ·

135 3533 231 3592 riculo
252 3532 386 3613 rempub.
408 3539 523 3612 gerant,
541 3549 630 3610 quam
648 3531 738 3593 vestri
759 3532 941 3594 defensores.
988 3531 1081 3612 Atqui
1100 3543 1242 3614 spectate,

136 3632 252 3702 quanta
263 3643 303 3683 cx
318 3642 353 3684 co
365 3623 444 3700 mala
453 3623 608 3698 exsistant,
619 3622 699 3702 quod
714 3644 765 3686 eos
779 3627 830 3703 qni
847 3625 922 3686 talea
941 3625 1130 3688 sunt-audire
1144 3626 1243 3688 vultis.

124 3715 246 3776 'Dicam
260 3726 359 3778 antem
374 3736 420 3788 ea,
435 3728 616 3795 quoe'omnes
629 3735 696 3778 essa
710 3717 791 3778 facta
803 3719 981 3796 agnoscetis.

180 3811 230 3868 12.
242 3808 366 3870 Ensur
378 3808 510 3888 Olynthi,
520 3809 599 3869 exiis
609 3807 660 3887 qui
670 3810 758 3870 rebus
768 3803 959 3890 prefuerunt,
973 3810 1105 3870 nonnulli
1115 3811 1244 3889 quicum

136 3900 278 3980 Philippo
291 3901 440 3964 faciebant
453 3901 539 3980 cique
552 3902 582 3962 in
596 3902 730 3962 omnibus
745 3903 978 3977 subserviehant,
990 3903 1122 3963 nonnulli
1132 3905 1193 3984 qui,
1210 3917 1245 3966 ut
1272 3931 1274 3934 ·

137 3992 250 4072 optima
263 3993 384 4054 valeant
395 3994 509 4054 conniis
522 4004 552 4053 et
568 4013 606 4054 ne
621 3994 752 4054 servituti
765 3995 843 4056 cives
859 3996 1046 4067 dederentur,
1061 3995 1243 4060 laborabant.
1267 4042 1271 4052 »

138 4085 206 4147 Utri
217 4105 292 4166 ergo
306 4086 431 4166 patriam
444 4086 645 4166 perdiderunt,
661 4096 712 4147 aut
722 4089 778 4148 utri
792 4090 907 4166 equites
920 4088 1126 4168 prodiderunt,
1137 4091 1245 4172 quibus

135 4179 273 4260 proditis,
289 4179 438 4260 Olynthus
452 4179 576 4240 interiit?
597 4180 657 4248 Qui
667 4179 795 4260 Philippi
804 4183 1004 4258 sequebantur
1011 4193 1119 4262 partes,
1135 4185 1245 4266 quique
1267 4227 1269 4236 .

136 4285 211 4348 tum,
227 4292 297 4334 cum
315 4283 407 4334 staret
426 4275 541 4344 civitas,
566 4273 673 4352 optime
688 4273 876 4334 consulentes
895 4274 975 4334 cives
993 4277 1032 4336 ita
1047 4278 1200 4337 calumniis
1213 4288 1246 4338 et

137 4366 308 4427 criminibus
322 4367 558 4446 proscindebant,
580 4367 716 4426 utetiam
733 4365 771 4426 ad
785 4365 958 4446 ejiciendum
971 4369 1176 4449 Apollonidem
1189 4389 1244 4450 po·

138 4459 227 4539 pulus
238 4459 452 4542 ,olynthiorum
468 4453 675 4540 impelleretur.
718 4457 823 4538 Neque
835 4478 907 4548 'vcro
919 4461 1001 4541 apud
1020 4460 1073 4523 hos
1094 4460 1246 4524 solonista
