2886 4946
562 272 830 374 necosorrn.
1179 302 1244 380 ἰιι

145 433 290 498 Διιιιιιίιιιιι,
301 440 371 502 plane
382 439 484 489 riolusse
500 451 632 504 compertus
643 452 690 500 est,
705 445 791 504 spretis
802 431 963 506 'jurejnnsdts
981 441 1058 504 lisque
1077 435 1246 512 omnibusque

151 517 213 578 apud
224 518 349 566 universos
361 519 456 566 Graecos
468 525 548 566 sancte
562 520 719 582 perhibentur,
736 529 760 568 et
778 520 849 567 arbes
867 519 997 568 nullatenus
1009 521 1039 567 ed
1060 535 1086 567 se
1104 520 1247 582 pertinentes

147 593 283 654 intercepit,
295 593 416 640 nonnullius
433 594 502 642 etiem
520 611 571 656 ques
591 604 645 643 sunt
663 596 835 644 Atheniensium
853 595 957 656 captivas
972 597 1036 654 iecit,
1048 597 1110 644 nulle
1127 613 1141 643 s
1159 600 1246 662 populo

148 671 288 718 Atheniensi
299 671 441 718 lacessitus'
434 665 525 732 rnJuria,
537 680 585 720 ιιιιι
597 674 665 720 etiam
683 673 726 720 hou
743 679 847 733 tempore
863 674 885 718 ri
904 681 927 719 et
946 674 1248 742 crudelitatelcnginspro-

148 747 271 808 greditnr:
289 761 341 792 narn
352 763 382 793 ex
392 748 489 794 Graeciae
501 747 605 803 urbibus,
614 749 665 796 aliie
676 747 800 810 praesidis
794 748 891 809 imponit
902 755 925 796 et
936 737 1068 810 reipublicae
1086 757 1168 796 statum
1180 766 1247 798 ever-

147 823 186 879 tit,
197 825 256 870 alies
267 823 378 869 civibus'
372 839 395 870 ιιι
406 823 540 883 servitutem
552 825 654 871 reductis
664 823 803 880 exscindit,
795 839 818 870 ιι
825 823 877 870 aliia
888 823 982 872 colonos
992 825 1100 870 barbercs
1107 839 1150 885 pro
1158 823 1247 872 Gr'aecis

148 901 276 956 collocet,'
270 915 295 946 ιι
305 914 372 948 sacra
383 908 452 960 atque
459 901 566 960 sepulcre
577 901 693 957 inductos,
702 900 759 948 nibil
776 901 875 948 alienum
886 915 960 962 neque
972 901 1048 962 patria
1059 915 1132 961 neque
1143 902 1246 950 moribus

151 977 203 1024 suis
210 977 307 1034 iaciens
322 993 396 1037 esque
405 993 456 1038 quse
464 993 525 1024 nuno
539 978 561 1024 ei
576 980 643 1026 adest
656 979 748 1026 fortuna
758 977 937 1039 intemperanter
947 977 1080 1038 perfruens,
1087 978 1174 1026 oblitus
1182 994 1208 1026 se
1217 997 1247 1028 ex

153 1054 236 1102 humili
248 1053 347 1114 quodem
359 1059 383 1100 et
394 1054 485 1115 vulgari
496 1053 580 1102 iactam
592 1070 645 1102 esse
661 1055 780 1116 insperato
792 1069 948 1115 magnnm,-
951 1055 1005 1100 ,Ει
1015 1053 1123 1113 quamdiu
1132 1056 1234 1102 urbes
1213 1071 1246 1102 rr·

152 1131 286 1177 debetcum
298 1128 439 1190 intercipere
457 1131 564 1177 barbaras
579 1146 605 1177 uo
621 1131 732 1192 privatas,
745 1129 819 1178 lerina
829 1131 853 1177 id
865 1147 917 1178 esse
933 1131 1026 1192 putebat
1038 1129 1139 1191 populus
1151 1131 1247 1178 Atheni-

147 1201 223 1262 ensis,
235 1205 317 1267 qnod'
311 1221 334 1251 ιι
347 1220 372 1251 se
384 1213 532 1267 peccaretur.
550 1203 609 1253 nuuc
619 1221 674 1254 vero
686 1221 738 1253 onnr
750 1213 829 1253 cernat
839 1206 935 1256 Greeciae
944 1203 1013 1254 urbes
1024 1206 1126 1275 partim
1115 1208 1247 1274 ¹ignominis

142 1283 220 1339 affici,
230 1282 315 1343 purtim
326 1281 429 1328 ineditus
440 1282 514 1328 everti
516 1282 640 1343 ,iniquum
649 1288 672 1330 et
681 1285 793 1344 maJ'orurn
805 1296 897 1330 suorum
909 1283 1107 1345 gloriaindignum
1116 1284 1248 1340 esseduoit,

151 1362 172 1409 si
188 1376 215 1408 se
227 1360 366 1408 connivente
377 1359 478 1406 Grseci
471 1375 495 1406 ιιι
513 1360 649 1408 servitutem
662 1361 802 1422 redigantur.
836 1361 997 1423 Propterea
974 1377 1048 1408 rreum
1060 1369 1095 1408 est
1106 1363 1193 1410 senatui
1204 1378 1247 1424 po·
1337 1397 1340 1404 ,

152 1440 255 1527 pulpque
267 1436 410 1502 Atheniensi,
419 1442 453 1493 ut,
464 1437 525 1484 votis
534 1453 560 1484 au
573 1436 691 1484 sacrificiis
698 1436 741 1485 rite
751 1438 820 1485 factis
829 1437 874 1486 diis
882 1445 951 1498 atque
960 1439 1069 1485 heroibus
1078 1438 1118 1499 qui
1128 1438 1245 1486 civitatem

150 1515 316 1594 regionemque
335 1513 509 1560 Atheniensium
524 1513 665 1570 custodiunt,
679 1520 704 1561 et
718 1515 850 1561 revoceta'
844 1530 867 1560 ιιι
882 1513 1015 1566 memoriam
1032 1517 1142 1575 maJornm
1152 1530 1246 1578 snorum

150 1584 249 1645 virtute,
257 1590 392 1651 quippei
353 1590 392 1650 qni
404 1588 478 1651 pluris
491 1589 642 1637 restituebant
648 1591 782 1638 Graeoorurn
794 1591 922 1638 libertatern
934 1606 1001 1652 quarn
1012 1589 1128 1658 proprium
1136 1591 1195 1638 tueri
1206 1608 1247 1654 pa·

152 1670 229 1724 triam,
240 1669 348 1715 ducentes
356 1682 429 1713 nares
440 1665 464 1712 in
476 1681 538 1714 mare
545 1667 698 1722 deducantur
709 1667 839 1714 navarchus
855 1667 915 1714 intra
920 1663 996 1728 Pylas
1011 1665 1114 1726 naviget,
1124 1666 1250 1727 imperator

153 1753 177 1794 et
192 1745 297 1808 equitum
311 1744 436 1806 preelectus
447 1742 569 1804 pedestres
579 1750 603 1790 et
615 1750 735 1809 equestres
748 1744 829 1805 copisa
848 1743 980 1791 Eleusinem
999 1743 1113 1791 educent.
1129 1744 1252 1790 mittuntur

153 1823 223 1872 etiam
233 1821 362 1888 legetitnm
377 1820 406 1868 ad
425 1825 524 1867 eeteros
535 1821 639 1875 Grssoos,
654 1826 703 1867 turn
720 1820 820 1868 omniurn
837 1819 935 1882 primunr
947 1820 975 1866 ad
988 1818 1112 1866 Thebanos
1125 1825 1250 1882 propteres

154 1900 217 1962 quod
226 1898 321 1946 illorum
332 1897 415 1944 tinibus
425 1895 524 1944 maxime
535 1895 640 1942 imminet
651 1895 788 1957 Philippum
807 1911 846 1957 qur
839 1896 974 1944 hortentur
985 1910 1035 1951 eos,
1045 1902 1072 1941 ut
1083 1895 1139 1942 nihil
1157 1894 1247 1956 Philip·

154 1990 210 2038 parn
221 1961 397 2022 reformidantes
403 1979 533 2019 cornetanter
544 1972 655 2020 retineant
664 1988 728 2019 snam
739 1971 880 2032 aliorumque
893 1972 1026 2019 Groeoorum
1033 1966 1177 2020 libertatem.
1205 1971 1249 2020 Di·

155 2060 209 2102 cnnt
224 2053 293 2100 etism
306 2049 417 2112 populum
428 2047 600 2104 Atheniensem,
609 2064 671 2096 ornnr
664 2047 822 2094 offensarum
833 2048 943 2096 memoria
953 2047 1069 2108 deposita,
1086 2048 1106 2094 si
1123 2048 1187 2109 quid
1192 2048 1247 2096 olirn

155 2133 237 2179 durius
252 2131 312 2176 inter
323 2127 432 2175 civitates
447 2127 609 2182 intercesserit,
621 2141 689 2187 opem
700 2122 730 2172 iia
743 2125 843 2172 laturum
854 2139 915 2180 esse,
925 2124 1010 2185 copiis,
1021 2125 1127 2185 pecnnia,
1140 2125 1203 2181 telis,
1212 2140 1249 2172 sr-

151 2210 210 2266 rnis,
221 2223 274 2256 curn
291 2207 351 2254 sciat
367 2206 432 2268 ipsos
449 2205 509 2252 inter
526 2220 560 2261 se,
574 2205 614 2265 qni
631 2203 719 2251 Greci
724 2210 786 2259 sunt,
802 2203 831 2250 de
846 2201 978 2264 principatu
989 2203 1117 2258 decertare,
1128 2203 1249 2250 honestum

156 2303 217 2341 esse,
226 2284 362 2345 sliesigense
370 2291 446 2328 auteur
462 2280 560 2328 bominis
577 2280 718 2334 dominatum
732 2279 810 2343 subire
824 2278 1003 2345 principatuque
1014 2279 1043 2324 eb
1055 2293 1083 2324 en
1091 2278 1194 2338 spoliari,
1203 2279 1248 2326 boo

156 2378 214 2412 vero
229 2371 253 2408 et
263 2364 403 2409 ¹Graecorum
417 2359 490 2420 gloria
505 2366 529 2406 et
544 2359 655 2418 majorum
674 2371 768 2404 snorum
787 2355 871 2403 virtute
890 2370 943 2400 esse
959 2353 1086 2415 indignum.
1130 2355 1249 2402 Praeterea

149 2456 204 2487 erec
214 2441 313 2487 alienum
325 2455 339 2485 s
351 2435 606 2498 sereputurepcpulum
619 2432 785 2480 Atheniensem
794 2431 954 2478 Thebanorum
964 2431 1083 2492 populum,
1091 2423 1249 2492 neqne'stirpe

158 2532 235 2578 usqne
245 2516 380 2576 gentilitate.
414 2513 539 2560 Recorduri
551 2511 622 2559 etiam
630 2507 715 2558 colluta
725 2524 739 2556 a
750 2501 875 2569 majoribus
887 2508 936 2554 suis
946 2507 970 2555 in
982 2510 1079 2569 majores
1090 2501 1249 2555 Thebanorum

158 2592 286 2640 beneficia:
302 2605 400 2650 namque
412 2589 522 2636 Herordis
534 2587 604 2644 lilios,
621 2603 635 2634 a
651 2583 827 2647 Peloponnesiis
839 2593 933 2648 peteme
943 2583 1043 2674 imperio
1054 2581 1174 2646 spoliatos,¹
1184 2584 1251 2632 resti·

156 2671 263 2726 tuebant,
273 2669 336 2716 bello
344 2665 468 2714 devictis
452 2681 481 2714 ιιι
493 2681 532 2727 qur
524 2665 615 2712 soboli
629 2663 740 2712 Herculis
756 2661 865 2720 resistere
882 2660 986 2724 aggressi
1003 2666 1063 2716 sunt,
1079 2677 1166 2722 nosque
1183 2661 1250 2708 OEdi·
1294 2717 1301 2738 Ι

154 2755 241 2810 puniet
253 2745 332 2794 exsilii
345 2746 380 2794 sui
392 2744 469 2792 socios
484 2743 631 2806 excepimus,
642 2741 733 2806 aliaque
745 2741 816 2788 inulta
831 2739 898 2788 nobis
914 2746 1007 2788 exstant
1024 2740 1121 2786 hnrnsns
1141 2746 1220 2804 atque
1221 2739 1252 2786 ir-

155 2825 239 2872 lustria
247 2822 360 2870 beneficia
371 2838 426 2883 erga
432 2822 561 2868 leebanoa
594 2821 676 2880 Itaque
685 2833 714 2864 ne
725 2833 785 2865 nunc
796 2815 888 2876 quidem
897 2809 1009 2878 pop'ulurn
1018 2815 1182 2863 Atheniensem
1192 2817 1251 2864 'l'lre-

157 2905 268 2948 benorum
276 2899 462 2960 reliquorumque
475 2898 608 2944 Graecorum
620 2891 746 2942 commodis
757 2887 898 2941 defuturum.
932 2887 1062 2941 Pactionern
1073 2901 1148 2940 eutem
1157 2909 1209 2940 cunr
1221 2895 1251 2942 iis

145 2965 245 3028 iaciant
260 2978 328 3041 legati
341 2977 370 3024 de
387 2975 487 3022 ineunda
500 2973 620 3029 socictate,
630 2979 653 3018 et
661 2971 715 3035 jure
727 2970 834 3018 connubii
845 2969 975 3027 tribuendo,
985 2971 1085 3030 dentque
1091 2964 1251 3030 jusjurandum

144 3063 183 3104 et
198 3055 322 3115 accipiant.
354 3051 437 3113 legati
454 3050 624 3098 Demosthenes
638 3046 828 3117 Demosthenisl'.
837 3045 988 3102 Paeaniensis,
999 3042 1133 3107 Hyperides
1141 3043 1249 3094 Cleandri

156 3131 288 3195 Sphettius,
298 3128 453 3178 Mnesitbides
464 3125 601 3187 Antiphanis
612 3123 771 3182 Phrearrhins,
782 3125 934 3171 Democrates
950 3123 1039 3184 Snphili
1052 3122 1180 3183 Pleeusis,
1194 3125 1249 3172 Gal-

155 3212 270 3280 laesobrus
281 3207 379 3256 Dictimi
391 3206 572 3277 Gothoeidea.

197 3326 247 3384 56.
268 3321 439 3382 Hocreruun
452 3305 1249 3396 Thebanorumprincipiumconstitutioqneprimafriit,

156 3437 224 3478 cum
239 3425 327 3476 antea
340 3415 369 3472 in
380 3412 544 3474 inimicitias
557 3421 587 3471 et
600 3411 698 3472 odium
713 3419 744 3470 et
763 3407 955 3469 diffidentiam
969 3418 1099 3468 mutuam
1113 3408 1249 3469 addictoe

157 3519 259 3570 essent
282 3507 412 3566 civitates
433 3506 555 3565 istorum
580 3504 667 3565 dolis.
708 3501 774 3561 Hoc
800 3500 982 3579 plebiscitum
1008 3501 1160 3560 imminens
1187 3513 1248 3560 ιιιιιι

157 3601 298 3682 temporis
316 3598 425 3659 civitati
440 3597 600 3678 periculum
619 3594 738 3674 dispulit
752 3593 827 3654 sicut
839 3595 970 3652 nubem'
999 3593 1070 3653 Erat
1081 3595 1168 3672 igitur
1180 3593 1250 3652 boui

158 3695 242 3766 civis,
257 3692 360 3798 siquid
375 3691 421 3750 his
434 3689 538 3750 melius
550 3689 683 3760 haberet,
692 3697 762 3747 tunc
777 3687 941 3760 ostendere,
955 3706 1085 3764 nonque
1096 3695 1176 3764 gestu
1188 3695 1252 3744 ιιιιιι

156 3807 238 3848 nunc
251 3785 404 3846 criminari.
446 3781 637 3843 Consiliarius
652 3779 728 3839 enim
748 3789 778 3840 et
798 3779 921 3852 delator,
935 3799 1001 3838 cum
1015 3778 1095 3837 nulls
1108 3777 1184 3836 elia
1177 3797 1207 3836 ιι
1220 3798 1252 3839 re

157 3881 268 3943 similes
287 3878 360 3946 sint,
377 3885 440 3935 tum
460 3875 490 3933 in
511 3874 566 3934 hac
586 3873 742 3953 plurimum
762 3871 938 3950 discrepent.
981 3871 1033 3929 llle
1047 3868 1163 3947 quidem
1184 3881 1256 3932 ante

158 3991 216 4034 res
231 3979 332 4050 gestes
352 3966 506 4028 consilinm
527 3967 658 4044 exponit,
673 3985 763 4043 seque
776 3965 841 4044 ipse
854 3963 1013 4022 rationibus
1027 3962 1187 4022 referendis
1199 3967 1250 4024 ob-

159 4065 279 4125 noxium
291 4059 411 4123 tradit
393 4079 429 4120 ns
449 4078 523 4138 quos
545 4057 700 4138 persuasit,
722 4058 854 4128 lemures,
873 4053 1062 4131 temporibus,
1076 4055 1251 4134 unicuique·

156 4159 208 4220 hic
221 4168 319 4218 autern
342 4165 406 4214 urm
428 4172 496 4214 curn
509 4151 688 4230 loquendum
702 4149 806 4208 luisset
819 4145 935 4205 silentio
949 4153 1032 4218 risus,
1047 4146 1071 4206 si
1090 4148 1159 4226 quid
1173 4147 1253 4209 acer·

155 4253 224 4318 hius
246 4248 364 4319 eccidit,
384 4245 415 4304 id
436 4245 575 4304 malevole
595 4240 765 4322 proscindit.
808 4237 888 4296 illud·
899 4237 995 4316 igitur,
1010 4250 1043 4298 ιι
1050 4239 1125 4314 dixi,
1138 4247 1252 4318 ternpus

120 4348 129 4352 ’
152 4343 430 4423 fuit,quedri1um
449 4339 615 4417 requirebat
630 4336 667 4396 de
688 4331 1254 4413 republicavsoiicitrrrn‘deque‘salutari'-

154 4443 215 4501 bus
228 4435 358 4498 consiliis
376 4431 570 4513 pefferendir:
591 4445 648 4506 ego
660 4443 728 4490 vero
743 4431 872 4503 eousque
886 4425 977 4485 ιιιιιι
991 4424 1156 4504 procedere,
1176 4433 1210 4483 ιιι
1229 4425 1255 4484 si
