2932 4952
143 255 144 265 ‘
197 227 262 326 aar
301 231 302 234 ‘
570 261 737 323 cousus
758 261 927 324 niutan.

90 417 91 422 ’
195 437 300 482 censeo
315 415 404 478 modo
418 417 553 497 agitarer,
571 428 738 496 quanquam
753 435 809 484 nec
822 416 950 498 omnium
965 413 1192 488 desertissime,
1203 412 1303 496 neque

196 511 281 571 nimis
289 514 403 590 pauper
416 519 504 590 atque
514 511 611 588 inops,
626 509 697 588 quid
711 527 797 588 agere
812 509 946 580 debeam,
960 505 1165 581 Athenienses,
1179 522 1243 568 non·
1255 505 1303 566 in-'

196 603 293 664 renio.
328 603 360 662 Si
379 601 449 684 quid
463 603 539 663 enirn
554 601 643 661 etiam
655 603 713 662 hec
727 603 763 662 de
777 621 808 661 rc
818 601 881 681 jam
905 601 1062 690 dicendum
1085 609 1142 672 est,
1162 619 1222 664 non
1237 601 1303 680 pari·

195 715 339 775 oequoque
344 697 420 774 jure,
427 692 763 764 Athenienses,riuimus
772 713 839 752 curn
846 692 992 772 opulentis
1001 693 1224 756 nosteuuiores:
1239 712 1298 752 nou

196 788 335 856 vivimus;
350 806 407 846 non
421 807 429 846 r
446 787 499 846 sed
513 796 543 846 et
556 783 709 846 dilationes
724 784 845 846 sistendi
857 784 1020 864 sejudicio,
1030 803 1105 863 quas
1118 785 1172 864 ipsi
1185 786 1302 856 volunt:

196 881 238 939 eis
252 879 471 948 conceduntur3
494 888 523 938 et
536 879 648 959 injurias
659 878 780 938 istorum
794 878 935 938 obsoletae
944 877 1006 956 jam
1020 888 1052 937 et
1063 879 1179 956 frigidas
1193 878 1231 940 ad
1246 884 1313 937 voss

195 972 376 1050 perveniunt.
399 971 461 1030 Nos
471 980 568 1030 autem
581 971 724 1050 reliquum
737 969 855 1048 uulgus,
866 969 890 1029 si
903 969 976 1048 quid
984 966 1301 1049 contigitreoentibus

197 1064 294 1124 adhuc
314 1064 428 1124 delictis
452 1064 482 1122 in
491 1063 634 1143 judicium
656 1062 837 1124 adducimur.
865 1063 904 1132 Et
916 1071 1007 1122 testes
1027 1062 1089 1122 istie
1107 1063 1137 1121 in
1161 1073 1299 1142 promptu
1357 1095 1361 1104 v
1451 1137 1452 1144 ἵ

161 1227 163 1232 ,
197 1167 276 1227 sunt,
291 1168 321 1216 et
341 1155 477 1216 advocati
499 1173 601 1214 omnes
626 1154 755 1233 expediti
774 1163 875 1214 contra
897 1173 970 1214 nos:
992 1153 1060 1213 mihi
1076 1172 1146 1214 vero
1160 1173 1216 1216 neo
1230 1173 1299 1216 vera

199 1251 301 1309 testari
310 1250 385 1309 velle
397 1248 541 1329 quosdam
555 1247 683 1308 cernitis.

240 1344 288 1400 33.
315 1341 353 1416 Et
366 1341 430 1400 haec
448 1339 566 1420 quidem
586 1359 651 1400 cum
676 1339 812 1421 lacrymis
830 1340 935 1400 dixerit
957 1341 1073 1418 aliquis,
1094 1343 1221 1422 opinor.
1238 1342 1299 1404 Sed

197 1435 293 1514 legem
308 1433 378 1493 mihi
391 1433 492 1506 recita,
507 1431 754 1512 quemadmodum
768 1452 924 1512 coeperam.
964 1432 1080 1494 Recita.

703 1594 794 1654 LEX.

224 1725 314 1800 Siquis
326 1723 499 1773 Atheniensium
514 1726 543 1772 ab
554 1724 630 1786 aliquo
640 1725 767 1786 acceperit,
780 1732 819 1773 sut
828 1723 881 1787 ipse
892 1724 959 1772 alteri
969 1723 1059 1774 dederit
1068 1741 1075 1786 ς
1084 1732 1124 1772 sut
1133 1725 1246 1786 pollicitis
1258 1727 1299 1774 uli·

199 1819 258 1865 quos
272 1802 412 1863 comperit,
431 1803 461 1849 sd
472 1803 600 1849 nocendum
610 1801 707 1862 populo,
718 1803 758 1849 rel
771 1802 882 1862 priuatim
898 1802 970 1850 eboni
986 1802 1081 1858 cirinen,
1094 1803 1163 1849 niodo
1177 1803 1298 1852 snsohlus-

197 1881 292 1934 tioners
303 1893 449 1946 quacunque,
459 1877 625 1940 ignominiosus
636 1884 688 1925 esto
699 1885 748 1926 tum
759 1879 819 1940 ipss,
830 1886 880 1927 turn
895 1879 970 1937 liberi,
982 1885 1030 1926 tuns
1042 1877 1153 1940 quicquid
1165 1881 1217 1940 ejus
1228 1887 1273 1928 est.

197 1995 259 2055 Iste
272 2005 369 2054 autem
379 2001 439 2052 tam
451 2003 497 2053 est
508 1992 597 2052 lromo
607 1993 709 2072 impius
724 2002 754 2052 et
769 1989 908 2071 pollirtns,
922 1993 1001 2052 etad
1012 1991 1127 2071 quidvis
1138 1991 1297 2052 dicendum

196 2087 423 2164 faciendumque
437 2094 745 2165 paratus—verumne
760 2083 849 2144 sitan
870 2085 987 2157 falsum,
1002 2084 1128 2144 amicum
1146 2093 1301 2163 oppugnet

158 2249 161 2258 Α
197 2198 235 2238 an
256 2178 412 2248 inimicum,
435 2176 465 2236 id
480 2193 572 2257 genus
591 2186 697 2250 cetera,
711 2176 796 2255 pensi
814 2173 885 2236 nihil
900 2177 1063 2247 habens-‚
1080 2186 1112 2235 ut
1130 2197 1190 2246 me,
1210 2195 1298 2255 quern

197 2270 346 2331 homicidii
360 2271 538 2330 crimanatus
558 2269 665 2348 fuerat,
679 2279 762 2330 tanto
777 2268 886 2328 scelere
900 2270 1026 2344 objecto,
1040 2267 1229 2328 nihilominus
1246 2277 1299 2348 pro'

196 2362 317 2422 feliciori
332 2353 452 2422 senatus
466 2362 611 2440 ingressu'
624 2381 684 2422 rem
707 2361 833 2420 divinam
848 2360 956 2434 facere,
970 2371 999 2420 et
1010 2360 1184 2432 sacrificare,
1207 2371 1238 2421 et
1257 2361 1301 2422 vi*

145 2495 150 2510 ι
198 2457 301 2516 ctimas
314 2457 400 2515 ferire
415 2455 512 2515 siverit
524 2474 577 2533 pro
588 2455 669 2514 vobis
682 2463 803 2532 totaque
816 2454 974 2532 republica,
995 2453 1131 2532 idemque
1143 2443 1211 2513 ¹non
1230 2476 1300 2535 pro·

196 2549 333 2620 hibuerit,
347 2555 406 2627 quo
426 2549 522 2612 minus
544 2547 704 2625 spectaculi
723 2546 869 2628 princeps,
890 2545 1075 2606 inhonorem
1099 2546 1196 2607 Nemii
1216 2549 1302 2615 lovis¹

195 2659 348 2702 commune
375 2659 428 2718 pro
459 2638 608 2717 republica
635 2638 835 2717 spectaculum
865 2639 1060 2699 celebrarem:
1096 2645 1299 2726 pratereaque'

195 2732 369 2814 permiserit,
392 2739 426 2788 ut
443 2730 581 2805 sacerdos
604 2730 775 2790 venerandis
787 2730 908 2790 :deabus
931 2730 1074 2810 deligeret
1101 2751 1137 2791 ex
1161 2735 1298 2798 omnibns

196 2823 436 2894 Atheniensibus,
451 2841 518 2882 cum
533 2823 650 2882 duobus
663 2822 998 2902 collegiauictimasque
1008 2825 1134 2899 ferirent.
1156 2826 1299 2906 Nunquid

197 2919 294 2998 igitur,
309 2917 334 2976 si
343 2924 486 2996 punctum
497 2914 642 2974 duntaxat
653 2924 706 2974 aut
715 2916 846 2974 umbram
857 2934 958 2974 eorum
968 2929 1033 2994 quse
1047 2917 1077 2975 in
1091 2935 1138 2976 me
1148 2918 1300 2980 machina·

93 3017 95 3026 ’
128 3082 133 3087 .
196 3013 292 3083 batur,
317 3007 475 3069 ostendere
497 3008 652 3086 potuisset,
675 3007 738 3066 haec
761 3004 975 3066 concessisset?
1011 3007 1075 3087 Ego
1098 3010 1218 3087 quidem
1240 3032 1299 3080 nou

197 3103 307 3182 opinor.
341 3102 443 3179 ltaque
455 3098 501 3158 his
515 3101 603 3159 rebus
620 3098 774 3159 ¹euidenter
797 3097 989 3172 convincitur,
1003 3100 1114 3160 ideam
1128 3102 1183 3162 sibi
1202 3093 1299 3169 studio

196 3196 345 3266 habuisse,
367 3201 401 3250 ut
419 3211 466 3252 me
486 3211 539 3270 per
558 3186 759 3251 libidinem-'et
778 3191 969 3270 petulantiam
990 3193 1061 3252 urbe
1081 3181 1209 3272 ejiceret.
1240 3198 1300 3262 Sed

197 3285 265 3348 curn
291 3287 321 3345 id
339 3284 467 3355 facinus,
488 3302 607 3362 quoquo
631 3303 662 3343 se
677 3281 819 3355 uerteret,
839 3283 920 3342 nullo
941 3281 1029 3342 modo
1048 3283 1079 3342 in
1100 3305 1147 3346 me
1168 3286 1299 3353 derivare

197 3387 311 3458 posset,
325 3385 425 3456 aperte
433 3377 507 3454 jam,
524 3393 572 3434 me
591 3374 916 3449 relicto,'Aristarclium
934 3369 1150 3448 criminabatur,
1165 3388 1254 3458 atque
1268 3391 1299 3444 ut

198 3481 295 3530 cetera
308 3465 422 3528 taceam
430 3487 438 3535 r
461 3477 566 3528 senatu
581 3485 618 3528 ea
632 3468 670 3528 de
683 3487 714 3526 re
729 3477 833 3528 coacto
847 3479 878 3527 et
892 3461 1080 3540 deliberante,
1095 3470 1152 3530 iste
1162 3491 1298 3552 progres-

199 3565 271 3624 sus:
302 3560 506 3640 ignoratis,
533 3561 636 3639 inquit,
664 3560 724 3620 rei
748 3559 974 3634 veritatem,
1004 3567 1234 3625 senatores?
1262 3575 1300 3630 et

198 3665 284 3716 cum
302 3651 550 3712 homicidam
570 3652 775 3726 habeatis,
792 3649 994 3713 *Aristarchum
1010 3645 1299 3735 intelligensstem·

196 3768 271 3829 pus
301 3745 460 3817 teritis,
490 3752 532 3804 et
563 3743 805 3822 inquiritis,
827 3753 1008 3824 etnugas
1035 3747 1187 3826 agitis?
1224 3771 1299 3816 non

148 3899 152 3904 ,
198 3859 282 3900 eum
318 3835 664 3899 occidetislnon
695 3837 734 3895 in
757 3837 1060 3898 aedesfacietis
1084 3839 1301 3919 impetum?

198 3951 276 3990 non
306 3927 700 4009 comprehendetis?
746 3927 820 3989 Haec
854 3929 971 3990 dicebat
1005 3931 1186 3992 scelerosum
1219 3935 1301 3996 istud

198 4031 349 4101 caput,‘et
367 4022 541 4106 impudens,t
554 4041 644 4100 quum
661 4021 753 4101 pridie
770 4021 874 4082 fuisset
897 4023 935 4091 ab
959 4022 1131 4085 Aristarcho
1150 4047 1300 4106 egressus,

195 4115 296 4192 itaque
310 4114 371 4192 ejus
385 4114 606 4176 consuetudine.
616 4124 651 4174 ut
668 4113 742 4174 alius
758 4114 908 4193 'quispiam
926 4134 1009 4187 usus,
1025 4137 1117 4196 quarn
1137 4118 1199 4193 ille,
1213 4123 1301 4184 rebus

199 4203 420 4274 suissecundis,
431 4207 560 4267 omniurn
568 4207 712 4267 acerrime
724 4227 743 4267 a
755 4225 804 4266 me
813 4208 1024 4283 contendisset,
1035 4219 1069 4270 ut
1081 4228 1149 4270 cum
1163 4212 1227 4279 isto·
1235 4215 1302 4274 red-

196 4299 267 4358 irem
278 4297 309 4368 in
323 4294 455 4375 gratiam,
470 4305 556 4375 atque
570 4298 771 4378 transigerem.

241 4392 289 4448 34.
312 4389 386 4455 Quae
408 4385 433 4445 si
455 4385 496 4447 ita
517 4387 643 4464 dicebat,
656 4401 690 4451 ut
709 4391 911 4478 Aristarchum
932 4413 1033 4456 eorum
1053 4396 1164 4476 aliquid
1183 4407 1304 4480 propter
