2920 4950
601 739 933 824 AUGERI

644 953 890 1028 ANALYSIS

475 1087 777 1222 Parammon
806 1151 1058 1220 sanonum.

676 1339 857 1414 Propositum.
875 1349 878 1355 '

252 1476 342 1542 Qudne
355 1495 371 1532 e
383 1480 494 1537 ιιιιιΙιίι
482 1498 541 1550 Jam
553 1481 639 1536 victor
650 1482 778 1536 evasisset
790 1481 932 1552 Philippus
941 1485 970 1536 et
978 1482 1066 1536 malta
1077 1484 1174 1534 anctns
1185 1483 1258 1534 esset
1270 1496 1320 1550 po-

208 1557 311 1628 ¹tentia,
325 1563 446 1616 animum
463 1565 597 1618 convertit
609 1565 644 1618 ad
662 1563 892 1634 Peloponnesum.
928 1564 1019 1633 Argos
1038 1569 1067 1617 ct
1082 1563 1221 1627 Messena,
1234 1557 1317 1642 hujus
1365 1588 1367 1591 ·

213 1639 332 1706 regionis
349 1645 532 1700 celeberrimae
545 1645 678 1712 civitates,
699 1647 838 1715 aSparta
860 1645 1058 1715 opprimenda,
1077 1646 1260 1711 confugerunt
1280 1646 1317 1698 ad
1373 1651 1376 1658 '

209 1716 387 1794 Philippum.
419 1727 485 1795 Hic,
497 1729 571 1782 iacta
582 1745 649 1799 pace
662 1745 726 1782 cum
738 1728 961 1793 Atheniensibus,
973 1730 1022 1799 qni
1038 1727 1317 1797 speraverantipsnm
1337 1755 1338 1758 ¹

215 1803 382 1862 a'l'hebanis
395 1809 588 1876 discessurum,
609 1811 644 1864 ab
662 1811 715 1865 illis
734 1811 803 1864 adeo
817 1827 877 1865 non
900 1811 1033 1876 discessit,
1053 1816 1086 1864 nt
1104 1812 1186 1864 etiam
1206 1813 1317 1866 cum‘iis
1362 1807 1366 1814 ’

213 1884 393 1946 victmiarum
404 1907 514 1946 suarum
526 1893 630 1947 tructus
646 1895 801 1962 partiretur.
822 1931 825 1938 ·
837 1895 942 1962 Spartae
951 1893 1115 1962 jampridem
1127 1893 1231 1947 inimici
1240 1889 1319 1948 the
1337 1921 1342 1928 ·

214 1966 280 2023 honi
292 1988 309 2024 a
320 1973 449 2044 Philippo
460 1977 543 2030 etiam
555 1981 639 2048 atque
656 1979 739 2032 etiam
758 1977 889 2046 petebant
897 1983 931 2031 ut
941 1993 1035 2032 secum
1045 1981 1073 2032 et
1084 1991 1147 2032 cum
1161 1977 1271 2044 Argiuis
1283 1995 1317 2032 ae

142 2089 148 2100 ,
207 2048 531 2126 ,Messenisjnngeretun
543 2075 599 2128 qno
610 2057 884 2114 Lacedaemoniorum
903 2059 971 2112 vires
987 2063 1016 2112 et
1033 2060 1139 2114 animos
1151 2059 1317 2115 debilitaret.

213 2131 328 2190 Illorum
348 2140 494 2206 postulatis
515 2157 601 2211 quum
620 2142 808 2196 lubentissime
824 2143 967 2197 annuisset
988 2159 1038 2217 rex
1060 2141 1246 2207 Macedonum,
1266 2161 1318 2214 per

215 2213 523 2290 Amphictyonasjnssit
535 2227 566 2276 nt
575 2223 673 2292 Sparta
682 2225 799 2291 Argivos
810 2228 839 2278 et
847 2224 1002 2279 Messenios
1009 2243 1050 2278 sur
1058 2225 1129 2293 juris
1138 2241 1197 2278 esse
1206 2226 1317 2294 sineret,

214 2299 245 2350 et
256 2314 312 2368 quo
327 2300 469 2356 decretum
481 2307 656 2358 confirmaret
666 2307 935 2375 Amphictyonicnm,
947 2309 1097 2362 exercitum
1111 2305 1203 2362 misit
1195 2325 1223 2362 sn
1224 2307 1318 2363 Pelo·

207 2381 377 2448 ιῙιοιιιιιιιιιιιι.
411 2386 513 2440 Territi
525 2387 739 2452 Lacedaemonii,
749 2389 784 2439 ab
795 2389 1011 2443 Atheniensibus
1022 2391 1178 2460 petiverunt
1188 2396 1219 2442 ut
1232 2392 1267 2444 ad
1288 2409 1318 2447 se

208 2465 401 2521 accederent¹
409 2468 516 2538 sibique
530 2469 730 2525 auxiliarentur
750 2469 869 2537 publicae
894 2471 1021 2526 utilitatis
1038 2488 1135 2526 eausa.
1171 2471 1198 2526 E
1220 2479 1318 2530 contria

213 2545 367 2618 Philippus,
377 2550 512 2618 Thebani,
525 2551 624 2620 Argivi
639 2556 669 2604 et
688 2551 836 2618 Messenii,
845 2553 880 2606 ab
893 2552 990 2607 iitdem
1001 2556 1133 2625 petebant
1145 2569 1181 2607 ne
1190 2556 1318 2612 faverent
1337 2599 1339 2606 ,

214 2629 435 2686 Lacedaemoniis
453 2649 569 2703 regnum
591 2635 810 2689 affectantibus
802 2652 831 2689 ιιι
859 2637 1057 2706 Peloponneso.
1102 2637 1316 2709 Demosthenes,

214 2717 313 2770 ceteras
322 2717 463 2786 neglectis
477 2717 524 2771 et
515 2733 545 2770 sn
556 2718 586 2772 ιιι
598 2718 673 2787 qnod
694 2733 710 2770 e
730 2734 759 2771 re
782 2735 840 2772 snoe
864 2718 982 2774 civitatis
1003 2723 1062 2774 erat
1082 2721 1163 2774 unice
1181 2722 1316 2791 intentus,

213 2799 490 2858 Lacedaemoniorum
506 2802 643 2870 postulata
654 2800 725 2854 tueri
735 2816 789 2854 non
799 2800 917 2866 dubitat,
929 2801 1128 2872 contenditque
1142 2805 1317 2864 vehementer

213 2883 370 2956 Philippum
383 2883 542 2953 reipublicae
552 2882 747 2937 Atheniensis'
739 2883 880 2937 mimicum
893 2899 961 2951 esse,
973 2888 1002 2938 et
1013 2901 1073 2938 esse
1086 2886 1196 2943 debere.

611 3113 616 3124 Ι
689 3052 847 3108 Exordium

250 3177 352 3230 Orator
363 3176 510 3246 exprobrat
520 3173 738 3230 Atheniensibus
755 3173 829 3243 quod
846 3172 881 3226 iis
898 3173 1011 3243 quidem
1023 3177 1147 3228 annuant
1157 3174 1206 3244 qui
1218 3177 1317 3244 planas

215 3259 319 3315 iaciunt
331 3255 450 3326 Philippi
462 3257 582 3324 injurias,
595 3271 690 3310 verum
702 3255 796 3308 audire
809 3260 837 3332 et
855 3255 955 3308 auditis
972 3271 1093 3309 annuere
1106 3260 1239 3320 contenti,
1250 3259 1316 3314 nihil

181 3409 184 3412 ,
216 3345 363 3411 aguntque
375 3339 420 3392 ille
439 3343 603 3393 coerceatur.
640 3338 718 3392 Dicit
729 3337 889 3391 mutandam
902 3355 1048 3392 nnneesse
1061 3341 1222 3394 consulendi
1236 3345 1317 3396 ratio·

213 3439 289 3490 uem,
300 3427 329 3475 et
339 3425 462 3490 oportere
474 3424 506 3474 ut
512 3425 635 3474 oratores
647 3435 743 3472 omnes
754 3423 783 3472 et
794 3419 932 3472 auditores
944 3421 1049 3489 optima
1059 3425 1088 3474 et
1098 3422 1229 3474 salutaria
1240 3423 1318 3476 lacit·

214 3505 289 3565 limis
299 3503 545 3571 etjueundissimis
556 3504 725 3566 anteferant3
744 3502 907 3571 sequidem,
918 3503 986 3556 dum
1003 3503 1082 3556 multi
1102 3504 1191 3558 securi
1203 3512 1269 3558 sunt
1281 3507 1316 3560 de

198 3646 200 3650 ,
214 3588 352 3660 Philippo,
364 3585 487 3641 arbitrari
498 3586 576 3639 illum
586 3601 646 3640 esse
658 3601 717 3641 sum
728 3584 847 3638 ciuitatis
858 3583 974 3638 hostem.

680 3757 859 3830 Confirmatio.

250 3895 289 3946 1⁰.
307 3891 451 3963 Philippus
466 3906 503 3945 ex
513 3889 545 3944 iis
557 3905 620 3959 qum
637 3888 702 3942 lecit
717 3888 809 3942 statim
826 3891 889 3956 post
906 3903 1004 3958 pacem
1025 3891 1054 3944 et
1066 3907 1104 3944 ex
1116 3891 1150 3945 iis
1161 3905 1226 3960 qnae
1242 3909 1318 3948 nuno

214 3975 290 4038 iacit,
299 3974 433 4044 praedicat
444 3991 473 4028 se
485 3972 588 4040 civitati
597 3971 760 4026 Atheniensi
772 3987 831 4024 esse
847 3971 1043 4038 adversarium,
1054 3982 1155 4041 nempe
1165 3975 1232 4026 dum
1251 3976 1319 4029 iavit

199 4057 361 4120 “thebanis
373 4061 401 4110 et
410 4056 565 4110 nunciaret
573 4053 721 4108 Messeniis
733 4057 761 4106 et
772 4054 896 4122 Argivis3
913 4055 987 4123 quod
996 4058 1144 4125 utrumque
1158 4056 1252 4123 agitet
1261 4060 1319 4126 agit

213 4157 252 4192 ex
265 4155 322 4191 suaa
334 4138 491 4206 cupiditatis
501 4138 655 4194 commodo.
692 4137 836 4190 Praeterita
847 4138 920 4190 enim
940 4138 1031 4207 ipsum
1050 4138 1151 4191 docent
1169 4139 1319 4193 Thebanos

213 4226 242 4276 et
261 4219 378 4287 Argivos
398 4221 449 4288 ipsi
461 4222 642 4289 opitulaturos
663 4235 777 4288 regnum
796 4220 825 4271 in
845 4221 955 4273 Graecia
975 4221 1122 4285 affectanti,
1134 4211 1318 4278 Athenienses

213 4309 306 4358 antem
319 4303 408 4356 eidem
422 4318 506 4370 prava
518 4303 640 4356 molienti
650 4303 742 4355 valida
754 4303 929 4354 contentione
942 4303 1142 4358 adversaturos.

248 4391 287 4440 2⁰.
304 4387 346 4442 At
355 4386 437 4450 euim,
450 4387 523 4439 dicet
535 4387 642 4454 aliquis,
655 4386 717 4438 ideo
726 4385 866 4440 Thebanis
879 4385 946 4440 iavit
955 4386 1099 4457 Philippus
1110 4389 1183 4457 quod
1197 4391 1319 4458 aequiora

212 4483 295 4540 quam
317 4467 501 4523 Athenienses
519 4469 701 4537 postularent.
736 4467 817 4520 Alius
838 4467 913 4522 dicet
930 4468 1057 4540 forsitan,
1082 4474 1211 4526 coactum
1235 4473 1318 4528 inisse
