2912 4946
560 697 1003 846 annosarum
1137 874 1140 879 ι

207 909 236 933 ”
301 999 323 1114 .'
387 951 1204 1065 οοΝΉὶΑΑΒΙΞΤοωΤοΝΕΜ«Ι
1269 937 1271 942 ’
1325 1090 1327 1098 ¹

574 1194 761 1261 ORATIO
786 1194 952 1261 PRIOR.

277 1395 304 1459 l.
326 1398 535 1471 Jnrrnunuu,
549 1395 757 1469 Athenienses,
771 1393 842 1454 dum
864 1393 1007 1467 sederem,
1020 1403 1050 1453 et
1070 1403 1260 1452 accusantem
1280 1411 1336 1450 au-

233 1490 336 1563 direm,
349 1501 384 1550 ut
395 1510 459 1565 vos,
470 1491 648 1570 Lycurgum,
663 1497 761 1548 cetera
773 1486 912 1568 praeclare
927 1507 993 1548 euru
1008 1487 1104 1547 dicere
1115 1486 1225 1566 putavi,
1240 1503 1338 1544 unum

230 1599 297 1642 turn
317 1584 452 1664 miratus,
467 1601 533 1644 cum
548 1583 735 1642 vehementer
747 1580 975 1639 contendentem
987 1579 1126 1650 viderem,
1142 1599 1180 1638 an
1197 1577 1271 1638 illud
1289 1578 1339 1656 ig-

161 1721 163 1726 .
230 1683 360 1744 notaret,
374 1693 472 1734 causae
484 1674 572 1755 hujus
589 1674 876 1752 aequitatem-neque
897 1681 1016 1751 propter
1036 1690 1104 1730 ase
1123 1671 1266 1752 habitam,
1282 1691 1338 1730 ne·

229 1785 290 1846 ¹que
304 1779 452 1846 proptera
465 1787 512 1826 me
522 1766 690 1826 habendam
703 1765 875 1836 orationem,
884 1764 947 1824 sore
966 1765 1079 1824 firmam
1089 1775 1100 1822 τ’
1120 1763 1174 1823 sed
1184 1763 1250 1842 ejus
1261 1783 1340 1842 pen-

232 1859 302 1918 dere
315 1859 390 1918 vires
404 1879 443 1918 ex
453 1859 597 1938 cujusque
614 1849 802 1918 resnum'vel
816 1854 894 1927 odiu,
908 1853 955 1914 vel
970 1855 1180 1934 approbatione
1194 1855 1339 1934 improbi·

232 1949 314 2010 tatis.
349 1949 395 2010 Ac
415 1969 471 2029 ego
496 1969 567 2010 saue
587 1949 722 2009 existimo
735 1948 964 2020 accusationem,
979 1949 1192 2025 verborumque
1205 1947 1342 2025 copiam,

227 2051 352 2122 propter
361 2042 612 2124 consuetudinem,
622 2052 652 2100 et
660 2051 788 2100 vestram
797 2037 1040 2124 auscultationem
1050 2059 1115 2099 esse
1124 2024 1357 2113 adhibendam,'

229 2133 285 2195 ‘sed
298 2133 385 2214 hujus
398 2133 671 2213 negotiijudicium,
682 2153 735 2213 pro
749 2153 802 2192 suo
816 2151 961 2212 quemque
975 2131 1103 2211 ingenio,
1118 2131 1206 2190 domo
1219 2131 1343 2210 pridem

229 2245 332 2304 secum
348 2223 480 2290 attulisse
488 2227 500 2297 ’ς
521 2236 551 2286 et
568 2216 661 2297 nunc,¹
680 2225 704 2290 si
726 2225 826 2306 plures
848 2225 921 2296 sitis,
935 2225 985 2302 qui
1004 2224 1110 2284 ametis
1126 2223 1290 2316 improbos,
1308 2237 1342 2285 et

231 2318 382 2390 tueamini,
397 2316 516 2398 periisse
531 2318 615 2379 nobis
626 2318 826 2394 omnia-verba
837 2315 1051 2402 quaelfecimus,
1066 2313 1257 2387 sinoderiris,
1272 2336 1341 2396 poe-

230 2431 285 2472 nas
299 2413 398 2484 istum,
413 2413 438 2471 si
453 2412 527 2472 deus
543 2410 677 2484 voluerit,
690 2412 825 2472 daturum
839 2429 914 2472 esse.

270 2507 306 2566 9.·
323 2504 401 2564 Cum
421 2513 520 2569 autem
538 2505 632 2564 multa
644 2505 738 2562 verba·
745 2505 825 2563 facta
846 2503 914 2576 sint,
933 2521 1025 2582 eaque
1042 2509 1123 2562 recte
1143 2491 1253 2576 omnia,
1272 2524 1338 2566 non

228 2606 328 2657 tamen
339 2595 434 2656 dicere
448 2594 599 2668 dubitabo,
609 2595 679 2674 quid
690 2595 759 2654 mihi
773 2595 917 2656 videatur.
943 2595 1010 2674 Ego
1022 2613 1142 2654 causam
1156 2593 1237 2654 hanc
1250 2598 1338 2658 nulla
1357 2619 1363 2631 ’

227 2687 261 2750 re
269 2709 387 2770 prorsus
396 2685 549 2772 convenire
558 2695 631 2767 puto
640 2707 706 2748 eum
714 2687 832 2747 ceteris.
854 2689 942 2755 Quod
953 2689 993 2748 ita
1001 2707 1078 2764 esse,
1094 2686 1137 2746 sic
1150 2685 1337 2773 intelligetis.

230 2783 279 2843 Ad
290 2782 387 2842 omnia
397 2781 511 2862 judicia
525 2783 657 2854 veniunt,
666 2777 796 2860 judices,
809 2801 870 2840 rem
883 2803 920 2842 ex
934 2781 1105 2842 accusatore
1118 2788 1149 2838 et
1162 2799 1214 2839 reo
1230 2782 1337 2860 cogni·

229 2875 298 2948 turi,
312 2873 350 2934 de
363 2894 422 2953 qna
435 2873 490 2934 erit
502 2872 769 2952 pronunciandum:
791 2873 959 2946 adversarii,
973 2882 1145 2935 ostensurus
1161 2882 1288 2953 uterque
1302 2895 1335 2934 se

228 2967 365 3047 praesidia
377 2965 476 3046 legum
496 2965 606 3025 habere
618 2965 711 3024 firma.
744 2965 855 3024 Causae
873 2976 972 3026 autem
986 2965 1072 3041 hujus
1086 2983 1152 3044 quae
1174 2965 1250 3024 ratio
1264 2967 1335 3026 esti

193 3098 195 3101 ψ
219 3059 292 3122 ,Vos
303 3057 511 3118 controversiae
525 3057 735 3136 disceptatores
748 3056 872 3130 adestis,
886 3077 952 3116 cum
967 3051 1059 3135 magis
1072 3075 1162 3134 quam
1175 3076 1232 3116 nos
1246 3077 1335 3117 acca·

230 3160 343 3218 satores
356 3149 466 3228 sciatis,
480 3159 510 3209 et
523 3141 658 3228 aerarium
678 3166 744 3207 esse
764 3147 863 3220 istum,
881 3159 915 3208 ‘et
929 3149 1069 3227 scriptum
1084 3147 1114 3206 in
1134 3167 1212 3219 arce,
1231 3170 1288 3210 nec
1307 3151 1336 3210 ei

140 3229 146 3236 ⁸
226 3245 316 3306 licere
329 3243 360 3302 in
378 3241 610 3320 publico'dicere
624 3241 736 3318 (itaque
750 3237 882 3302 vestrum
896 3241 1021 3321 quisque
1036 3242 1218 3300 accusatoris
1239 3243 1336 3303 vicem

224 3336 351 3405 obtinet,
374 3343 405 3393 et
424 3352 545 3392 causam
562 3341 655 3402 tenet,
675 3349 770 3409 neque
790 3351 914 3392 neeesse
933 3332 1025 3392 habet
1049 3321 1116 3396 earn
1137 3321 1337 3410 coquoscere)

229 3435 404 3488 rens'autem
414 3422 542 3502 praesidii
551 3422 749 3502 prorsnsflnihil
758 3422 849 3482 habet
858 3423 897 3481 ad
906 3421 1148 3494 incolumitatem,
1155 3423 1337 3502 nonjustam

229 3535 328 3580 causes
348 3515 551 3588 defensionen,
573 3533 633 3572 non
653 3513 743 3572 vitam
764 3513 930 3574 humaniter
945 3524 1056 3596 actam,
1079 3531 1138 3572 non
1163 3512 1246 3574 aliud
1264 3515 1339 3575 boni

228 3609 394 3694 quicquam,
406 3604 468 3664 ¹sed
490 3611 556 3685 quae
577 3603 665 3663 etiam
686 3603 794 3662 insonti
816 3614 954 3664 terrorem
975 3603 1150 3675 incuterent,
1170 3623 1226 3684 per
1246 3625 1285 3666 ea
1306 3627 1340 3668 se

228 3703 291 3765 fure
304 3694 479 3761 ineolumem
492 3697 654 3757 arbitratur.
674 3691 766 3775 'Spem
781 3695 858 3756 enim
871 3694 974 3756 salutis
987 3715 1049 3754 suae
1063 3697 1093 3755 in
1104 3697 1213 3776 insigni
1227 3698 1341 3778 impro-

228 3794 322 3854 bitate
344 3791 481 3852 collocat.
511 3791 587 3855 Quae
600 3807 668 3847 cum
681 3789 723 3850 ita
736 3788 804 3860 sint,
819 3797 899 3850 recte
920 3788 979 3848 diei
993 3797 1093 3866 queat,
1114 3787 1231 3868 opinor,
1252 3811 1345 3862 reum

229 3905 297 3946 esse
309 3902 391 3943 nunc
402 3881 644 3960 Aristogitonem,
651 3880 795 3960 judicium
804 3891 902 3940 autern
913 3881 975 3940 lieri
988 3880 1129 3952 devehis,
1143 3891 1175 3942 et
1182 3882 1343 3947 existima·

229 3979 338 4054 tionem
352 3976 401 4055 agi
419 3984 558 4034 vestram.
601 3971 679 4039 Nam
693 3972 718 4032 si
732 3972 915 4032 iracundiam
933 3973 963 4032 in
977 3973 1052 4033 adeo
1061 3975 1181 4054 magnis
1195 3986 1228 4036 et
1241 3977 1344 4038 mani-

229 4070 313 4132 festis
324 4067 482 4132 sceleribus
493 4065 688 4139 declarabitis,
699 4076 730 4125 et
744 4065 928 4126 severitatem
939 4077 1079 4136 vestram,
1092 4077 1127 4127 ut
1133 4067 1253 4148 judices
1267 4089 1345 4134 esse

229 4182 282 4222 vos
297 4171 328 4220 et
340 4161 441 4238 legum
454 4158 603 4231 custodes,
619 4168 652 4217 ut
665 4159 743 4231 estis,
759 4157 911 4236 ingressos
930 4159 1095 4238 putabunt:
1120 4161 1201 4238 quod
1217 4163 1243 4222 si
1261 4161 1344 4242 quid

230 4253 310 4314 aliud
324 4252 370 4310 his
385 4251 452 4330 plus
473 4251 605 4320 valuerit,
620 4251 701 4330 quod
720 4250 774 4312 etsi
789 4269 875 4310 nemo
890 4270 922 4310 se
937 4251 1042 4310 secisse
1056 4250 1207 4324 fatebitur,
1223 4255 1255 4314 in
1272 4257 1345 4316 suf·

75 4337 79 4342 ¹
171 4399 172 4402 ,
220 4345 329 4425 fragiis
344 4353 442 4402 tamen
453 4343 613 4422 apparebit,
624 4362 737 4416 vereor,
750 4363 789 4402 ne
803 4343 905 4422 quovis
920 4363 970 4404 eos
986 4353 1115 4424 tempore
1129 4346 1180 4423 qui
1191 4347 1347 4408 studeant

230 4434 427 4538 esse“impr0bi
435 4435 465 4495 in
474 4434 632 4513 republica,
643 4447 782 4516 tanquam
792 4437 906 4498 lanistae
917 4435 1093 4517 quibusdum
1105 4457 1242 4502 exercere
1256 4441 1345 4501 velle
