<?xml version="1.0" encoding="UTF-8"?>
<!DOCTYPE html PUBLIC "-//W3C//DTD XHTML 1.0 Transitional//EN"
    "http://www.w3.org/TR/xhtml1/DTD/xhtml1-transitional.dtd">
<html xmlns="http://www.w3.org/1999/xhtml" xml:lang="en" lang="en">
 <head>
  <title>
</title>
<meta http-equiv="Content-Type" content="text/html;charset=utf-8" />
  <meta name='ocr-system' content='tesseract 3.04.00' />
  <meta name='ocr-capabilities' content='ocr_page ocr_carea ocr_par ocr_line ocrx_word'/>
</head>
<body>
  <div class='ocr_page' id='page_1' title='image "./demosthenisetsc08ulpigoog/demosthenisetsc08ulpigoog_0317.png"; bbox 0 0 2946 4954; ppageno 0'>
   <div class='ocr_carea' id='block_1_1' title="bbox 212 265 1080 342">
    <p class='ocr_par' dir='ltr' id='par_1_1' title="bbox 212 265 1080 342">
     <span class='ocr_line' id='line_1_1' title="bbox 212 265 1080 342; baseline 0 -20"><span class='ocrx_word' id='word_1_1' title='bbox 212 267 270 342; x_wconf 79' lang='lat' dir='ltr'><strong>sos</strong></span> <span class='ocrx_word' id='word_1_2' title='bbox 529 266 749 332; x_wconf 82' lang='lat' dir='ltr'><strong>anvsusus</strong></span> <span class='ocrx_word' id='word_1_3' title='bbox 774 265 996 332; x_wconf 74' lang='grc' dir='ltr'><strong>ιιιΡιιΝιιιι.</strong></span> <span class='ocrx_word' id='word_1_4' title='bbox 1077 337 1080 342; x_wconf 42' lang='grc'>,</span> 
     </span>
    </p>
   </div>
   <div class='ocr_carea' id='block_1_2' title="bbox 193 405 1325 3641">
    <p class='ocr_par' dir='ltr' id='par_1_2' title="bbox 193 405 1314 1144">
     <span class='ocr_line' id='line_1_2' title="bbox 211 405 1314 500; baseline -0.005 -18"><span class='ocrx_word' id='word_1_5' title='bbox 211 418 360 494; x_wconf 74' lang='lat' dir='ltr'><strong>Chabria</strong></span> <span class='ocrx_word' id='word_1_6' title='bbox 353 420 533 500; x_wconf 77' lang='lat' dir='ltr'><strong>iniquissime</strong></span> <span class='ocrx_word' id='word_1_7' title='bbox 548 432 694 500; x_wconf 77' lang='lat' dir='ltr'>ageretur,</span> <span class='ocrx_word' id='word_1_8' title='bbox 707 423 732 482; x_wconf 83' lang='lat' dir='ltr'><strong>si</strong></span> <span class='ocrx_word' id='word_1_9' title='bbox 747 421 796 482; x_wconf 89' lang='lat' dir='ltr'><strong>isti</strong></span> <span class='ocrx_word' id='word_1_10' title='bbox 808 439 858 500; x_wconf 87' lang='lat' dir='ltr'><strong>qur</strong></span> <span class='ocrx_word' id='word_1_11' title='bbox 849 420 1005 498; x_wconf 38' lang='lat' dir='ltr'><strong>Qrempub</strong></span> <span class='ocrx_word' id='word_1_12' title='bbox 1021 419 1076 478; x_wconf 87' lang='lat' dir='ltr'><strong>hoc</strong></span> <span class='ocrx_word' id='word_1_13' title='bbox 1091 405 1179 478; x_wconf 76' lang='lat' dir='ltr'><strong>ruodo</strong></span> <span class='ocrx_word' id='word_1_14' title='bbox 1199 427 1314 496; x_wconf 82' lang='lat' dir='ltr'><strong>gerunt,</strong></span> 
     </span>
     <span class='ocr_line' id='line_1_3' title="bbox 209 510 1314 616; baseline -0.003 -42"><span class='ocrx_word' id='word_1_15' title='bbox 209 512 266 574; x_wconf 83' lang='lat' dir='ltr'><strong>hoe</strong></span> <span class='ocrx_word' id='word_1_16' title='bbox 285 531 343 574; x_wconf 91' lang='lat' dir='ltr'><strong>uno</strong></span> <span class='ocrx_word' id='word_1_17' title='bbox 367 529 427 574; x_wconf 89' lang='lat' dir='ltr'><strong>non</strong></span> <span class='ocrx_word' id='word_1_18' title='bbox 447 515 588 586; x_wconf 83' lang='lat' dir='ltr'><strong>contenti,</strong></span> <span class='ocrx_word' id='word_1_19' title='bbox 612 534 727 576; x_wconf 86' lang='lat' dir='ltr'><strong>servum</strong></span> <span class='ocrx_word' id='word_1_20' title='bbox 752 514 826 594; x_wconf 85' lang='lat' dir='ltr'><strong>ejus,</strong></span> <span class='ocrx_word' id='word_1_21' title='bbox 846 512 996 598; x_wconf 79' lang='lat' dir='ltr'><strong>Lycidan,</strong></span> <span class='ocrx_word' id='word_1_22' title='bbox 1015 519 1146 570; x_wconf 74' lang='lat' dir='ltr'><strong>uestrum</strong></span> <span class='ocrx_word' id='word_1_23' title='bbox 1167 510 1314 616; x_wconf 80' lang='lat' dir='ltr'><strong>hospitem</strong></span> 
     </span>
     <span class='ocr_line' id='line_1_4' title="bbox 209 591 1315 686; baseline -0.001 -20"><span class='ocrx_word' id='word_1_24' title='bbox 209 603 340 666; x_wconf 74' lang='lat' dir='ltr'><strong>iecisse:-</strong></span> <span class='ocrx_word' id='word_1_25' title='bbox 354 591 441 666; x_wconf 87' lang='lat' dir='ltr'><strong>etiam</strong></span> <span class='ocrx_word' id='word_1_26' title='bbox 453 616 570 685; x_wconf 90' lang='lat' dir='ltr'><strong>propter</strong></span> <span class='ocrx_word' id='word_1_27' title='bbox 582 606 662 664; x_wconf 87' lang='lat' dir='ltr'><strong>illum</strong></span> <span class='ocrx_word' id='word_1_28' title='bbox 677 607 815 684; x_wconf 84' lang='lat' dir='ltr'><strong>eliquid&#39;</strong></span> <span class='ocrx_word' id='word_1_29' title='bbox 809 605 863 685; x_wconf 84' lang='lat' dir='ltr'><strong>rp⁴si</strong></span> <span class='ocrx_word' id='word_1_30' title='bbox 885 625 1060 666; x_wconf 83' lang='lat' dir='ltr'><strong>concessum</strong></span> <span class='ocrx_word' id='word_1_31' title='bbox 1082 625 1181 664; x_wconf 87' lang='lat' dir='ltr'><strong>rursus</strong></span> <span class='ocrx_word' id='word_1_32' title='bbox 1199 605 1315 686; x_wconf 87' lang='lat' dir='ltr'><strong>eripue-</strong></span> 
     </span>
     <span class='ocr_line' id='line_1_5' title="bbox 209 695 1312 776; baseline 0.002 -22"><span class='ocrx_word' id='word_1_33' title='bbox 209 695 277 768; x_wconf 89' lang='lat' dir='ltr'><strong>rint,</strong></span> <span class='ocrx_word' id='word_1_34' title='bbox 290 697 396 758; x_wconf 87' lang='lat' dir='ltr'><strong>falsam</strong></span> <span class='ocrx_word' id='word_1_35' title='bbox 416 699 576 776; x_wconf 73' lang='lat' dir='ltr'><strong>presertim</strong></span> <span class='ocrx_word' id='word_1_36' title='bbox 600 718 721 758; x_wconf 85' lang='lat' dir='ltr'><strong>oausam</strong></span> <span class='ocrx_word' id='word_1_37' title='bbox 744 697 954 776; x_wconf 86' lang='lat' dir='ltr'><strong>proetexendo!</strong></span> <span class='ocrx_word' id='word_1_38' title='bbox 998 697 1063 756; x_wconf 88' lang='lat' dir='ltr'><strong>Nec</strong></span> <span class='ocrx_word' id='word_1_39' title='bbox 1082 697 1160 756; x_wconf 85' lang='lat' dir='ltr'><strong>enim</strong></span> <span class='ocrx_word' id='word_1_40' title='bbox 1179 697 1225 754; x_wconf 91' lang='lat' dir='ltr'><strong>vel</strong></span> <span class='ocrx_word' id='word_1_41' title='bbox 1249 697 1312 762; x_wconf 86' lang='lat' dir='ltr'><strong>iste,</strong></span> 
     </span>
     <span class='ocr_line' id='line_1_6' title="bbox 211 789 1312 869; baseline -0.001 -22"><span class='ocrx_word' id='word_1_42' title='bbox 211 790 258 848; x_wconf 90' lang='lat' dir='ltr'><strong>vel</strong></span> <span class='ocrx_word' id='word_1_43' title='bbox 272 789 424 867; x_wconf 87' lang='lat' dir='ltr'><strong>quisquam</strong></span> <span class='ocrx_word' id='word_1_44' title='bbox 440 789 525 860; x_wconf 87' lang='lat' dir='ltr'><strong>alius,</strong></span> <span class='ocrx_word' id='word_1_45' title='bbox 544 791 659 850; x_wconf 84' lang='lat' dir='ltr'><strong>etiarnsi</strong></span> <span class='ocrx_word' id='word_1_46' title='bbox 683 791 791 869; x_wconf 81' lang='lat' dir='ltr'>hospes</span> <span class='ocrx_word' id='word_1_47' title='bbox 806 790 854 862; x_wconf 91' lang='lat' dir='ltr'><strong>sit,</strong></span> <span class='ocrx_word' id='word_1_48' title='bbox 868 801 1023 868; x_wconf 86' lang='lat' dir='ltr'><strong>propterea</strong></span> <span class='ocrx_word' id='word_1_49' title='bbox 1036 790 1174 848; x_wconf 91' lang='lat' dir='ltr'><strong>immunis</strong></span> <span class='ocrx_word' id='word_1_50' title='bbox 1190 799 1245 861; x_wconf 85' lang='lat' dir='ltr'><strong>est,</strong></span> <span class='ocrx_word' id='word_1_51' title='bbox 1259 789 1312 848; x_wconf 89' lang='lat' dir='ltr'><strong>nisi</strong></span> 
     </span>
     <span class='ocr_line' id='line_1_7' title="bbox 210 879 1311 960; baseline 0 -20"><span class='ocrx_word' id='word_1_52' title='bbox 210 879 353 952; x_wconf 84' lang='lat' dir='ltr'><strong>cuioleris</strong></span> <span class='ocrx_word' id='word_1_53' title='bbox 368 879 461 940; x_wconf 90' lang='lat' dir='ltr'><strong>verbis</strong></span> <span class='ocrx_word' id='word_1_54' title='bbox 477 881 607 960; x_wconf 90' lang='lat' dir='ltr'><strong>Populus</strong></span> <span class='ocrx_word' id='word_1_55' title='bbox 623 882 834 941; x_wconf 87' lang='lat' dir='ltr'><strong>immunitatem</strong></span> <span class='ocrx_word' id='word_1_56' title='bbox 856 881 989 942; x_wconf 84' lang='lat' dir='ltr'>dederit:</span> <span class='ocrx_word' id='word_1_57' title='bbox 1011 882 1075 942; x_wconf 84' lang='lat' dir='ltr'><strong>istis</strong></span> <span class='ocrx_word' id='word_1_58' title='bbox 1089 901 1157 942; x_wconf 87' lang='lat' dir='ltr'><strong>vero</strong></span> <span class='ocrx_word' id='word_1_59' title='bbox 1183 902 1242 942; x_wconf 88' lang='lat' dir='ltr'><strong>non</strong></span> <span class='ocrx_word' id='word_1_60' title='bbox 1262 882 1311 940; x_wconf 90' lang='lat' dir='ltr'><strong>de·-</strong></span> 
     </span>
     <span class='ocr_line' id='line_1_8' title="bbox 212 972 1311 1052; baseline 0.002 -20"><span class='ocrx_word' id='word_1_61' title='bbox 212 972 265 1043; x_wconf 90' lang='lat' dir='ltr'><strong>dit,</strong></span> <span class='ocrx_word' id='word_1_62' title='bbox 279 991 334 1032; x_wconf 87' lang='lat' dir='ltr'><strong>nec</strong></span> <span class='ocrx_word' id='word_1_63' title='bbox 347 973 377 1030; x_wconf 93' lang='lat' dir='ltr'><strong>id</strong></span> <span class='ocrx_word' id='word_1_64' title='bbox 391 973 591 1032; x_wconf 84' lang='lat' dir='ltr'><strong>demonstrare</strong></span> <span class='ocrx_word' id='word_1_65' title='bbox 602 983 757 1051; x_wconf 75' lang='lat' dir='ltr'><strong>poterunt:</strong></span> <span class='ocrx_word' id='word_1_66' title='bbox 780 975 825 1034; x_wconf 90' lang='lat' dir='ltr'><strong>sin</strong></span> <span class='ocrx_word' id='word_1_67' title='bbox 840 972 1027 1052; x_wconf 81' lang='lat' dir='ltr'><strong>impudenter¹</strong></span> <span class='ocrx_word' id='word_1_68' title='bbox 1036 973 1230 1045; x_wconf 66' lang='lat' dir='ltr'><strong>affimrabnnb</strong></span> <span class='ocrx_word' id='word_1_69' title='bbox 1242 974 1311 1034; x_wconf 88' lang='lat' dir='ltr'><strong>nihil</strong></span> 
     </span>
     <span class='ocr_line' id='line_1_9' title="bbox 193 1063 779 1172; baseline -0.005 -45"><span class='ocrx_word' id='word_1_70' title='bbox 193 1064 343 1144; x_wconf 75' lang='lat' dir='ltr'><strong>,preclari</strong></span> <span class='ocrx_word' id='word_1_71' title='bbox 357 1063 468 1124; x_wconf 80' lang='lat' dir='ltr'><strong>facient</strong></span> <span class='ocrx_word' id='word_1_72' title='bbox 481 1075 533 1124; x_wconf 87' lang='lat' dir='ltr'><strong>sut</strong></span> <span class='ocrx_word' id='word_1_73' title='bbox 544 1065 631 1125; x_wconf 82' lang='lat' dir='ltr'><strong>leude</strong></span> <span class='ocrx_word' id='word_1_74' title='bbox 645 1065 779 1172; x_wconf 76' lang='lat' dir='ltr'><strong>digpum.</strong></span> 
     </span>
    </p>

    <p class='ocr_par' dir='ltr' id='par_1_3' title="bbox 210 1123 1325 3641">
     <span class='ocr_line' id='line_1_10' title="bbox 252 1123 1312 1235; baseline 0.002 -19"><span class='ocrx_word' id='word_1_75' title='bbox 252 1162 301 1220; x_wconf 82' lang='lat'><strong>29.</strong></span> <span class='ocrx_word' id='word_1_76' title='bbox 322 1160 342 1219; x_wconf 90' lang='lat' dir='ltr'>J</span> <span class='ocrx_word' id='word_1_77' title='bbox 345 1178 392 1217; x_wconf 89' lang='lat' dir='ltr'><strong>am</strong></span> <span class='ocrx_word' id='word_1_78' title='bbox 402 1158 481 1235; x_wconf 92' lang='lat' dir='ltr'><strong>quod</strong></span> <span class='ocrx_word' id='word_1_79' title='bbox 494 1160 625 1218; x_wconf 85' lang='lat' dir='ltr'><strong>omnium</strong></span> <span class='ocrx_word' id='word_1_80' title='bbox 639 1161 762 1220; x_wconf 84' lang='lat' dir='ltr'><strong>maxime</strong></span> <span class='ocrx_word' id='word_1_81' title='bbox 773 1157 938 1220; x_wconf 85' lang='lat' dir='ltr'><strong>cavendum</strong></span> <span class='ocrx_word' id='word_1_82' title='bbox 948 1159 1030 1218; x_wconf 91' lang='lat' dir='ltr'><strong>vobis</strong></span> <span class='ocrx_word' id='word_1_83' title='bbox 1041 1123 1097 1230; x_wconf 88' lang='lat' dir='ltr'><strong>est,</strong></span> <span class='ocrx_word' id='word_1_84' title='bbox 1108 1159 1312 1230; x_wconf 82' lang='lat' dir='ltr'><strong>Athenienses,</strong></span> 
     </span>
     <span class='ocr_line' id='line_1_11' title="bbox 212 1249 1314 1330; baseline 0.001 -20"><span class='ocrx_word' id='word_1_85' title='bbox 212 1251 402 1330; x_wconf 85' lang='lat' dir='ltr'><strong>idadjiciem.</strong></span> <span class='ocrx_word' id='word_1_86' title='bbox 444 1249 558 1310; x_wconf 90' lang='lat' dir='ltr'><strong>Nam</strong></span> <span class='ocrx_word' id='word_1_87' title='bbox 537 1252 639 1330; x_wconf 81' lang='lat' dir='ltr'><strong>siquis</strong></span> <span class='ocrx_word' id='word_1_88' title='bbox 664 1252 844 1330; x_wconf 82' lang='lat' dir='ltr'><strong>omnioqnae</strong></span> <span class='ocrx_word' id='word_1_89' title='bbox 870 1252 1007 1330; x_wconf 81' lang='lat' dir='ltr'><strong>Leptines</strong></span> <span class='ocrx_word' id='word_1_90' title='bbox 1027 1252 1064 1322; x_wconf 85' lang='lat' dir='ltr'><strong>de</strong></span> <span class='ocrx_word' id='word_1_91' title='bbox 1088 1251 1153 1330; x_wconf 80' lang='lat' dir='ltr'><strong>lege</strong></span> <span class='ocrx_word' id='word_1_92' title='bbox 1174 1252 1266 1325; x_wconf 81' lang='lat' dir='ltr'><strong>dicet,</strong></span> <span class='ocrx_word' id='word_1_93' title='bbox 1286 1263 1314 1311; x_wconf 91' lang='lat' dir='ltr'><strong>et</strong></span> 
     </span>
     <span class='ocr_line' id='line_1_12' title="bbox 211 1343 1312 1422; baseline -0.001 -19"><span class='ocrx_word' id='word_1_94' title='bbox 211 1345 316 1422; x_wconf 90' lang='lat' dir='ltr'><strong>quibus</strong></span> <span class='ocrx_word' id='word_1_95' title='bbox 331 1343 479 1414; x_wconf 84' lang='lat' dir='ltr'><strong>ostendet,</strong></span> <span class='ocrx_word' id='word_1_96' title='bbox 494 1364 559 1404; x_wconf 83' lang='lat' dir='ltr'><strong>earn</strong></span> <span class='ocrx_word' id='word_1_97' title='bbox 580 1355 659 1404; x_wconf 87' lang='lat' dir='ltr'><strong>recte</strong></span> <span class='ocrx_word' id='word_1_98' title='bbox 683 1345 772 1404; x_wconf 80' lang='lat' dir='ltr'><strong>latam</strong></span> <span class='ocrx_word' id='word_1_99' title='bbox 795 1364 872 1416; x_wconf 89' lang='lat' dir='ltr'><strong>esse,</strong></span> <span class='ocrx_word' id='word_1_100' title='bbox 885 1344 1047 1416; x_wconf 81' lang='lat' dir='ltr'><strong>eoncedat,</strong></span> <span class='ocrx_word' id='word_1_101' title='bbox 1062 1363 1129 1404; x_wconf 85' lang='lat' dir='ltr'><strong>vere</strong></span> <span class='ocrx_word' id='word_1_102' title='bbox 1144 1347 1181 1402; x_wconf 86' lang='lat' dir='ltr'><strong>ab</strong></span> <span class='ocrx_word' id='word_1_103' title='bbox 1195 1364 1230 1404; x_wconf 90' lang='lat' dir='ltr'><strong>eo</strong></span> <span class='ocrx_word' id='word_1_104' title='bbox 1245 1345 1312 1416; x_wconf 91' lang='lat' dir='ltr'><strong>dici,</strong></span> 
     </span>
     <span class='ocr_line' id='line_1_13' title="bbox 212 1435 1314 1515; baseline 0 -19"><span class='ocrx_word' id='word_1_105' title='bbox 212 1455 272 1496; x_wconf 87' lang='lat' dir='ltr'><strong>una</strong></span> <span class='ocrx_word' id='word_1_106' title='bbox 285 1445 410 1508; x_wconf 86' lang='lat' dir='ltr'><strong>tanturn,</strong></span> <span class='ocrx_word' id='word_1_107' title='bbox 424 1437 539 1496; x_wconf 86' lang='lat' dir='ltr'><strong>etiamsi</strong></span> <span class='ocrx_word' id='word_1_108' title='bbox 554 1439 731 1515; x_wconf 86' lang='lat' dir='ltr'><strong>promoverit</strong></span> <span class='ocrx_word' id='word_1_109' title='bbox 744 1435 1025 1515; x_wconf 84' lang='lat' dir='ltr'><strong>aliquid,tnrpitudo</strong></span> <span class='ocrx_word' id='word_1_110' title='bbox 1038 1445 1098 1495; x_wconf 83' lang='lat' dir='ltr'><strong>non</strong></span> <span class='ocrx_word' id='word_1_111' title='bbox 1114 1436 1234 1509; x_wconf 80' lang='lat' dir='ltr'><strong>tollitur,</strong></span> <span class='ocrx_word' id='word_1_112' title='bbox 1248 1457 1314 1515; x_wconf 72' lang='lat' dir='ltr'><strong>que</strong></span> 
     </span>
     <span class='ocr_line' id='line_1_14' title="bbox 211 1528 1317 1609; baseline 0.003 -21"><span class='ocrx_word' id='word_1_113' title='bbox 211 1529 277 1608; x_wconf 84' lang='lat' dir='ltr'><strong>lege</strong></span> <span class='ocrx_word' id='word_1_114' title='bbox 293 1528 350 1588; x_wconf 79' lang='lat' dir='ltr'><strong>iste</strong></span> <span class='ocrx_word' id='word_1_115' title='bbox 362 1530 534 1608; x_wconf 73' lang='lat' dir='ltr'><strong>approbate,</strong></span> <span class='ocrx_word' id='word_1_116' title='bbox 549 1529 850 1609; x_wconf 78' lang='lat' dir='ltr'><strong>reipublieseomnino</strong></span> <span class='ocrx_word' id='word_1_117' title='bbox 864 1529 1028 1589; x_wconf 84' lang='lat' dir='ltr'><strong>usuveniet.</strong></span> <span class='ocrx_word' id='word_1_118' title='bbox 1070 1529 1249 1608; x_wconf 79' lang='lat' dir='ltr'><strong>Queeigitur</strong></span> <span class='ocrx_word' id='word_1_119' title='bbox 1266 1529 1317 1591; x_wconf 84' lang='lat' dir='ltr'><strong>illa</strong></span> 
     </span>
     <span class='ocr_line' id='line_1_15' title="bbox 210 1621 1318 1702; baseline 0 -20"><span class='ocrx_word' id='word_1_120' title='bbox 210 1621 278 1682; x_wconf 75' lang='lat' dir='ltr'><strong>est?</strong></span> <span class='ocrx_word' id='word_1_121' title='bbox 297 1681 300 1686; x_wconf 83' lang='grc'>,</span> <span class='ocrx_word' id='word_1_122' title='bbox 320 1621 409 1689; x_wconf 87' lang='lat' dir='ltr'><strong>Quod</strong></span> <span class='ocrx_word' id='word_1_123' title='bbox 423 1623 617 1682; x_wconf 72' lang='lat' dir='ltr'><strong>benemeritos</strong></span> <span class='ocrx_word' id='word_1_124' title='bbox 633 1622 786 1702; x_wconf 83' lang='lat' dir='ltr'><strong>decepisse</strong></span> <span class='ocrx_word' id='word_1_125' title='bbox 801 1621 956 1682; x_wconf 85' lang='lat' dir='ltr'><strong>videbitur.</strong></span> <span class='ocrx_word' id='word_1_126' title='bbox 978 1621 1073 1680; x_wconf 86' lang='lat' dir='ltr'><strong>Nemo</strong></span> <span class='ocrx_word' id='word_1_127' title='bbox 1085 1622 1318 1700; x_wconf 73' lang='lat' dir='ltr'><strong>sutemopinor,</strong></span> 
     </span>
     <span class='ocr_line' id='line_1_16' title="bbox 211 1713 1318 1793; baseline 0 -19"><span class='ocrx_word' id='word_1_128' title='bbox 211 1714 275 1787; x_wconf 90' lang='lat' dir='ltr'><strong>erit,</strong></span> <span class='ocrx_word' id='word_1_129' title='bbox 284 1715 354 1792; x_wconf 89' lang='lat' dir='ltr'><strong>quin</strong></span> <span class='ocrx_word' id='word_1_130' title='bbox 366 1715 491 1773; x_wconf 79' lang='lat' dir='ltr'><strong>fateatur</strong></span> <span class='ocrx_word' id='word_1_131' title='bbox 500 1715 531 1773; x_wconf 92' lang='lat' dir='ltr'><strong>id</strong></span> <span class='ocrx_word' id='word_1_132' title='bbox 539 1733 604 1774; x_wconf 89' lang='lat' dir='ltr'><strong>esse</strong></span> <span class='ocrx_word' id='word_1_133' title='bbox 615 1723 709 1793; x_wconf 90' lang='lat' dir='ltr'><strong>turpe:</strong></span> <span class='ocrx_word' id='word_1_134' title='bbox 724 1724 835 1792; x_wconf 78' lang='lat' dir='ltr'><strong>quanto</strong></span> <span class='ocrx_word' id='word_1_135' title='bbox 847 1731 915 1774; x_wconf 89' lang='lat' dir='ltr'><strong>vero</strong></span> <span class='ocrx_word' id='word_1_136' title='bbox 925 1714 1008 1776; x_wconf 84' lang='lat' dir='ltr'><strong>vobis</strong></span> <span class='ocrx_word' id='word_1_137' title='bbox 1017 1713 1236 1792; x_wconf 82' lang='lat' dir='ltr'><strong>turpius,qunnr‘</strong></span> <span class='ocrx_word' id='word_1_138' title='bbox 1245 1715 1318 1786; x_wconf 83' lang='lat' dir='ltr'><strong>aliis,</strong></span> 
     </span>
     <span class='ocr_line' id='line_1_17' title="bbox 211 1807 1316 1886; baseline 0.002 -22"><span class='ocrx_word' id='word_1_139' title='bbox 211 1826 258 1866; x_wconf 89' lang='lat' dir='ltr'><strong>me</strong></span> <span class='ocrx_word' id='word_1_140' title='bbox 277 1807 386 1866; x_wconf 82' lang='lat' dir='ltr'><strong>audite.</strong></span> <span class='ocrx_word' id='word_1_141' title='bbox 414 1807 469 1865; x_wconf 84' lang='lat' dir='ltr'><strong>Est</strong></span> <span class='ocrx_word' id='word_1_142' title='bbox 482 1807 565 1876; x_wconf 71' lang='lat' dir='ltr'><strong>uobis</strong></span> <span class='ocrx_word' id='word_1_143' title='bbox 579 1807 699 1886; x_wconf 86' lang='lat' dir='ltr'><strong>antiqua</strong></span> <span class='ocrx_word' id='word_1_144' title='bbox 714 1807 762 1866; x_wconf 88' lang='lat' dir='ltr'><strong>lex</strong></span> <span class='ocrx_word' id='word_1_145' title='bbox 782 1826 798 1868; x_wconf 92' lang='lat' dir='ltr'><strong>e</strong></span> <span class='ocrx_word' id='word_1_146' title='bbox 812 1809 999 1886; x_wconf 79' lang='lat' dir='ltr'><strong>probatarum</strong></span> <span class='ocrx_word' id='word_1_147' title='bbox 1013 1826 1154 1866; x_wconf 83' lang='lat' dir='ltr'><strong>nurnero:</strong></span> <span class='ocrx_word' id='word_1_148' title='bbox 1171 1807 1204 1866; x_wconf 91' lang='lat' dir='ltr'><strong>si</strong></span> <span class='ocrx_word' id='word_1_149' title='bbox 1223 1808 1316 1885; x_wconf 90' lang='lat' dir='ltr'><strong>quis</strong></span> 
     </span>
     <span class='ocr_line' id='line_1_18' title="bbox 211 1897 1319 1978; baseline 0 -20"><span class='ocrx_word' id='word_1_150' title='bbox 211 1897 373 1976; x_wconf 87' lang='lat' dir='ltr'><strong>aliquid</strong></span> <span class='ocrx_word' id='word_1_151' title='bbox 394 1898 977 1978; x_wconf 72' lang='lat' dir='ltr'><strong>pollioeddmverbaPepulo</strong></span> <span class='ocrx_word' id='word_1_152' title='bbox 998 1898 1172 1972; x_wconf 84' lang='lat' dir='ltr'><strong>dederit,</strong></span> <span class='ocrx_word' id='word_1_153' title='bbox 1193 1899 1319 1971; x_wconf 58' lang='lat' dir='ltr'><strong>etad-r,</strong></span> 
     </span>
     <span class='ocr_line' id='line_1_19' title="bbox 211 1991 1317 2068; baseline 0.004 -18"><span class='ocrx_word' id='word_1_154' title='bbox 211 1991 386 2051; x_wconf 83' lang='lat' dir='ltr'><strong>dueatur</strong></span> <span class='ocrx_word' id='word_1_155' title='bbox 407 1991 919 2068; x_wconf 61' lang='lat' dir='ltr'><strong>injudioiummouvictus</strong></span> <span class='ocrx_word' id='word_1_156' title='bbox 940 1992 1317 2054; x_wconf 76' lang='lat' dir='ltr'><strong>utmorternulete-</strong></span> 
     </span>
     <span class='ocr_line' id='line_1_20' title="bbox 213 2077 1321 2164; baseline 0.004 -22"><span class='ocrx_word' id='word_1_157' title='bbox 213 2093 285 2143; x_wconf 85' lang='lat' dir='ltr'><strong>tur.</strong></span> <span class='ocrx_word' id='word_1_158' title='bbox 310 2085 372 2143; x_wconf 84' lang='lat' dir='ltr'><strong>V-os</strong></span> <span class='ocrx_word' id='word_1_159' title='bbox 386 2085 471 2163; x_wconf 84' lang='lat' dir='ltr'><strong>igitur</strong></span> <span class='ocrx_word' id='word_1_160' title='bbox 485 2104 544 2144; x_wconf 89' lang='lat' dir='ltr'><strong>non</strong></span> <span class='ocrx_word' id='word_1_161' title='bbox 558 2077 689 2164; x_wconf 84' lang='lat' dir='ltr'><strong>pudebit,</strong></span> <span class='ocrx_word' id='word_1_162' title='bbox 703 2085 919 2154; x_wconf 78' lang='lat' dir='ltr'><strong>Athenienses,</strong></span> <span class='ocrx_word' id='word_1_163' title='bbox 928 2085 1058 2164; x_wconf 82' lang='lat' dir='ltr'><strong>ipsosee</strong></span> <span class='ocrx_word' id='word_1_164' title='bbox 1070 2084 1167 2163; x_wconf 84' lang='lat' dir='ltr'><strong>pelam</strong></span> <span class='ocrx_word' id='word_1_165' title='bbox 1182 2086 1321 2150; x_wconf 50' lang='lat' dir='ltr'><strong>comisit*</strong></span> 
     </span>
     <span class='ocr_line' id='line_1_21' title="bbox 212 2177 1322 2256; baseline 0.001 -18"><span class='ocrx_word' id='word_1_166' title='bbox 212 2186 284 2250; x_wconf 79' lang='lat' dir='ltr'><strong>tere,</strong></span> <span class='ocrx_word' id='word_1_167' title='bbox 296 2195 362 2256; x_wconf 81' lang='lat' dir='ltr'><strong>quoe</strong></span> <span class='ocrx_word' id='word_1_168' title='bbox 375 2177 405 2236; x_wconf 88' lang='lat' dir='ltr'><strong>in</strong></span> <span class='ocrx_word' id='word_1_169' title='bbox 415 2177 478 2236; x_wconf 88' lang='lat' dir='ltr'><strong>aliis</strong></span> <span class='ocrx_word' id='word_1_170' title='bbox 491 2177 608 2256; x_wconf 76' lang='lat' dir='ltr'><strong>capitali</strong></span> <span class='ocrx_word' id='word_1_171' title='bbox 624 2177 797 2237; x_wconf 78' lang='lat' dir='ltr'><strong>vindicanda</strong></span> <span class='ocrx_word' id='word_1_172' title='bbox 808 2177 951 2256; x_wconf 79' lang='lat' dir='ltr'><strong>supplicio</strong></span> <span class='ocrx_word' id='word_1_173' title='bbox 961 2177 1138 2238; x_wconf 76' lang='lat' dir='ltr'><strong>censuistis?</strong></span> <span class='ocrx_word' id='word_1_174' title='bbox 1162 2178 1322 2239; x_wconf 73' lang='lat' dir='ltr'><strong>Nannenus</strong></span> 
     </span>
     <span class='ocr_line' id='line_1_22' title="bbox 213 2265 1321 2349; baseline 0.004 -21"><span class='ocrx_word' id='word_1_175' title='bbox 213 2270 312 2329; x_wconf 86' lang='lat' dir='ltr'><strong>omnia</strong></span> <span class='ocrx_word' id='word_1_176' title='bbox 321 2265 452 2330; x_wconf 72' lang='lat' dir='ltr'><strong>ostende</strong></span> <span class='ocrx_word' id='word_1_177' title='bbox 467 2280 498 2330; x_wconf 92' lang='lat' dir='ltr'><strong>et</strong></span> <span class='ocrx_word' id='word_1_178' title='bbox 510 2266 653 2348; x_wconf 82' lang='lat' dir='ltr'><strong>fugienda</strong></span> <span class='ocrx_word' id='word_1_179' title='bbox 672 2280 751 2342; x_wconf 89' lang='lat' dir='ltr'><strong>sunt,</strong></span> <span class='ocrx_word' id='word_1_180' title='bbox 768 2279 826 2328; x_wconf 84' lang='lat' dir='ltr'><strong>tarn</strong></span> <span class='ocrx_word' id='word_1_181' title='bbox 841 2286 908 2347; x_wconf 71' lang='lat' dir='ltr'><strong>que</strong></span> <span class='ocrx_word' id='word_1_182' title='bbox 920 2271 1018 2348; x_wconf 81' lang='lat' dir='ltr'><strong>turpia</strong></span> <span class='ocrx_word' id='word_1_183' title='bbox 1027 2274 1128 2330; x_wconf 67' lang='lat' dir='ltr'><strong>retent</strong></span> <span class='ocrx_word' id='word_1_184' title='bbox 1139 2281 1220 2342; x_wconf 80' lang='lat' dir='ltr'><strong>sunt,</strong></span> <span class='ocrx_word' id='word_1_185' title='bbox 1229 2291 1321 2349; x_wconf 80' lang='lat' dir='ltr'><strong>quarn</strong></span> 
     </span>
     <span class='ocr_line' id='line_1_23' title="bbox 212 2357 1318 2452; baseline 0 -28"><span class='ocrx_word' id='word_1_186' title='bbox 212 2361 429 2442; x_wconf 75' lang='lat' dir='ltr'><strong>quoe&#39;videntdr</strong></span> <span class='ocrx_word' id='word_1_187' title='bbox 443 2357 618 2425; x_wconf 86' lang='lat' dir='ltr'><strong>inhoneste:</strong></span> <span class='ocrx_word' id='word_1_188' title='bbox 640 2374 702 2424; x_wconf 82' lang='lat' dir='ltr'><strong>tuni</strong></span> <span class='ocrx_word' id='word_1_189' title='bbox 716 2379 786 2427; x_wconf 80' lang='lat' dir='ltr'><strong>vero</strong></span> <span class='ocrx_word' id='word_1_190' title='bbox 800 2381 840 2452; x_wconf 79' lang='lat' dir='ltr'><strong>ea</strong></span> <span class='ocrx_word' id='word_1_191' title='bbox 849 2363 1044 2442; x_wconf 73' lang='lat' dir='ltr'><strong>potissimum,</strong></span> <span class='ocrx_word' id='word_1_192' title='bbox 1056 2383 1126 2441; x_wconf 82' lang='lat' dir='ltr'><strong>qnae</strong></span> <span class='ocrx_word' id='word_1_193' title='bbox 1136 2364 1167 2422; x_wconf 85' lang='lat' dir='ltr'><strong>in</strong></span> <span class='ocrx_word' id='word_1_194' title='bbox 1177 2364 1244 2424; x_wconf 83' lang='lat' dir='ltr'><strong>aliis</strong></span> <span class='ocrx_word' id='word_1_195' title='bbox 1256 2385 1318 2424; x_wconf 88' lang='lat' dir='ltr'><strong>mo-</strong></span> 
     </span>
     <span class='ocr_line' id='line_1_24' title="bbox 212 2455 1323 2534; baseline 0.004 -20"><span class='ocrx_word' id='word_1_196' title='bbox 212 2457 286 2518; x_wconf 86' lang='lat' dir='ltr'><strong>leste</strong></span> <span class='ocrx_word' id='word_1_197' title='bbox 299 2458 387 2517; x_wconf 83' lang='lat' dir='ltr'><strong>feras.</strong></span> <span class='ocrx_word' id='word_1_198' title='bbox 426 2457 496 2516; x_wconf 81' lang='lat' dir='ltr'><strong>&#39;Nee</strong></span> <span class='ocrx_word' id='word_1_199' title='bbox 521 2456 600 2516; x_wconf 89' lang='lat' dir='ltr'><strong>enim</strong></span> <span class='ocrx_word' id='word_1_200' title='bbox 619 2456 680 2516; x_wconf 82' lang='lat' dir='ltr'><strong>ulle</strong></span> <span class='ocrx_word' id='word_1_201' title='bbox 691 2456 892 2516; x_wconf 76' lang='lat' dir='ltr'><strong>controversie</strong></span> <span class='ocrx_word' id='word_1_202' title='bbox 906 2455 1176 2534; x_wconf 82' lang='lat' dir='ltr'><strong>relinquitur,quin</strong></span> <span class='ocrx_word' id='word_1_203' title='bbox 1187 2476 1224 2517; x_wconf 89' lang='lat' dir='ltr'><strong>ea</strong></span> <span class='ocrx_word' id='word_1_204' title='bbox 1247 2457 1323 2520; x_wconf 46' lang='lat' dir='ltr'><strong>fasir-¹</strong></span> 
     </span>
     <span class='ocr_line' id='line_1_25' title="bbox 214 2547 1323 2629; baseline 0 -17"><span class='ocrx_word' id='word_1_205' title='bbox 214 2551 292 2612; x_wconf 85' lang='lat' dir='ltr'><strong>ends</strong></span> <span class='ocrx_word' id='word_1_206' title='bbox 303 2569 362 2609; x_wconf 92' lang='lat' dir='ltr'><strong>non</strong></span> <span class='ocrx_word' id='word_1_207' title='bbox 374 2552 442 2619; x_wconf 85' lang='lat' dir='ltr'><strong>sint,</strong></span> <span class='ocrx_word' id='word_1_208' title='bbox 452 2569 519 2628; x_wconf 77' lang='lat' dir='ltr'><strong>ques</strong></span> <span class='ocrx_word' id='word_1_209' title='bbox 533 2551 597 2628; x_wconf 90' lang='lat' dir='ltr'><strong>ipse</strong></span> <span class='ocrx_word' id='word_1_210' title='bbox 610 2559 698 2608; x_wconf 85' lang='lat' dir='ltr'><strong>antea</strong></span> <span class='ocrx_word' id='word_1_211' title='bbox 710 2549 807 2628; x_wconf 85' lang='lat' dir='ltr'><strong>turpia</strong></span> <span class='ocrx_word' id='word_1_212' title='bbox 816 2547 968 2628; x_wconf 80' lang='lat' dir='ltr'><strong>judiceris.</strong></span> <span class='ocrx_word' id='word_1_213' title='bbox 1007 2548 1057 2607; x_wconf 86' lang='lat' dir='ltr'><strong>Ad</strong></span> <span class='ocrx_word' id='word_1_214' title='bbox 1070 2548 1136 2608; x_wconf 80' lang='lat' dir='ltr'><strong>haee</strong></span> <span class='ocrx_word' id='word_1_215' title='bbox 1151 2549 1224 2611; x_wconf 86' lang='lat' dir='ltr'><strong>illud</strong></span> <span class='ocrx_word' id='word_1_216' title='bbox 1245 2572 1323 2629; x_wconf 53' lang='lat' dir='ltr'><strong>ques</strong></span> 
     </span>
     <span class='ocr_line' id='line_1_26' title="bbox 213 2640 1319 2722; baseline 0.005 -23"><span class='ocrx_word' id='word_1_217' title='bbox 213 2659 271 2722; x_wconf 85' lang='lat' dir='ltr'><strong>que</strong></span> <span class='ocrx_word' id='word_1_218' title='bbox 286 2641 462 2712; x_wconf 80' lang='lat' dir='ltr'><strong>cavendam,</strong></span> <span class='ocrx_word' id='word_1_219' title='bbox 479 2661 517 2700; x_wconf 86' lang='lat' dir='ltr'><strong>ne</strong></span> <span class='ocrx_word' id='word_1_220' title='bbox 531 2642 603 2720; x_wconf 91' lang='lat' dir='ltr'><strong>qnid</strong></span> <span class='ocrx_word' id='word_1_221' title='bbox 617 2641 735 2720; x_wconf 82' lang='lat' dir='ltr'><strong>publice</strong></span> <span class='ocrx_word' id='word_1_222' title='bbox 748 2640 920 2710; x_wconf 75' lang='lat' dir='ltr'><strong>admittetis,</strong></span> <span class='ocrx_word' id='word_1_223' title='bbox 935 2641 1015 2719; x_wconf 89' lang='lat' dir='ltr'><strong>quod</strong></span> <span class='ocrx_word' id='word_1_224' title='bbox 1029 2640 1164 2719; x_wconf 76' lang='lat' dir='ltr'><strong>priuatim</strong></span> <span class='ocrx_word' id='word_1_225' title='bbox 1178 2642 1319 2704; x_wconf 82' lang='lat' dir='ltr'><strong>vitaretis.</strong></span> 
     </span>
     <span class='ocr_line' id='line_1_27' title="bbox 214 2733 1325 2812; baseline 0.007 -22"><span class='ocrx_word' id='word_1_226' title='bbox 214 2736 353 2794; x_wconf 76' lang='lat' dir='ltr'><strong>Vestrum</strong></span> <span class='ocrx_word' id='word_1_227' title='bbox 364 2745 462 2794; x_wconf 85' lang='lat' dir='ltr'><strong>autem</strong></span> <span class='ocrx_word' id='word_1_228' title='bbox 476 2751 562 2792; x_wconf 88' lang='lat' dir='ltr'><strong>nemo</strong></span> <span class='ocrx_word' id='word_1_229' title='bbox 575 2745 630 2805; x_wconf 88' lang='lat' dir='ltr'><strong>est,</strong></span> <span class='ocrx_word' id='word_1_230' title='bbox 652 2735 701 2812; x_wconf 90' lang='lat' dir='ltr'><strong>qui</strong></span> <span class='ocrx_word' id='word_1_231' title='bbox 716 2733 796 2811; x_wconf 90' lang='lat' dir='ltr'><strong>quod</strong></span> <span class='ocrx_word' id='word_1_232' title='bbox 809 2733 943 2792; x_wconf 85' lang='lat' dir='ltr'><strong>dedisset</strong></span> <span class='ocrx_word' id='word_1_233' title='bbox 956 2733 1052 2803; x_wconf 85' lang='lat' dir='ltr'><strong>alicui,</strong></span> <span class='ocrx_word' id='word_1_234' title='bbox 1068 2754 1168 2797; x_wconf 84' lang='lat' dir='ltr'><strong>rursus</strong></span> <span class='ocrx_word' id='word_1_235' title='bbox 1179 2736 1325 2810; x_wconf 64' lang='lat' dir='ltr'><strong>auferret·</strong></span> 
     </span>
     <span class='ocr_line' id='line_1_28' title="bbox 213 2813 1320 2909; baseline 0.004 -23"><span class='ocrx_word' id='word_1_236' title='bbox 213 2813 275 2898; x_wconf 78' lang='lat' dir='ltr'><strong>imo</strong></span> <span class='ocrx_word' id='word_1_237' title='bbox 287 2845 326 2889; x_wconf 86' lang='lat' dir='ltr'><strong>ne</strong></span> <span class='ocrx_word' id='word_1_238' title='bbox 335 2837 489 2893; x_wconf 86' lang='lat' dir='ltr'><strong>conaretur</strong></span> <span class='ocrx_word' id='word_1_239' title='bbox 498 2827 629 2904; x_wconf 90' lang='lat' dir='ltr'><strong>quidem.</strong></span> <span class='ocrx_word' id='word_1_240' title='bbox 671 2829 769 2893; x_wconf 75' lang='lat' dir='ltr'><strong>Quare</strong></span> <span class='ocrx_word' id='word_1_241' title='bbox 789 2845 884 2904; x_wconf 86' lang='lat' dir='ltr'><strong>neque</strong></span> <span class='ocrx_word' id='word_1_242' title='bbox 899 2825 1015 2905; x_wconf 76' lang='lat' dir='ltr'><strong>publice</strong></span> <span class='ocrx_word' id='word_1_243' title='bbox 1036 2827 1092 2887; x_wconf 88' lang='lat' dir='ltr'><strong>hoe</strong></span> <span class='ocrx_word' id='word_1_244' title='bbox 1106 2828 1253 2890; x_wconf 79' lang='lat' dir='ltr'><strong>feceritis!</strong></span> <span class='ocrx_word' id='word_1_245' title='bbox 1270 2831 1320 2909; x_wconf 87' lang='lat' dir='ltr'><strong>jn-</strong></span> 
     </span>
     <span class='ocr_line' id='line_1_29' title="bbox 213 2919 1320 2999; baseline 0.004 -21"><span class='ocrx_word' id='word_1_246' title='bbox 213 2921 282 2980; x_wconf 92' lang='lat' dir='ltr'><strong>bete</strong></span> <span class='ocrx_word' id='word_1_247' title='bbox 297 2921 396 2999; x_wconf 81' lang='lat' dir='ltr'><strong>petius</strong></span> <span class='ocrx_word' id='word_1_248' title='bbox 410 2929 547 2998; x_wconf 81' lang='lat' dir='ltr'><strong>patronos</strong></span> <span class='ocrx_word' id='word_1_249' title='bbox 563 2919 645 2977; x_wconf 82' lang='lat' dir='ltr'><strong>istius</strong></span> <span class='ocrx_word' id='word_1_250' title='bbox 660 2919 747 2996; x_wconf 83' lang='lat' dir='ltr'><strong>legis,</strong></span> <span class='ocrx_word' id='word_1_251' title='bbox 769 2919 793 2977; x_wconf 88' lang='lat' dir='ltr'><strong>si</strong></span> <span class='ocrx_word' id='word_1_252' title='bbox 813 2937 902 2996; x_wconf 85' lang='lat' dir='ltr'><strong>quern</strong></span> <span class='ocrx_word' id='word_1_253' title='bbox 921 2920 972 2996; x_wconf 92' lang='lat' dir='ltr'><strong>qui</strong></span> <span class='ocrx_word' id='word_1_254' title='bbox 994 2931 1171 2980; x_wconf 84' lang='lat' dir='ltr'><strong>conseeutus</strong></span> <span class='ocrx_word' id='word_1_255' title='bbox 1195 2932 1242 2982; x_wconf 87' lang='lat' dir='ltr'><strong>est</strong></span> <span class='ocrx_word' id='word_1_256' title='bbox 1261 2923 1320 2982; x_wconf 87' lang='lat' dir='ltr'><strong>hoc</strong></span> 
     </span>
     <span class='ocr_line' id='line_1_30' title="bbox 215 3011 1322 3094; baseline 0.001 -22"><span class='ocrx_word' id='word_1_257' title='bbox 215 3013 325 3072; x_wconf 88' lang='lat' dir='ltr'><strong>donum</strong></span> <span class='ocrx_word' id='word_1_258' title='bbox 339 3012 492 3090; x_wconf 81' lang='lat' dir='ltr'><strong>indignum</strong></span> <span class='ocrx_word' id='word_1_259' title='bbox 507 3028 571 3070; x_wconf 83' lang='lat' dir='ltr'><strong>esse</strong></span> <span class='ocrx_word' id='word_1_260' title='bbox 583 3011 677 3082; x_wconf 81' lang='lat' dir='ltr'><strong>aiunt,</strong></span> <span class='ocrx_word' id='word_1_261' title='bbox 690 3011 750 3069; x_wconf 82' lang='lat' dir='ltr'><strong>sire</strong></span> <span class='ocrx_word' id='word_1_262' title='bbox 760 3011 883 3088; x_wconf 85' lang='lat' dir='ltr'><strong>quodid</strong></span> <span class='ocrx_word' id='word_1_263' title='bbox 895 3020 1003 3094; x_wconf 80' lang='lat' dir='ltr'><strong>teneat,</strong></span> <span class='ocrx_word' id='word_1_264' title='bbox 1017 3032 1086 3072; x_wconf 85' lang='lat' dir='ltr'><strong>eum</strong></span> <span class='ocrx_word' id='word_1_265' title='bbox 1096 3030 1206 3076; x_wconf 70' lang='lat' dir='ltr'><strong>nomes</strong></span> <span class='ocrx_word' id='word_1_266' title='bbox 1218 3015 1322 3094; x_wconf 82' lang='lat' dir='ltr'><strong>feeerit</strong></span> 
     </span>
     <span class='ocr_line' id='line_1_31' title="bbox 214 3103 1321 3184; baseline 0.002 -20"><span class='ocrx_word' id='word_1_267' title='bbox 214 3117 332 3184; x_wconf 87' lang='lat' dir='ltr'><strong>propter</strong></span> <span class='ocrx_word' id='word_1_268' title='bbox 351 3125 418 3182; x_wconf 78' lang='lat' dir='ltr'><strong>quoe</strong></span> <span class='ocrx_word' id='word_1_269' title='bbox 440 3104 478 3162; x_wconf 87' lang='lat' dir='ltr'><strong>sit</strong></span> <span class='ocrx_word' id='word_1_270' title='bbox 498 3104 611 3174; x_wconf 85' lang='lat' dir='ltr'><strong>datum,</strong></span> <span class='ocrx_word' id='word_1_271' title='bbox 625 3105 686 3162; x_wconf 88' lang='lat' dir='ltr'><strong>sive</strong></span> <span class='ocrx_word' id='word_1_272' title='bbox 707 3104 746 3160; x_wconf 91' lang='lat' dir='ltr'><strong>ob</strong></span> <span class='ocrx_word' id='word_1_273' title='bbox 761 3103 839 3161; x_wconf 87' lang='lat' dir='ltr'><strong>aliud</strong></span> <span class='ocrx_word' id='word_1_274' title='bbox 855 3104 964 3162; x_wconf 84' lang='lat' dir='ltr'><strong>crimen</strong></span> <span class='ocrx_word' id='word_1_275' title='bbox 979 3105 1108 3182; x_wconf 79' lang='lat' dir='ltr'><strong>aliquod,</strong></span> <span class='ocrx_word' id='word_1_276' title='bbox 1128 3125 1270 3168; x_wconf 79' lang='lat' dir='ltr'><strong>accusare</strong></span> <span class='ocrx_word' id='word_1_277' title='bbox 1284 3117 1321 3166; x_wconf 76' lang='grc' dir='ltr'><strong>ει(</strong></span> 
     </span>
     <span class='ocr_line' id='line_1_32' title="bbox 214 3193 1321 3280; baseline 0.003 -24"><span class='ocrx_word' id='word_1_278' title='bbox 214 3198 293 3276; x_wconf 80' lang='lat' dir='ltr'><strong>lege,</strong></span> <span class='ocrx_word' id='word_1_279' title='bbox 307 3215 396 3276; x_wconf 85' lang='lat' dir='ltr'><strong>quam</strong></span> <span class='ocrx_word' id='word_1_280' title='bbox 410 3215 464 3254; x_wconf 90' lang='lat' dir='ltr'><strong>nos</strong></span> <span class='ocrx_word' id='word_1_281' title='bbox 475 3196 564 3254; x_wconf 84' lang='lat' dir='ltr'><strong>inodo</strong></span> <span class='ocrx_word' id='word_1_282' title='bbox 579 3193 794 3265; x_wconf 83' lang='lat' dir='ltr'><strong>substituimus,</strong></span> <span class='ocrx_word' id='word_1_283' title='bbox 808 3195 870 3256; x_wconf 88' lang='lat' dir='ltr'><strong>sive</strong></span> <span class='ocrx_word' id='word_1_284' title='bbox 878 3216 938 3254; x_wconf 84' lang='lat' dir='ltr'><strong>nos</strong></span> <span class='ocrx_word' id='word_1_285' title='bbox 947 3209 1013 3256; x_wconf 81' lang='lat' dir='ltr'><strong>eam</strong></span> <span class='ocrx_word' id='word_1_286' title='bbox 1020 3197 1186 3270; x_wconf 85' lang='lat' dir='ltr'><strong>tulerimus,</strong></span> <span class='ocrx_word' id='word_1_287' title='bbox 1199 3201 1228 3260; x_wconf 93' lang='lat' dir='ltr'><strong>id</strong></span> <span class='ocrx_word' id='word_1_288' title='bbox 1241 3202 1321 3280; x_wconf 88' lang='lat' dir='ltr'><strong>quod</strong></span> 
     </span>
     <span class='ocr_line' id='line_1_33' title="bbox 213 3287 1321 3370; baseline 0.004 -22"><span class='ocrx_word' id='word_1_289' title='bbox 213 3308 268 3348; x_wconf 88' lang='lat' dir='ltr'><strong>nos</strong></span> <span class='ocrx_word' id='word_1_290' title='bbox 283 3290 414 3350; x_wconf 77' lang='lat' dir='ltr'><strong>facturos</strong></span> <span class='ocrx_word' id='word_1_291' title='bbox 434 3307 501 3348; x_wconf 91' lang='lat' dir='ltr'><strong>esse</strong></span> <span class='ocrx_word' id='word_1_292' title='bbox 514 3287 707 3370; x_wconf 77' lang='lat' dir='ltr'><strong>spondemus</strong></span> <span class='ocrx_word' id='word_1_293' title='bbox 716 3298 748 3344; x_wconf 89' lang='lat' dir='ltr'><strong>et</strong></span> <span class='ocrx_word' id='word_1_294' title='bbox 769 3287 950 3366; x_wconf 81' lang='lat' dir='ltr'><strong>pollicemur,</strong></span> <span class='ocrx_word' id='word_1_295' title='bbox 963 3290 1027 3348; x_wconf 89' lang='lat' dir='ltr'><strong>sive</strong></span> <span class='ocrx_word' id='word_1_296' title='bbox 1038 3291 1096 3369; x_wconf 86' lang='lat' dir='ltr'><strong>ipsi</strong></span> <span class='ocrx_word' id='word_1_297' title='bbox 1107 3291 1241 3362; x_wconf 82' lang='lat' dir='ltr'><strong>tulerint,</strong></span> <span class='ocrx_word' id='word_1_298' title='bbox 1252 3313 1321 3352; x_wconf 87' lang='lat' dir='ltr'><strong>cum</strong></span> 
     </span>
     <span class='ocr_line' id='line_1_34' title="bbox 214 3378 1320 3462; baseline 0.005 -22"><span class='ocrx_word' id='word_1_299' title='bbox 214 3382 340 3461; x_wconf 87' lang='lat' dir='ltr'><strong>primurn</strong></span> <span class='ocrx_word' id='word_1_300' title='bbox 354 3381 445 3442; x_wconf 84' lang='lat' dir='ltr'><strong>creati</strong></span> <span class='ocrx_word' id='word_1_301' title='bbox 468 3380 580 3438; x_wconf 82' lang='lat' dir='ltr'><strong>fuerint</strong></span> <span class='ocrx_word' id='word_1_302' title='bbox 602 3378 821 3456; x_wconf 85' lang='lat' dir='ltr'><strong>legumlatores.</strong></span> <span class='ocrx_word' id='word_1_303' title='bbox 864 3382 941 3440; x_wconf 84' lang='lat' dir='ltr'><strong>Sunt</strong></span> <span class='ocrx_word' id='word_1_304' title='bbox 967 3393 1065 3442; x_wconf 85' lang='lat' dir='ltr'><strong>autem</strong></span> <span class='ocrx_word' id='word_1_305' title='bbox 1083 3386 1190 3462; x_wconf 81' lang='lat' dir='ltr'><strong>cuique</strong></span> <span class='ocrx_word' id='word_1_306' title='bbox 1215 3406 1320 3446; x_wconf 82' lang='lat' dir='ltr'><strong>eorum</strong></span> 
     </span>
     <span class='ocr_line' id='line_1_35' title="bbox 213 3471 1320 3558; baseline 0.005 -26"><span class='ocrx_word' id='word_1_307' title='bbox 213 3473 306 3552; x_wconf 82' lang='lat' dir='ltr'><strong>aliqui</strong></span> <span class='ocrx_word' id='word_1_308' title='bbox 321 3472 439 3540; x_wconf 79' lang='lat' dir='ltr'><strong>inimici,</strong></span> <span class='ocrx_word' id='word_1_309' title='bbox 454 3471 517 3530; x_wconf 83' lang='lat' dir='ltr'><strong>aliis</strong></span> <span class='ocrx_word' id='word_1_310' title='bbox 534 3471 735 3549; x_wconf 81' lang='lat' dir='ltr'><strong>Diophantus,</strong></span> <span class='ocrx_word' id='word_1_311' title='bbox 750 3471 812 3531; x_wconf 87' lang='lat' dir='ltr'><strong>aliis</strong></span> <span class='ocrx_word' id='word_1_312' title='bbox 828 3473 973 3551; x_wconf 84' lang='lat' dir='ltr'><strong>Eubulus,</strong></span> <span class='ocrx_word' id='word_1_313' title='bbox 987 3474 1052 3556; x_wconf 68' lang='lat' dir='ltr'><strong>aliis</strong></span> <span class='ocrx_word' id='word_1_314' title='bbox 1073 3476 1148 3540; x_wconf 86' lang='lat' dir='ltr'><strong>alius</strong></span> <span class='ocrx_word' id='word_1_315' title='bbox 1161 3479 1320 3558; x_wconf 81' lang='lat' dir='ltr'><strong>quispiam.</strong></span> 
     </span>
     <span class='ocr_line' id='line_1_36' title="bbox 215 3564 1322 3641; baseline 0.002 -13"><span class='ocrx_word' id='word_1_316' title='bbox 215 3567 305 3636; x_wconf 83' lang='lat' dir='ltr'><strong>Quod</strong></span> <span class='ocrx_word' id='word_1_317' title='bbox 319 3566 344 3626; x_wconf 85' lang='lat' dir='ltr'><strong>si</strong></span> <span class='ocrx_word' id='word_1_318' title='bbox 357 3565 416 3624; x_wconf 87' lang='lat' dir='ltr'><strong>hoe</strong></span> <span class='ocrx_word' id='word_1_319' title='bbox 430 3565 647 3635; x_wconf 65' lang='lat' dir='ltr'><strong>detrectabunt,</strong></span> <span class='ocrx_word' id='word_1_320' title='bbox 663 3569 694 3624; x_wconf 91' lang='lat' dir='ltr'><strong>et</strong></span> <span class='ocrx_word' id='word_1_321' title='bbox 716 3564 812 3624; x_wconf 84' lang='lat' dir='ltr'><strong>faeere</strong></span> <span class='ocrx_word' id='word_1_322' title='bbox 835 3565 950 3637; x_wconf 82' lang='lat' dir='ltr'><strong>nolent,</strong></span> <span class='ocrx_word' id='word_1_323' title='bbox 971 3567 1174 3641; x_wconf 79' lang='lat' dir='ltr'><strong>dessiderete,</strong></span> <span class='ocrx_word' id='word_1_324' title='bbox 1193 3573 1322 3636; x_wconf 83' lang='lat' dir='ltr'><strong>Atheni·</strong></span> 
     </span>
    </p>
   </div>
   <div class='ocr_carea' id='block_1_3' title="bbox 120 3654 1322 3739">
    <p class='ocr_par' dir='ltr' id='par_1_4' title="bbox 120 3654 1322 3739">
     <span class='ocr_line' id='line_1_37' title="bbox 120 3654 1322 3739; baseline 0.006 -20"><span class='ocrx_word' id='word_1_325' title='bbox 120 3671 126 3686; x_wconf 91' lang='lat'><strong>·</strong></span> <span class='ocrx_word' id='word_1_326' title='bbox 214 3681 313 3734; x_wconf 84' lang='lat' dir='ltr'><strong>enses,</strong></span> <span class='ocrx_word' id='word_1_327' title='bbox 326 3657 510 3739; x_wconf 76' lang='lat' dir='ltr'><strong>quanrvobis</strong></span> <span class='ocrx_word' id='word_1_328' title='bbox 525 3654 717 3718; x_wconf 71' lang='lat' dir='ltr'><strong>honorificum</strong></span> <span class='ocrx_word' id='word_1_329' title='bbox 731 3657 865 3718; x_wconf 77' lang='lat' dir='ltr'><strong>futurum</strong></span> <span class='ocrx_word' id='word_1_330' title='bbox 879 3661 927 3729; x_wconf 88' lang='lat' dir='ltr'><strong>sit,</strong></span> <span class='ocrx_word' id='word_1_331' title='bbox 937 3680 989 3720; x_wconf 88' lang='lat' dir='ltr'><strong>vos</strong></span> <span class='ocrx_word' id='word_1_332' title='bbox 1004 3663 1079 3722; x_wconf 88' lang='lat' dir='ltr'><strong>bene</strong></span> <span class='ocrx_word' id='word_1_333' title='bbox 1091 3665 1202 3724; x_wconf 80' lang='lat' dir='ltr'><strong>meritis</strong></span> <span class='ocrx_word' id='word_1_334' title='bbox 1214 3685 1252 3726; x_wconf 87' lang='lat' dir='ltr'><strong>ea</strong></span> <span class='ocrx_word' id='word_1_335' title='bbox 1266 3667 1322 3728; x_wconf 89' lang='lat' dir='ltr'><strong>eri-</strong></span> 
     </span>
    </p>
   </div>
   <div class='ocr_carea' id='block_1_4' title="bbox 214 3750 1334 4384">
    <p class='ocr_par' dir='ltr' id='par_1_5' title="bbox 214 3750 1334 4384">
     <span class='ocr_line' id='line_1_38' title="bbox 215 3750 1328 3833; baseline 0.006 -19"><span class='ocrx_word' id='word_1_336' title='bbox 215 3755 325 3833; x_wconf 73' lang='lat' dir='ltr'><strong>puisse,</strong></span> <span class='ocrx_word' id='word_1_337' title='bbox 339 3761 406 3832; x_wconf 63' lang='lat' dir='ltr'><strong>que</strong></span> <span class='ocrx_word' id='word_1_338' title='bbox 427 3751 548 3811; x_wconf 86' lang='lat' dir='ltr'><strong>istorum</strong></span> <span class='ocrx_word' id='word_1_339' title='bbox 573 3751 660 3809; x_wconf 85' lang='lat' dir='ltr'><strong>nem&#39;o</strong></span> <span class='ocrx_word' id='word_1_340' title='bbox 685 3750 812 3812; x_wconf 85' lang='lat' dir='ltr'><strong>inimicis</strong></span> <span class='ocrx_word' id='word_1_341' title='bbox 835 3753 948 3831; x_wconf 86' lang='lat' dir='ltr'><strong>eripere</strong></span> <span class='ocrx_word' id='word_1_342' title='bbox 967 3755 1027 3814; x_wconf 80' lang='lat' dir='ltr'><strong>nou</strong></span> <span class='ocrx_word' id='word_1_343' title='bbox 1052 3765 1204 3828; x_wconf 65' lang='lat' dir='ltr'><strong>vereatuts</strong></span> <span class='ocrx_word' id='word_1_344' title='bbox 1226 3771 1257 3820; x_wconf 89' lang='lat' dir='ltr'><strong>et</strong></span> <span class='ocrx_word' id='word_1_345' title='bbox 1270 3780 1328 3820; x_wconf 85' lang='lat' dir='ltr'><strong>eus</strong></span> 
     </span>
     <span class='ocr_line' id='line_1_39' title="bbox 214 3844 1334 3931; baseline 0.006 -24"><span class='ocrx_word' id='word_1_346' title='bbox 214 3845 597 3925; x_wconf 79' lang='lat' dir='ltr'><strong>quivobis&#39;beuefeoerunt,</strong></span> <span class='ocrx_word' id='word_1_347' title='bbox 606 3844 810 3921; x_wconf 73' lang='lat' dir='ltr'><strong>quibusdemo</strong></span> <span class='ocrx_word' id='word_1_348' title='bbox 824 3845 982 3924; x_wconf 78' lang='lat' dir='ltr'><strong>quicquam</strong></span> <span class='ocrx_word' id='word_1_349' title='bbox 995 3849 1120 3923; x_wconf 83' lang='lat' dir='ltr'><strong>objipere</strong></span> <span class='ocrx_word' id='word_1_350' title='bbox 1134 3859 1243 3928; x_wconf 79' lang='lat' dir='ltr'><strong>potent,</strong></span> <span class='ocrx_word' id='word_1_351' title='bbox 1252 3871 1334 3931; x_wconf 55' lang='lat' dir='ltr'><strong>quaeae</strong></span> 
     </span>
     <span class='ocr_line' id='line_1_40' title="bbox 215 3935 1333 4022; baseline 0.004 -24"><span class='ocrx_word' id='word_1_352' title='bbox 215 3939 288 4000; x_wconf 83' lang='lat' dir='ltr'><strong>data</strong></span> <span class='ocrx_word' id='word_1_353' title='bbox 301 3942 416 4000; x_wconf 84' lang='lat' dir='ltr'><strong>suerent</strong></span> <span class='ocrx_word' id='word_1_354' title='bbox 434 3957 486 4020; x_wconf 89' lang='lat' dir='ltr'><strong>per</strong></span> <span class='ocrx_word' id='word_1_355' title='bbox 507 3955 560 3996; x_wconf 87' lang='lat' dir='ltr'><strong>vos</strong></span> <span class='ocrx_word' id='word_1_356' title='bbox 584 3935 719 3996; x_wconf 85' lang='lat' dir='ltr'><strong>amisisse</strong></span> <span class='ocrx_word' id='word_1_357' title='bbox 741 3937 910 3998; x_wconf 71' lang='lat' dir='ltr'><strong>nnmerum:</strong></span> <span class='ocrx_word' id='word_1_358' title='bbox 933 3957 1006 4000; x_wconf 86' lang='lat' dir='ltr'><strong>eum</strong></span> <span class='ocrx_word' id='word_1_359' title='bbox 1024 3941 1104 4001; x_wconf 61' lang='lat' dir='ltr'><strong>‘fieri</strong></span> <span class='ocrx_word' id='word_1_360' title='bbox 1118 3945 1280 4022; x_wconf 76' lang='lat' dir='ltr'><strong>pomisset,</strong></span> <span class='ocrx_word' id='word_1_361' title='bbox 1301 3946 1333 4005; x_wconf 85' lang='lat' dir='ltr'><strong>si.</strong></span> 
     </span>
     <span class='ocr_line' id='line_1_41' title="bbox 216 4028 1333 4112; baseline 0.005 -24"><span class='ocrx_word' id='word_1_362' title='bbox 216 4030 283 4109; x_wconf 83' lang='lat' dir='ltr'><strong>quis</strong></span> <span class='ocrx_word' id='word_1_363' title='bbox 312 4039 386 4090; x_wconf 63' lang='lat' dir='ltr'><strong>sene*</strong></span> <span class='ocrx_word' id='word_1_364' title='bbox 404 4031 543 4108; x_wconf 79' lang='lat' dir='ltr'><strong>indignus</strong></span> <span class='ocrx_word' id='word_1_365' title='bbox 562 4038 618 4102; x_wconf 87' lang='lat' dir='ltr'><strong>est,</strong></span> <span class='ocrx_word' id='word_1_366' title='bbox 632 4028 693 4087; x_wconf 82' lang='lat' dir='ltr'><strong>sive</strong></span> <span class='ocrx_word' id='word_1_367' title='bbox 715 4033 807 4101; x_wconf 85' lang='lat' dir='ltr'><strong>unus,</strong></span> <span class='ocrx_word' id='word_1_368' title='bbox 816 4030 879 4088; x_wconf 80' lang='lat' dir='ltr'><strong>sive</strong></span> <span class='ocrx_word' id='word_1_369' title='bbox 891 4031 961 4104; x_wconf 88' lang='lat' dir='ltr'><strong>duo,</strong></span> <span class='ocrx_word' id='word_1_370' title='bbox 972 4037 1023 4092; x_wconf 84' lang='lat' dir='ltr'><strong>sut</strong></span> <span class='ocrx_word' id='word_1_371' title='bbox 1037 4033 1146 4112; x_wconf 81' lang='lat' dir='ltr'><strong>plures,</strong></span> <span class='ocrx_word' id='word_1_372' title='bbox 1156 4047 1193 4097; x_wconf 89' lang='lat' dir='ltr'><strong>ut</strong></span> <span class='ocrx_word' id='word_1_373' title='bbox 1203 4039 1244 4098; x_wconf 76' lang='lat' dir='ltr'><strong>ab</strong></span> <span class='ocrx_word' id='word_1_374' title='bbox 1252 4039 1333 4098; x_wconf 82' lang='lat' dir='ltr'><strong>istis.</strong></span> 
     </span>
     <span class='ocr_line' id='line_1_42' title="bbox 215 4121 1327 4210; baseline 0.009 -29"><span class='ocrx_word' id='word_1_375' title='bbox 215 4121 357 4194; x_wconf 78' lang='lat' dir='ltr'><strong>ace&#39;usati,</strong></span> <span class='ocrx_word' id='word_1_376' title='bbox 370 4132 402 4181; x_wconf 92' lang='lat' dir='ltr'><strong>et</strong></span> <span class='ocrx_word' id='word_1_377' title='bbox 419 4122 523 4182; x_wconf 80' lang='lat' dir='ltr'><strong>viritim</strong></span> <span class='ocrx_word' id='word_1_378' title='bbox 546 4121 667 4180; x_wconf 85' lang='lat' dir='ltr'><strong>adducti</strong></span> <span class='ocrx_word' id='word_1_379' title='bbox 691 4121 721 4180; x_wconf 89' lang='lat' dir='ltr'><strong>in</strong></span> <span class='ocrx_word' id='word_1_380' title='bbox 739 4121 1011 4202; x_wconf 61' lang='lat' dir='ltr'><strong>judiciem&#39;pcenas</strong></span> <span class='ocrx_word' id='word_1_381' title='bbox 1027 4125 1189 4189; x_wconf 84' lang='lat' dir='ltr'><strong>dedissent.</strong></span> <span class='ocrx_word' id='word_1_382' title='bbox 1233 4133 1327 4210; x_wconf 73' lang='lat' dir='ltr'><strong>Equi-</strong></span> 
     </span>
     <span class='ocr_line' id='line_1_43' title="bbox 216 4211 1326 4305; baseline 0.005 -31"><span class='ocrx_word' id='word_1_383' title='bbox 216 4215 285 4274; x_wconf 89' lang='lat' dir='ltr'><strong>dem</strong></span> <span class='ocrx_word' id='word_1_384' title='bbox 307 4211 363 4272; x_wconf 84' lang='lat' dir='ltr'><strong>ieta</strong></span> <span class='ocrx_word' id='word_1_385' title='bbox 382 4233 437 4273; x_wconf 88' lang='lat' dir='ltr'><strong>nee</strong></span> <span class='ocrx_word' id='word_1_386' title='bbox 458 4213 558 4284; x_wconf 86' lang='lat' dir='ltr'><strong>lando,</strong></span> <span class='ocrx_word' id='word_1_387' title='bbox 573 4233 631 4274; x_wconf 80' lang='lat' dir='ltr'><strong>neo</strong></span> <span class='ocrx_word' id='word_1_388' title='bbox 642 4214 733 4294; x_wconf 78' lang='lat' dir='ltr'><strong>digne</strong></span> <span class='ocrx_word' id='word_1_389' title='bbox 742 4216 829 4302; x_wconf 71' lang='lat' dir='ltr'><strong>nobis</strong></span> <span class='ocrx_word' id='word_1_390' title='bbox 843 4236 910 4276; x_wconf 82' lang='lat' dir='ltr'><strong>esse</strong></span> <span class='ocrx_word' id='word_1_391' title='bbox 924 4238 1044 4279; x_wconf 88' lang='lat' dir='ltr'><strong>censeo</strong></span> <span class='ocrx_word' id='word_1_392' title='bbox 1086 4222 1203 4298; x_wconf 80' lang='lat' dir='ltr'><strong>[Cujus</strong></span> <span class='ocrx_word' id='word_1_393' title='bbox 1199 4244 1270 4305; x_wconf 84' lang='lat' dir='ltr'><strong>ego</strong></span> <span class='ocrx_word' id='word_1_394' title='bbox 1283 4223 1326 4284; x_wconf 84' lang='lat' dir='ltr'><strong>rei</strong></span> 
     </span>
     <span class='ocr_line' id='line_1_44' title="bbox 216 4305 591 4384; baseline -0.003 -18"><span class='ocrx_word' id='word_1_395' title='bbox 216 4307 304 4380; x_wconf 81' lang='lat' dir='ltr'><strong>etiarn</strong></span> <span class='ocrx_word' id='word_1_396' title='bbox 313 4306 454 4364; x_wconf 83' lang='lat' dir='ltr'><strong>rationem</strong></span> <span class='ocrx_word' id='word_1_397' title='bbox 468 4307 574 4366; x_wconf 74' lang='lat' dir='ltr'><strong>liabeo</strong></span> <span class='ocrx_word' id='word_1_398' title='bbox 577 4305 591 4384; x_wconf 88' lang='lat'>]</span> 
     </span>
    </p>
   </div>
   <div class='ocr_carea' id='block_1_5' title="bbox 259 4396 1328 4488">
    <p class='ocr_par' dir='ltr' id='par_1_6' title="bbox 259 4396 1328 4488">
     <span class='ocr_line' id='line_1_45' title="bbox 259 4396 1328 4488; baseline 0.013 -33"><span class='ocrx_word' id='word_1_399' title='bbox 259 4401 308 4456; x_wconf 80' lang='lat'><strong>³0.</strong></span> <span class='ocrx_word' id='word_1_400' title='bbox 329 4397 398 4456; x_wconf 77' lang='lat' dir='ltr'><strong>iem</strong></span> <span class='ocrx_word' id='word_1_401' title='bbox 412 4396 613 4460; x_wconf 74' lang='lat' dir='ltr'><strong>necilleratio</strong></span> <span class='ocrx_word' id='word_1_402' title='bbox 626 4402 837 4480; x_wconf 71' lang='lat' dir='ltr'><strong>pretereunda</strong></span> <span class='ocrx_word' id='word_1_403' title='bbox 850 4407 905 4476; x_wconf 86' lang='lat' dir='ltr'><strong>est,</strong></span> <span class='ocrx_word' id='word_1_404' title='bbox 920 4405 959 4464; x_wconf 93' lang='lat' dir='ltr'><strong>de</strong></span> <span class='ocrx_word' id='word_1_405' title='bbox 974 4404 1115 4486; x_wconf 78' lang='lat' dir='ltr'><strong>dignitate</strong></span> <span class='ocrx_word' id='word_1_406' title='bbox 1130 4428 1245 4481; x_wconf 82' lang='lat' dir='ltr'><strong>eornm,</strong></span> <span class='ocrx_word' id='word_1_407' title='bbox 1254 4411 1328 4488; x_wconf 87' lang='lat' dir='ltr'><strong>qui·</strong></span> 
     </span>
    </p>
   </div>
   <div class='ocr_carea' id='block_1_6' title="bbox 0 0 1482 4954">
    <p class='ocr_par' dir='ltr' id='par_1_7' title="bbox 0 0 1482 4954">
     <span class='ocr_line' id='line_1_46' title="bbox 0 0 1482 4954; baseline 0 0"><span class='ocrx_word' id='word_1_408' title='bbox 0 0 1482 4954; x_wconf 95' lang='lat' dir='ltr'><strong> </strong></span> 
     </span>
    </p>
   </div>
  </div>
 </body>
</html>
