2920 4950
304 536 358 588 ²
458 581 896 669 DEMOSTHENIS
1099 677 1102 684 Α

288 747 536 890 ¹'errario
563 785 632 860 ee
657 783 1006 860 cressoneso.
1114 753 1116 762 ⁴

162 983 190 1040 l.
211 982 349 1048 AEcuuse
357 985 659 1056 essetAthenienses,
667 993 797 1046 oratores
808 991 920 1046 vestros
928 1001 1141 1062 omnes,neque
1155 981 1225 1044 odio

119 1073 276 1153 impulsos,
285 1095 381 1156 neque
391 1078 428 1141 ad
437 1078 733 1156 gretismcejuequcm
743 1079 863 1138 verbum
873 1077 967 1136 ullum
975 1076 1066 1156 loqui,
1080 1075 1131 1140 sed
1144 1076 1225 1154 quod

118 1167 244 1248 quisque
260 1170 403 1250 optimum
420 1170 553 1241 duceret,
572 1170 602 1230 id
616 1171 755 1249 prolerre,
768 1169 851 1230 vobis
867 1169 1027 1248 praesertim
1048 1169 1086 1228 de
1099 1168 1226 1248 publicis
1250 1211 1253 1230 ι

118 1261 431 1342 magnisque'negotiie
445 1261 693 1324 deliberantibuss
714 1263 772 1354 sed
781 1263 850 1342 quia
863 1262 1007 1337 nonnulli,
1021 1263 1093 1324 alias
1102 1261 1224 1334 aenaule·

117 1353 207 1427 tione,
221 1354 299 1414 alias
320 1375 496 1435 quacunque
509 1355 548 1417 de
570 1375 661 1416 causa
678 1357 717 1416 ad
739 1355 898 1416 dicendum
911 1355 1108 1436 impelluntur,
1122 1356 1224 1428 vestri,

117 1445 329 1520 Athenienses,
343 1447 432 1512 officii
446 1457 502 1523 est,
520 1458 553 1508 ut
573 1448 636 1508 aliis
650 1450 736 1508 rebus
750 1448 886 1509 omnibus
899 1449 1027 1519 omissis,
1044 1469 1111 1527 quse
1124 1449 1226 1510 futura

115 1540 328 1618 esseputatise
338 1540 493 1619 republica,
507 1540 756 1602 eaetdecernetis
771 1541 1020 1620 etexsequemini.
1043 1541 1123 1602 Cura
1135 1541 1224 1620 igitur

110 1649 235 1705 presens
249 1649 299 1692 res
314 1631 344 1692 in
358 1632 541 1694 Chersoneso
552 1642 651 1712 gestes
664 1641 779 1713 spectat
792 1643 822 1693 ct
834 1632 1050 1713 expeditionem
1062 1633 1153 1709 illem,
1164 1652 1224 1711 qua

114 1722 273 1804 Philippus
288 1734 428 1806 suscepta
439 1725 628 1786 undecimum
643 1726 706 1808 jam
727 1727 758 1784 in
778 1725 904 1786 Thracia
922 1745 1051 1786 mensem
1070 1737 1221 1790 versatur:

115 1817 266 1878 orationes
285 1828 384 1878 autem
397 1816 544 1898 pleraeque
559 1818 698 1880 derebus
712 1819 867 1893 habentur,
883 1837 957 1898 quas
971 1818 1127 1898 Diopithes
1144 1822 1223 1898 gerit
1330 1841 1343 1850 ’

114 1919 145 1969 et
157 1909 295 1970 facturus
310 1920 365 1970 est.
388 1909 451 1989 Ego
463 1930 534 1972 vero
547 1911 585 1973 de
599 1911 634 1972 iis
644 1912 812 1985 criminibus,
825 1931 948 1991 quorum
963 1910 1058 1990 quiris
1071 1913 1222 1976 insimulat

113 2003 243 2082 aliquem
268 2021 380 2076 eorum,
394 2023 469 2082 quos
481 2024 574 2084 penes
588 2025 642 2066 vos
656 2016 703 2066 est
715 2026 751 2066 ex
765 2005 892 2085 legibus,
912 2006 1149 2087 quandocunque
1167 2028 1220 2069 vo·

112 2094 189 2169 letis,
203 2096 321 2175 punire,
335 2095 461 2176 sivejam
475 2096 556 2163 robis
568 2095 662 2158 risum
674 2097 722 2170 sit,
735 2097 796 2158 sive
805 2097 953 2178 paulisper
963 2090 1171 2171 inhibentibus,
1180 2098 1220 2160 de

112 2186 206 2260 bisce,
220 2187 342 2264 inquom,
361 2197 397 2246 ut
408 2187 578 2249 deliberatio
591 2189 652 2262 fist,
666 2189 754 2250 licere
768 2189 903 2260 arbitrorr
925 2208 1021 2268 neque
1035 2209 1101 2250 esse
1114 2209 1217 2251 neces-

113 2280 233 2354 sarium,
248 2291 283 2342 ut
295 2280 343 2340 vel
357 2301 413 2361 ego
425 2281 474 2342 rel
487 2280 642 2362 quisquam
655 2280 730 2342 elius
744 2300 781 2341 ea
793 2280 829 2341 de
842 2301 873 2342 re
886 2281 1104 2342 contentionem
1122 2283 1218 2345 susci-

112 2374 194 2455 piat:
215 2395 285 2455 qnae
303 2393 372 2435 vero
393 2374 560 2454 Philippus,
579 2365 686 2435 nostroe'
706 2373 831 2434 civitatis
855 2373 948 2434 hostis
969 2392 1152 2454 magnasque
1165 2395 1220 2436 co·

92 2469 175 2546 ,pias
196 2469 285 2530 circa
296 2466 519 2546 Hellespontum
533 2467 654 2539 hebens,
676 2467 751 2554 nobie
769 2466 923 2546 preripere
943 2475 1077 2541 conatur,
1091 2486 1216 2547 quaeque

110 2581 163 2622 nos
188 2559 349 2642 occasione
363 2559 455 2622 semel
468 2559 605 2640 neglecta
618 2559 771 2632 restituere
789 2557 818 2618 in
835 2559 981 2640 integrum
996 2580 1147 2641 nunquam
1159 2582 1215 2643 pq·

110 2654 243 2727 oefimus,
256 2652 296 2722 de
309 2651 355 2712 his
368 2652 495 2733 expedit,
509 2653 621 2732 opinor,
630 2671 720 2730 quam
732 2654 857 2733 primum
870 2664 903 2715 et
920 2655 1038 2718 decerni
1051 2667 1082 2718 et
1094 2667 1214 2737 paratos

110 2766 185 2822 esse,
199 2765 300 2824 neque
310 2764 352 2806 es
362 2754 481 2826 propter
493 2746 606 2819 turbas,
629 2745 694 2810 aliis
708 2745 745 2808 de
759 2748 847 2809 rebus
857 2748 1011 2822 aeduam,
1031 2757 1064 2811 et
1079 2750 1213 2832 crimina·

109 2839 206 2902 dones
217 2839 363 2900 deserere.
1052 2863 1056 2872 ·

132 2937 181 2996 ,2,
202 2936 383 3012 Quanquam
397 2943 495 2996 eutem
508 2930 602 2995 multa
621 2955 692 3015 quse
701 2938 781 3017 apud
794 2957 847 2999 ros
861 2937 920 3000 dici
931 2937 1029 3000 solent
1042 2940 1139 3015 rnirer,
1157 2939 1214 3002 du·

108 3027 179 3102 dum
193 3039 297 3088 temen
309 3026 357 3088 vel
370 3028 398 3087 in
412 3028 513 3108 primis
525 3027 598 3089 illud
612 3029 785 3104 demirabar,
800 3031 1009 3104 Athenienses,
1028 3033 1109 3111 qnod
1122 3034 1152 3092 in
1166 3053 1212 3096 se·

106 3133 178 3183 natu
192 3120 361 3201 quempiam
375 3119 521 3182 dicentem
530 3121 696 3196 audiebam,
707 3123 814 3184 decere
826 3125 946 3186 omnino
959 3109 1165 3202 consiliarium,
1178 3137 1214 3188 ut

109 3215 153 3275 vel
167 3213 260 3294 plene
274 3213 384 3277 bellum
398 3215 559 3293 gerere-rel
577 3235 693 3284 semare
706 3235 811 3296 pacem
828 3217 961 3278 suadeat.
1003 3219 1052 3280 Sic
1064 3228 1162 3280 eutem
1179 3241 1213 3282 se

108 3327 154 3368 rae
171 3306 344 3377 babet,-si
363 3305 516 3387 Philippus
544 3309 681 3386 quiescit,
701 3325 798 3387 neque
819 3320 905 3388 rupto
926 3309 1034 3370 loedere
1054 3311 1211 3392 quicquam

106 3400 189 3463 vobis
208 3408 343 3479 ereptum
361 3410 453 3472 tenet,
470 3419 567 3479 neque
588 3420 691 3462 omnes
709 3401 817 3480 pariter
836 3401 968 3464 homines
988 3404 1019 3463 in
1040 3423 1104 3482 nos
1118 3418 1212 3468 armet
1265 3412 1267 3420 ’

108 3495 309 3571 concitatque,
320 3492 391 3554 nihil
402 3504 449 3556 est
458 3493 626 3567 dicendum,
641 3495 694 3556 sed
707 3494 796 3574 plane
809 3515 867 3575 pax
880 3498 1017 3576 agenda:
1035 3511 1066 3560 et
1078 3502 1158 3578 quod
1172 3501 1211 3561 sd

73 3615 75 3622 ·
107 3607 160 3649 vos
173 3585 296 3666 quidem
309 3586 424 3658 attinet,
439 3598 544 3668 parata
556 3607 621 3647 esse
637 3587 843 3648 omnia'video.
869 3590 910 3648 At
923 3591 958 3663 si,
972 3612 1038 3672 quae
1047 3592 1209 3671 juravimus
1231 3594 1234 3598 ’

107 3691 139 3741 et
152 3679 261 3759 quibus
273 3679 586 3759 'conditioniburpscem
609 3679 741 3752 lecimus,
763 3700 800 3741 ea
812 3681 843 3740 in
857 3694 1019 3764 conspectu
1033 3693 1103 3746 sunt
1119 3695 1151 3744 et
1163 3705 1209 3747 re-

105 3773 168 3834 lata
180 3773 211 3832 in
229 3770 357 3844 tabulas,
371 3769 540 3851 Philippum
553 3790 623 3832 vero
642 3782 769 3846 condat,
790 3785 945 3854 antequam
967 3775 1122 3856 Diopithes
1139 3793 1208 3838 cum

107 3864 233 3938 colonis,
246 3863 276 3922 in
289 3881 366 3940 quos
372 3863 511 3924 concitati
524 3864 594 3926 belli
608 3865 718 3938 crimen
730 3885 811 3926 nunc
821 3867 980 3942 confertur,
990 3867 1058 3928 hino
1072 3867 1209 3945 solveret,
1303 3864 1306 3869 ’

106 3957 201 4019 multu
209 3954 297 4019 vobis
316 3975 369 4035 per
388 3955 525 4036 injuriam
542 3956 694 4036 eripuisse,
714 3956 822 4038 quibus
843 3959 881 4019 de
901 3960 988 4020 rebus
1009 3959 1208 4024 decreuisse

104 4059 304 4126 ramaeque
315 4057 380 4108 rata
388 4057 516 4120 exstant,
524 4048 683 4127 quasillum
697 4059 847 4126 accusent,
857 4061 888 4110 et
900 4049 981 4125 omni
992 4060 1208 4131 ternporecon·

104 4143 233 4202 tinenter
244 4150 308 4200 tura
320 4149 493 4202 caeterorum
508 4137 678 4208 (iratorum
692 4153 755 4202 turn
767 4144 958 4204 barbarorum
972 4163 1019 4204 res
1042 4163 1206 4227 occupasse

105 4245 137 4295 et
148 4244 251 4296 eontra
264 4251 319 4294 nos
332 4231 515 4307 instruxisse,
529 4235 600 4314 quid
614 4245 662 4298 est
674 4255 725 4295 cur
738 4236 788 4295 isti
809 4233 952 4310 dictitent,
966 4236 1013 4296 vel
1027 4237 1140 4300 bellurn
1152 4261 1206 4320 ge·

105 4327 230 4397 rendruu
241 4345 319 4403 esse,
333 4325 381 4389 vel
393 4346 497 4406 pacem
510 4326 716 4420 retinendam?
738 4326 803 4388 Nee
816 4327 894 4388 enim
912 4339 1010 4390 utrum
1025 4331 1131 4406 velitis,
1145 4350 1204 4412 ¹ops

666 4437 685 4478 r.
