2912 4946
136 299 144 330 ,
407 209 453 312 ιιι
475 247 709 314 onerosam
731 249 849 318 unns
870 250 913 310 ιι
935 252 964 311 ι..
1175 255 1238 316 sos

130 405 342 472 calliditatibus
355 425 387 468 se
405 409 538 470 homines
556 408 703 490 simplices
723 408 866 489 perhiberi
888 408 1051 489 postulant,
1064 423 1158 487 eaque
1171 409 1236 488 opi·¹
1265 463 1268 468 .

128 503 219 568 niune
233 501 386 568 facileuos¹
400 521 419 562 a
432 521 465 580 se
476 501 812 582 possedecipisperant,
827 521 893 562 eum
907 494 968 562 n'ee-
976 499 1104 568 minimis
1117 501 1147 560 iu
1160 518 1233 562 con-

125 595 270 656 tractibus
284 615 359 656 esse.
370 595 567 676 negligentes,
582 594 636 656 sed
647 601 758 674 quanta
778 595 994 665 maximafieri,
1006 603 1105 675 potest
1120 594 1171 676 ⁴uti
1189 593 1238 654 di·-

128 686 252 766 ligentia
266 688 393 749 soleant.
436 685 519 770 Cape
534 687 712 760 testimonia,
732 707 831 750 coram
851 686 957 767 quibus
976 673 1237 767 responderintet

128 780 292 841 recitabis.

548 935 820 1012 TESTIMONIA.
904 967 914 1000 .·

135 1103 139 1110 ·
170 1081 200 1138 7.
222 1077 312 1159 Agite
322 1099 401 1151 vero,
416 1078 548 1152 Judices,
561 1080 715 1142 mulierem
723 1080 807 1142 vobis
817 1080 905 1140 etiam
918 1079 1085 1152 ostendam,
1099 1077 1238 1140 simulare*

129 1170 298 1244 diuortium,
313 1189 499 1233 eum-revera
516 1172 555 1232 sit
574 1171 691 1252 Aphobi
709 1171 940 1234 materfamilias.
982 1171 1125 1262 Existimo
1145 1170 1236 1242 enim,

129 1263 251 1322 ribihoc
259 1273 345 1323 certo
358 1264 564 1352 cognoveritis,
575 1283 628 1323 vos
648 1263 711 1324 istis
725 1274 756 1323 et
776 1264 807 1322 in
821 1265 935 1325 caeteris
949 1264 1045 1322 minus
1059 1262 1236 1334 credituros,

16 1367 20 1378 ’
130 1355 252 1414 etmihi
273 1346 409 1415 affecto
401 1357 505 1434 mJ'uria
528 1357 595 1414 ad
584 1375 634 1434 Jus
654 1375 753 1414 meum
769 1355 962 1416 obtinendum
987 1357 1049 1416 fore
1073 1355 1233 1435 adjutores.

131 1445 243 1506 Partim
265 1456 362 1507 autem
383 1456 475 1507 testes
497 1445 654 1520 adducam,
667 1445 776 1532 partim
794 1465 903 1566 magna
917 1449 1003 1527 signa
1015 1457 1047 1508 et
1058 1457 1235 1526 argumenta

131 1539 298 1600 satistirma
311 1540 496 1600 ostendam·
544 1577 547 1581 -

128 1634 203 1691 8
225 1631 314 1713 Ego,
328 1631 462 1706 Judiees,
485 1642 642 1712 postquam
665 1633 693 1692 in
717 1633 815 1693 album
837 1633 969 1713 pretoria
993 1634 1117 1694 relatum
1138 1634 1236 1694 suerat

131 1725 283 1786 mulierem
297 1725 402 1786 fecisse
419 1725 574 1787 divortium
590 1734 620 1786 et
634 1726 746 1787 Onetor
757 1725 872 1789 dixerat
885 1726 939 1786 sibi
953 1726 1097 1807 praedium
1111 1725 1184 1786 illud
1195 1727 1234 1786 ob

132 1807 244 1878 dotem·
259 1817 486 1899 oppigneratam
512 1837 587 1893 esse,
611 1837 680 1879 eum
704 1819 836 1885 'viderem
861 1820 1020 1900 Aphobum
1046 1811 1234 1880 nihilominus

130 1909 232 1972 tenere
246 1921 278 1972 et
290 1911 391 1972 colere
401 1923 519 1991 ‘agrum
539 1921 570 1972 et
583 1912 826 1974 consuetudinem
848 1913 1023 1974 matrimonii
1043 1913 1152 1973 habere
1166 1929 1234 1973 cum

131 2001 263 2077 muliere,
277 2003 347 2064 satis
361 2003 500 2076 sciebam,
511 2004 600 2064 verba
612 2022 678 2065 esse
688 2003 786 2065 illaad
795 2025 856 2065 rern
870 2005 1047 2065 eludendam
1058 2005 1234 2084 excogitata.

134 2093 210 2182 Quae
229 2085 367 2156 utrobis
380 2095 516 2156 omnibus
539 2096 688 2159 evidenter·
709 2097 908 2170 ostenderem,
934 2099 1083 2178 professus
1105 2119 1168 2159 sum
1187 2117 1235 2159 me
1319 2156 1323 2165 ,
1366 2112 1371 2120 ’

133 2187 333 2248 convicturum
346 2199 606 2251 esse-eum'coram
619 2190 753 2264 testibus,
769 2190 793 2250 si
811 2211 847 2252 ea
867 2192 909 2252 ita
929 2212 960 2252 se
980 2192 1089 2252 habere
1102 2203 1235 2271 negaret,

125 2289 166 2340 vet
175 2283 291 2342 se'rrum
305 2283 346 2344 ad
355 2282 533 2362 questiones
543 2282 637 2344 obtuli
648 2284 700 2364 'qui
709 2282 799 2364 plane
813 2284 925 2346 sciebat
936 2286 1048 2360 omnia,
1057 2303 1146 2364 quem
1153 2285 1235 2364 quod

131 2375 258 2455 pecunia
270 2375 310 2436 ad
323 2375 400 2437 diem
415 2375 512 2437 soluta
527 2397 586 2438 nou
600 2386 662 2437 erat
675 2397 712 2438 ex
727 2377 849 2456 Aphobi
861 2378 972 2438 familia
982 2397 1130 2458 ceperam.
1157 2377 1234 2446 Qum

131 2486 199 2528 cum
215 2487 273 2548 ego
285 2469 492 2550 postulassem,
506 2469 562 2530 iste
583 2468 759 2548 quaestiones
769 2469 807 2530 de
821 2469 926 2530 sororis
940 2489 1009 2532 eum
1022 2469 1149 2549 Aphobo
1162 2489 1234 2530 con-

132 2560 290 2620 suetudine
300 2560 498 2622 detrectabat:
518 2561 602 2622 illum
615 2581 685 2642 rero
697 2563 795 2644 colere
810 2581 924 2644 agruim
934 2563 1005 2642 quia
1018 2562 1234 2625 manifestares

132 2661 195 2713 erat
197 2671 326 2733 negare
335 2673 396 2714 non
406 2664 533 2734 poterat
549 2655 601 2715 sed
617 2655 775 2717 fatebatur.

171 2743 201 2804 9.
223 2745 330 2825 Neque
346 2766 416 2807 vero
432 2767 470 2809 ex
488 2747 536 2808 bis
552 2748 648 2810 solum
666 2749 789 2830 cognitu
803 2749 975 2812 facillimum
988 2759 1060 2824 erat,
1075 2770 1142 2812 eum
1160 2761 1191 2812 et
1204 2750 1234 2810 in

132 2836 315 2931 matrimonio
327 2836 439 2900 habere
460 2841 610 2901 mulierem
629 2852 660 2902 et
676 2842 822 2948 praedium
835 2843 1004 2924 possedisse
1019 2844 1116 2904 adbuc
1138 2843 1234 2922 prius-

132 2923 490 3009 quamjudiciumlactum
500 2941 589 3006 esset,
600 2935 653 2993 sed
662 2953 699 2994 ex
709 2935 743 2994 iis
754 2935 855 3010 etiam,
865 2934 1069 3012 quaejudicum
1083 2935 1237 2996 sententiis

132 3023 290 3085 damnatus
303 3023 397 3085 lecit.
423 3025 576 3104 Tanquam
590 3026 668 3089 enim
681 3049 741 3086 non
762 3027 801 3086 ob
821 3025 921 3087 dotem
936 3028 1169 3104 oppignerasset,
1182 3027 1235 3087 sed

131 3125 273 3197 tanquam
291 3135 329 3176 ex
344 3116 478 3196 judicato
499 3135 566 3175 mea
589 3116 689 3176 futura
708 3126 817 3189 essent,
840 3116 875 3176 iis
899 3115 994 3176 efferri
1011 3135 1079 3195 quae
1099 3114 1237 3198 poterant

131 3205 268 3290 abreptis,
290 3209 372 3282 abrit,
384 3218 418 3269 ιι
441 3197 587 3288 frugibus,
600 3218 635 3268 ut
655 3209 848 3270 instrumento
868 3209 948 3268 omni
970 3209 1092 3280 rustico,
1106 3212 1236 3290 exceptis

132 3302 266 3364 doliolis:
288 3299 369 3382 quod
381 3321 452 3362 vero
472 3301 580 3362 auferri
597 3321 657 3362 non
671 3301 778 3382 potuit,
793 3311 910 3372 terram,
924 3301 1091 3362 necessario
1106 3301 1236 3383 reliquit,

131 3405 165 3454 ut
187 3395 235 3468 isti
257 3395 424 3456 nunc‘de
416 3414 482 3474 ipso
508 3393 602 3454 fundo
623 3395 853 3456 controversiam
871 3393 971 3455 lacere
985 3393 1083 3455 liceat.
1126 3397 1171 3456 At
1183 3417 1242 3476 qur,

131 3489 270 3550 convenit
283 3487 371 3548 istum
390 3487 497 3564 dicere,
517 3487 661 3570 predium
680 3487 735 3548 sibi
757 3486 992 3568 oppigneratam,
1012 3505 1080 3548 cum
1102 3507 1169 3549 eurn
1184 3491 1235 3570 qui

131 3583 343 3664 oppignerasse
353 3557 459 3640 dicitur
470 3579 549 3641 idem
560 3579 657 3640 colere
665 3579 818 3640 rideamus
819 3587 927 3658 ,atque
939 3597 1068 3640 asserere
1078 3580 1235 3657 diromium

131 3693 259 3734 sororem
268 3673 386 3746 iecisse
396 3693 464 3734 cum
474 3691 511 3734 ea
520 3692 585 3752 ipsa
595 3673 634 3734 de
644 3691 675 3732 re
689 3671 869 3753 quaestroues
878 3671 977 3752 palam
987 3672 1136 3750 flagitarit.
1146 3683 1235 3752 atque

131 3787 199 3828 eum
214 3767 269 3847 qui
279 3785 412 3841 uxorem,
420 3775 454 3826 ut
462 3766 518 3830 rste
532 3766 646 3838 asserit,
661 3765 781 3840 dimisit,
795 3763 940 3844 etfruges
952 3774 983 3824 et
997 3765 1137 3826 rusticum
1148 3785 1232 3826 omne

130 3860 357 3922 instrumentum
381 3857 530 3934 extulisse,
548 3879 617 3920 cum
638 3860 692 3920 iste
714 3860 865 3942 ejusque
889 3855 1030 3918 amarito
1053 3856 1244 3945 discessisse,¹

130 3959 213 4030 cujus
234 3953 352 4014 nomine
365 3952 509 4033 predium
523 3952 748 4058 oppigneratum
765 3969 831 4011 esse
844 3947 958 4022 dicitur,
970 3957 1116 4030 patronus
1129 3959 1161 4010 et
1181 3950 1234 4014 de·

130 4048 241 4122 sensor,
259 4044 332 4107 nibil
350 4047 456 4106 horum
476 4044 606 4106 omnium
629 4045 730 4126 iniquo
743 4043 842 4105 animo
860 4041 960 4103 tulerit
978 4043 1033 4103 sed
1046 4043 1234 4122 acquieverit.

131 4137 240 4200 Nonne
254 4139 320 4201 baec
333 4137 553 4200 evidentissima
566 4137 657 4198 sunt?
678 4137 811 4198 nonhaee
820 4134 976 4197 manifesta
987 4131 1133 4203 collusio?
1158 4135 1234 4203 Quis

125 4243 233 4312 neget,
246 4233 302 4294 nisi
314 4234 366 4314 qui
379 4253 440 4294 non
454 4221 610 4313 diligenter
623 4232 722 4292 omnia
735 4229 884 4313 reputarit.
928 4230 970 4290 Ac
985 4241 1052 4291 eum
1066 4230 1234 4292 confessum

81 4403 83 4410 Α
130 4345 198 4387 esse
213 4327 347 4393 coluisse
352 4323 509 4438 Aphobum
520 4326 663 4410 praedium
675 4325 750 4386 illud
764 4324 934 4406 priusquam
948 4325 1036 4406 injus
1051 4345 1068 4385 a
1086 4343 1132 4383 me
1146 4335 1233 4386 roca

659 4423 713 4479 δι
1110 4442 1113 4446 ·
