2932 4952
222 208 281 299 sis
438 313 448 321 ,
503 231 673 298 coutras
697 231 1041 296 nnrsrooanrsn.

207 381 253 450 'et
271 388 378 468 alioqui
391 390 482 452 besni
495 391 661 459 studiosos3
686 389 716 450 et
724 401 837 450 natura
846 391 938 450 civ'em
952 387 1080 449 vestrum
1097 385 1319 450 Athenodorum

224 503 262 542 ne
275 481 305 539 in
319 483 445 541 animum
468 482 584 560 quidem
605 483 633 541 id
649 503 714 542 esse
728 483 923 552 inducturum,
944 501 1037 560 neque
1057 482 1087 565 id
1108 481 1217 540 crimen
1239 482 1319 540 subi-

171 638 173 642 ,
223 582 331 644 turum,
346 584 380 633 ut
393 575 653 633 senatusconsulto
668 575 836 633 adversatus
850 575 1004 646 videretur,
1016 573 1096 652 quod
1112 573 1174 632 sine
1189 573 1252 631 ulla
1264 572 1320 631 du.-

222 665 424 726 bitatione'eis
448 665 663 743 impingeretur,
676 665 773 742 siquid
788 665 965 724 Charidemo
987 665 1151 724 accidisset.
1184 666 1252 722 Hac
1272 683 1319 722 ra-

222 759 312 827 tione,
331 758 429 816 alteris
452 758 558 816 auxilio
580 756 739 828 destitutis,
761 758 824 819 istis
847 755 1113 854 tanta'impunitate
1138 757 1321 827 data,·facile

222 868 309 928 posse
320 848 385 906 illos
400 848 476 928 ejici,
489 867 519 906 se
533 848 682 924 imperium
698 850 838 932 obtinere.
868 849 906 907 Et
919 848 997 912 hane
1011 847 1124 907 illorum
1136 848 1228 905 fuisse
1239 867 1320 905 men·

223 950 292 1012 tem,
312 941 377 1000 haec
401 940 524 999 consilia
544 940 609 998 illos
630 939 831 1012 concinnasse,
853 940 919 1018 ipsit
937 940 1015 998 'facta
1038 939 1202 999 clamitant.
1243 939 1321 998 Nam

224 1033 308 1094 simul
325 1043 355 1092 et
367 1033 475 1093 bellum
498 1034 663 1100 movebant,
684 1042 714 1092 et
727 1031 765 1090 ad
779 1052 830 1091 vos
847 1035 883 1091 ab
905 1032 947 1092 eis
966 1028 1080 1109 legatus
1100 1031 1320 1090 veniebatnri-

224 1116 393 1184 stoma'chus
406 1123 612 1200 Alopecensis:
628 1124 755 1199 quicum
771 1123 830 1182 a'lia
843 1123 922 1202 apud
936 1143 988 1181 vos
1002 1114 1183 1182 inconcione
1195 1117 1321 1192 dicebat,

112 1274 115 1286 ,
220 1219 284 1278 tum
298 1215 501 1274 inhonorifica
510 1213 715 1295 praedicatione
730 1225 760 1273 et
773 1215 885 1293 prolixa
901 1214 1101 1291 cersobteptoe
1112 1225 1142 1273 et
1154 1213 1321 1273 Charidemi

223 1325 408 1385 eorumerga
420 1325 473 1365 vos
487 1305 720 1379 benevolentiam
734 1318 765 1365 et
779 1307 907 1380 studium
925 1303 1100 1364 celebrabat.
1136 1306 1238 1364 Solum
1260 1325 1321 1363 om-

222 1403 303 1462 niurn
316 1399 465 1459 hominum
481 1397 689 1464 Chariclemum
699 1399 781 1456 vobis
793 1397 989 1476 Amphipolim
1000 1395 1215 1476 donareposse,
1227 1387 1321 1476 utque

224 1514 292 1554 eum
313 1493 518 1568 imperatorem
538 1490 687 1559 crearetis,
709 1489 889 1548 hortabatur.
923 1489 1063 1546 Paratum
1082 1489 1180 1547 autem
1199 1488 1242 1546 eis
1258 1493 1321 1561 jam

224 1584 363 1660 antehoc
378 1579 673 1650 senatusconsultum,
688 1590 718 1639 et
727 1591 795 1641 ante
809 1579 980 1659 dispositum
996 1579 1082 1654 erate
1098 1589 1142 1651 ut,
1159 1579 1185 1639 si
1203 1579 1320 1659 aequie-

222 1663 343 1740 sceretis
358 1675 388 1734 in
401 1673 658 1753 pollicitationibus
673 1682 703 1731 et
718 1693 780 1751 spe,
797 1675 887 1752 quem
902 1675 1070 1732 ostentabat
1087 1672 1322 1745 Aristomachus,

224 1769 321 1831 statim
348 1765 474 1844 populus
502 1764 658 1822 decretum
680 1767 893 1843 comprobaret,
924 1774 955 1823 et
981 1765 1052 1824 nihil
1079 1764 1244 1842 impediret.
1282 1765 1321 1824 At

223 1877 381 1940 quamnam
392 1856 568 1916 callidiorem
581 1865 632 1914 aut
641 1857 809 1916 astutiorem
818 1858 958 1916 rationem
970 1857 1123 1935 quisquam
1135 1856 1206 1914 inire
1212 1867 1321 1934 posset,

223 1962 258 2014 ut
271 1969 364 2028 reges·
374 1947 465 2007 ceteri
478 1947 664 2026 pellerentur,
678 1969 753 2008 unus
767 1950 817 2026 qui
833 1949 874 2008 eis
888 1949 1052 2028 placuisset
1064 1951 1149 2007 omne
1163 1957 1322 2026 occuparet

212 2039 397 2122 imperium?
418 2040 479 2097 Aut
498 2048 531 2097 ut
551 2039 571 2096 ii
588 2038 637 2116 qui
658 2039 772 2112 duobus
792 2040 910 2118 reliquis
931 2040 1062 2118 opitulati
1077 2039 1192 2117 ‘alioqui
1211 2049 1321 2111 essent,

224 2144 306 2200 metu
326 2130 478 2191 calumnia
492 2130 685 2206 quiescerent,
706 2151 794 2209 quam
817 2142 1045 2191 consentaneum
1068 2141 1134 2190 erat
1152 2141 1323 2210 exspectare

222 2225 290 2290 illos
301 2224 331 2282 in
342 2243 373 2281 se
384 2221 609 2281 redundaturam
621 2222 711 2300 perid
723 2224 1020 2293 senatusconsultum,
1032 2223 1055 2280 si
1066 2223 1136 2299 quid
1146 2221 1323 2282 Charidemo

225 2314 402 2386 accidisset?
426 2313 523 2391 thue
537 2313 589 2382 illi,
601 2314 650 2391 qui
663 2312 713 2373 uni
729 2315 873 2374 duntaxat
882 2315 1033 2396 imperium
1045 2315 1160 2388 tradere
1174 2315 1324 2390 studebat,

128 2453 130 2458 -
153 2410 157 2416 ’
224 2410 275 2489 qui
285 2407 386 2468 omnia
395 2405 498 2465 vestris
512 2405 670 2476 redonibus
685 2407 830 2482 contraria
843 2406 1027 2474 moliebatur,
1049 2405 1162 2464 tantam
1176 2406 1323 2466 licentiam

225 2504 329 2562 darent
341 2492 460 2578 impune
474 2506 505 2556 et
515 2481 618 2574 secure
628 2498 678 2557 illa
692 2497 837 2558 faciendi?
860 2497 964 2580 Neque
979 2491 1046 2556 uero
1059 2497 1128 2556 hinc
1143 2498 1239 2556 solum
1254 2521 1323 2560 con-

227 2605 296 2667 stat,
309 2601 428 2673 propter
444 2591 508 2649 haec
528 2609 595 2667 quae
612 2590 678 2648 dico
703 2591 991 2650 senatusconsultum
1011 2589 1090 2648 istud
1102 2589 1179 2649 'esse
1200 2586 1320 2662 iachim,

227 2686 281 2751 sed
293 2704 327 2742 ex
341 2685 406 2762 ipso
416 2681 667 2740 senatusconsulto
677 2681 805 2758 amplum
814 2681 965 2758 quoddam
973 2681 1171 2740 testimouium
1183 2685 1320 2762 suppetit.
1336 2676 1338 2684 ¹

228 2778 305 2836 Cum
331 2775 408 2834 enim
433 2771 592 2852 scripserit,
611 2771 645 2829 si
672 2772 762 2849 quis
791 2773 1076 2831 Charidemum
1103 2774 1320 2847 occiderit,

226 2889 281 2928 nec
292 2865 438 2947 adjecerit,
450 2863 588 2941 quidnam
595 2867 746 2940 agentem,
758 2872 852 2922 utrum
867 2863 950 2924 vobis
966 2861 1058 2944 utilia,
1072 2883 1110 2922 an
1125 2875 1239 2936 contra,
1254 2869 1320 2936 sub·

222 2960 322 3041 junxit
345 2957 441 3016 stetim
464 2975 480 3014 e
502 2955 667 3014 ditione
692 2951 890 3014 sociorum
922 2974 1046 3033 posse
1078 2956 1117 3014 in
1154 2958 1319 3019 vincula

227 3049 368 3129 abripi.
398 3049 500 3124 Neque
511 3065 580 3105 vero
588 3045 719 3104 hostium
728 3055 893 3122 nostrorum
902 3065 987 3122 esque
996 3056 1083 3123 atque
1094 3047 1318 3128 illius,unqua1n

226 3143 305 3205 ullus
313 3141 349 3200 ad
360 3149 476 3199 nostros
486 3139 582 3197 veniet
594 3137 698 3208 socios,
711 3137 771 3196 sive
782 3137 931 3207 occiderit,
942 3137 1003 3196 sive
1015 3157 1073 3196 non
1084 3139 1234 3200 occiderit
1254 3142 1318 3202 Non

225 3223 316 3312 igitur
327 3233 356 3292 in
366 3232 467 3290 hostes
482 3251 546 3290 eam
560 3249 675 3308 poenam
689 3229 851 3288 constitnit.
872 3229 1090 3302 Atlnostrorum‘
1104 3233 1275 3305 amicorum,
1287 3235 1319 3292 il-

223 3326 290 3392 lius,
299 3324 322 3383 si
332 3322 400 3400 quid
409 3321 573 3400 reipublicae
581 3331 688 3381 nostrae
696 3321 1061 3400 perniciosumconaret'ur,
1070 3321 1317 3399 inimicorum,ho-

226 3435 300 3486 rum,
314 3416 443 3492 inquam,
453 3413 557 3490 aliquis
568 3413 852 3472 senatusconsultum
865 3413 945 3472 istnd
956 3413 1161 3492 pertimescet,
1169 3426 1201 3476 et
1210 3419 1319 3478 cavebit

223 3504 551 3566 -nevestrasinimicitias
561 3505 708 3582 suscipere
719 3514 850 3582 cogatur.
873 3506 931 3563 Est
941 3515 1039 3564 autem
1046 3505 1095 3564 hic
1104 3506 1317 3580 Athenodorus,

224 3601 324 3676 Simo,¹
334 3599 451 3666 Bianor,
466 3597 599 3656 Thraciae
619 3617 714 3676 reges,
731 3591 762 3656 et
787 3598 956 3675 quicunqne
981 3597 1116 3656 aliosde
1141 3601 1225 3660 vobis
1248 3605 1319 3662 bene

223 3689 357 3754 merendi
367 3688 526 3757 studiosus,
540 3689 622 3746 illum
635 3689 717 3748 vobis
727 3689 850 3748 adversa
859 3689 1027 3748 molientem
1042 3687 1284 3769 compescuisset.

107 3809 109 3814 ·
160 3846 162 3850 ,
222 3839 225 3849 ,
266 3785 295 3840 5.
315 3782 429 3847 Quibus
447 3779 534 3858 igitur
548 3779 585 3837 de
605 3780 701 3839 causis
716 3781 910 3860 perscriptum
925 3781 1319 3860 sitsenatusconsultum,ut

224 3874 283 3933 ida
295 3873 404 3953 populo
416 3873 653 3950 comprobaretur
666 3873 801 3951 decepto,
811 3885 841 3933 et
854 3884 1031 3952 quapropter
1045 3865 1099 3934 ntis
1113 3895 1235 3937 causam
1248 3881 1317 3940 hanc

225 3966 440 4044 susceperimus
454 3964 492 4022 ad
505 3959 627 4023 conatus
637 3963 753 4022 illorum
766 3965 976 4044 prohibendos,
990 3967 1055 4027 ha'ao
1067 3973 1150 4039 sunt,
1162 3970 1317 4032 Athenien·

224 4074 285 4124 ¹ses.
316 4057 441 4132 AEquum
456 4066 553 4113 autem
573 4055 701 4124 fortasse¹
719 4065 774 4129 est,
796 4076 842 4114 me
863 4057 1025 4134 pollicitum
1047 4059 1104 4118 tria
1122 4065 1315 4130 ostensurum,

226 4165 327 4215 unum,
341 4147 626 4214 senatusconsultum
647 4147 703 4206 hoc
720 4158 823 4207 contra
842 4149 929 4227 leges
948 4159 1014 4210 csse·
1035 4150 1167 4210 factum:
1190 4153 1316 4222 alterum,

224 4235 257 4296 id
276 4254 335 4293 non
356 4255 419 4296 esse
439 4256 455 4294 e
475 4239 638 4316 republica:
660 4241 786 4312 tertium,
800 4240 951 4320 indignum
965 4261 1033 4300 eum
1045 4262 1124 4316 essa,
1138 4244 1187 4303 cui
1204 4266 1239 4304 ea
1257 4267 1317 4325 quc

226 4326 388 4407 perscripta
407 4339 476 4388 sunt
499 4329 678 4422 tribuantur:
699 4332 803 4392 horum
828 4333 957 4396 omnium
981 4336 1131 4415 optionem
1153 4337 1225 4398 dare
1242 4340 1319 4406 vobis
