2912 4946
551 691 987 783 DEMOSTHENIS

413 929 659 1007 CONTRA
701 931 1109 1024 TIMOCRATEM

670 1143 868 1213 ORATIO.

267 1325 294 1384 l.
315 1323 458 1385 Causam
481 1323 569 1405 hujus
579 1323 693 1406 judicii,
708 1325 915 1400 Athenienses,
932 1345 988 1388 nec
1007 1326 1104 1407 ipsum
1119 1325 1317 1390 Timomatem

160 1409 170 1424 '
223 1415 346 1476 arbitror
358 1417 388 1474 in
405 1435 572 1496 quenquam
585 1417 673 1476 alium
683 1419 853 1489 transferre,
870 1438 958 1498 qnam
971 1419 1002 1477 in
1016 1419 1214 1498 semetipsum.
1234 1420 1318 1480 Dum

221 1508 299 1568 enim
313 1509 520 1588 rempublicam
536 1508 670 1569 fraudare
688 1509 814 1588 pecunia
833 1529 892 1570 non
906 1529 996 1590 parva
1009 1511 1239 1583 studetcontre
1254 1531 1317 1572 om·

223 1619 277 1660 nes
290 1600 372 1678 leges
385 1601 499 1680 rogavit
514 1599 621 1680 legem,
636 1620 689 1662 nec
708 1601 855 1675 idoneam,
873 1623 928 1662 nec
944 1603 1065 1683 justam,
1084 1602 1212 1680 judices.
1243 1605 1319 1672 Quae

222 1680 365 1770 quantum
382 1693 445 1755 aliis
458 1693 719 1765 incommodatura,
733 1703 762 1753 et
774 1695 941 1774 reipublicae
955 1703 1065 1760 statum,
1074 1694 1258 1758 labefactum
1271 1697 1324 1776 sit„

223 1786 248 1845 si
262 1785 433 1864 perferatur,
447 1787 589 1859 fortassis,
608 1787 659 1846 ubl
676 1805 714 1846 ex
729 1805 777 1846 me
793 1787 913 1866 singula
934 1786 1091 1861 audieritis,
1112 1789 1319 1866 cognoscetis:

221 1895 405 1960 unum-vero,
421 1879 501 1957 quod
514 1878 610 1938 habeo
625 1878 793 1937 maximum*
802 1889 833 1938 et
846 1879 1105 1958 expeditissimum,
1119 1877 1218 1938 dicere
1238 1880 1319 1958 apud

195 2043 198 2048 Ι
221 1973 275 2028 vde
297 1987 356 2028 non
378 1969 536 2040 dubitab03
558 1977 685 2034 vestram
706 1970 892 2044 sententiam,
908 1981 994 2050 quam
1011 1969 1104 2049 jurati
1125 1970 1163 2029 de
1181 1971 1318 2032 omnibus

221 2061 314 2136 fartis,
332 2061 408 2134 tolli,
421 2063 558 2142 omnique
579 2060 750 2126 anctoritate
764 2061 892 2140 spoliari,
909 2062 974 2140 lege
995 2062 1088 2135 ἱειίιιε,
1110 2059 1172 2120 n'on
1191 2071 1226 2122 ut
1239 2081 1321 2130 com·

221 2154 358 2214 munitati
380 2154 489 2214 civium
509 2153 666 2233 quicquam
691 2153 975 2223 commodet-uum
999 2152 1030 2217 id
1053 2153 1103 2231 qui
1122 2153 1185 2214 fieti
1208 2154 1321 2230 quaatl

221 2265 289 2306 cum
312 2244 441 2324 judiciis,
459 2264 532 2324 qum
554 2243 763 2323 rempublicam
789 2243 952 2317 continent,
980 2243 1075 2304 litium
1099 2244 1320 2328 aestimationes,

222 2357 290 2418 quae
303 2347 422 2415 quantoe
437 2335 559 2416 singulis
578 2336 687 2419 injuriis
700 2337 872 2408 debeantur,
885 2335 1000 2414 legibus
1014 2334 1167 2394 definitum
1188 2345 1246 2406 est,
1266 2338 1320 2398 erra

222 2431 332 2510 piat-,
345 2428 400 2490 sed
413 2437 446 2488 ut
459 2427 602 2500 nonnulli,
616 2428 665 2508 qui
674 2432 735 2501 jam
750 2425 840 2504 longo
853 2435 983 2504 tempore
996 2427 1101 2486 vestris
1118 2419 1224 2506 opibus
1238 2429 1321 2490 abusl

222 2529 301 2592 sunt,
311 2529 345 2592 at
357 2519 452 2580 multa
463 2527 560 2578 vestra
576 2517 767 2598 diripuerunt,
781 2537 836 2578 nec
849 2537 901 2598 per
914 2516 1101 2576 manifestum
1116 2517 1220 2582 ablata
1232 2540 1322 2600 pecu-¹

221 2612 317 2671 latum
326 2611 490 2678 restituant.
524 2609 620 2672 Tanto
640 2619 738 2676 autem
753 2608 936 2672 commodus
958 2617 1005 2669 est
1018 2607 1154 2686 privatim
1175 2613 1321 2687 quosdam

223 2700 329 2772 colere,
345 2719 432 2780 quam
445 2709 575 2761 uestrum
589 2701 639 2779 jus
661 2699 747 2770 tueri,
762 2709 796 2757 ιιι
808 2699 864 2772 iste
878 2699 915 2758 ab
935 2697 990 2758 illis
1005 2715 1142 2758 nummos
1163 2704 1324 2783 acceperit,

223 2805 254 2855 et
268 2806 327 2872 non
341 2794 420 2874 prius
437 2793 513 2856 hanc
531 2811 584 2872 pro
598 2792 640 2852 eis
652 2791 748 2870 legem
762 2790 877 2850 tulerit.
898 2809 954 2868 ego
969 2798 1067 2849 vestm
1079 2808 1173 2850 causa
1185 2793 1227 2852 de
1245 2795 1322 2854 mille

222 2885 389 2976 drachmis
382 2905 411 2944 ιιι
433 2881 593 2966 periculum
605 2883 731 2944 veniam.
762 2861 890 2972 Tantum
910 2882 1005 2952 abest,
1026 2890 1059 2942 ιιι
1077 2899 1096 2942 ιι
1113 2883 1200 2944 vobis
1215 2885 1323 2966 aliquid

223 2970 377 3058 accipiam
793 2995 825 3010 ’·

229 3073 294 3129 2.
315 3073 489 3148 Quanquam
505 3045 603 3138 antem
615 3068 677 3128 fere
689 3085 789 3128 omnes
802 3084 852 3145 qur
844 3065 1016 3147 publicum
1031 3065 1150 3145 aliqtrod
1170 3071 1323 3149 negotium

223 3162 426 3224 administrare
452 3161 619 3233 instituunt,
647 3160 746 3238 dicere
769 3159 877 3236 solent,
906 3177 1022 3218 summo
1044 3167 1143 3220 uestro
1171 3161 1273 3222 studio
1292 3170 1326 3220 et

141 3259 146 3268 '
218 3233 473 3314 *animadversione
493 3252 584 3331 digna
601 3271 664 3313 esse
684 3271 730 3326 ea,
747 3251 786 3311 de
805 3250 938 3329 quibus
930 3250 986 3328 ipsi
1008 3250 1098 3311 verba
1117 3250 1250 3314 saciant:
1270 3273 1325 3333 ego

223 3353 336 3414 tamen,-
349 3345 374 3404 si
386 3343 451 3422 quis
466 3343 539 3403 alius
553 3354 681 3425 unquam
693 3341 750 3402 hoc
765 3341 885 3405 excudio
899 3339 1108 3400 convenienter
1125 3361 1200 3402 ιιειιε
1224 3355 1280 3419 εει,
1294 3344 1325 3404 id

222 3435 313 3496 stiam
326 3435 396 3496 mihi
410 3454 487 3494 nunc
501 3425 736 3498 dictudscorum
749 3451 813 3494 esse
833 3441 914 3512 puto.
937 3431 1088 3510 Siquidem
1102 3431 1141 3491 ad
1155 3433 1326 3506 felicitatem

223 3523 398 3605 reipublicae,
413 3534 444 3584 et
456 3525 556 3604 populi
575 3524 734 3584 libertatem
751 3524 783 3582 in
801 3521 863 3582 ulla
883 3540 916 3584 ra
934 3520 992 3586 alia
1005 3521 1072 3600 plut
1086 3541 1153 3584 asae
1171 3522 1279 3596 virium
1297 3537 1328 3590 et

223 3615 375 3687 momenti,
400 3632 487 3693 quam
506 3613 536 3672 in
552 3613 651 3692 legum
672 3613 855 3684 auctoritate,
871 3611 902 3672 id
926 3631 982 3690 ego
1008 3613 1157 3672 neminem
1176 3614 1328 3676 dictinum

168 3777 175 3788 κ
224 3711 307 3784 puto.
327 3705 371 3765 Αι
384 3719 540 3765 veronunc
554 3703 591 3763 da
604 3704 781 3784 bacipsare
795 3703 1024 3783 deliberandum
1033 3711 1089 3775 εει,
1103 3713 1207 3766 ιιιιιιιιι
1220 3717 1330 3768 osterse

224 3795 305 3873 leges
317 3815 334 3856 a
346 3797 427 3864 vobis
445 3797 624 3874 approbato,
644 3795 778 3876 quibus
770 3795 884 3874 injuria
898 3795 1009 3856 civitati
1028 3793 1117 3856 factm
1137 3809 1329 3872 coercentur,

222 3887 401 3964 abrogandae
416 3887 481 3960 sint,
496 3883 526 3947 e't
538 3885 594 3946 ista
612 3886 796 3966 perferenda,
810 3905 847 3948 an
868 3896 972 3958 contra
990 3887 1088 3966 potius
1104 3874 1164 3950 ista
1182 3890 1331 3968 tollenda,

223 3983 330 4034 ceterae
343 3986 439 4036 autem
450 3975 648 4042 retinendae?

267 4067 296 4123 3.
320 4067 400 4128 Res
391 4069 481 4146 igitur
493 4087 557 4147 qua
552 4068 603 4129 de
617 4069 698 4130 vobis
711 4088 789 4130 nunc
799 4069 997 4150 judicandum
1018 4080 1075 4143 est,
1089 4071 1114 4134 ci
1127 4072 1333 4154 quicpcucsa

226 4156 307 4216 simis
317 4159 472 4238 complecti
480 4161 560 4233 velit,
568 4159 633 4221 haec
647 4173 701 4221 est.
723 4162 771 4221 Ne
779 4163 849 4242 'quis
861 4181 932 4246 vero
941 4173 1071 4248 vestrum
1084 4163 1218 4240 miretur,
1226 4188 1332 4246 quam

227 4249 326 4306 obrem
347 4268 411 4328 ego,
434 4249 545 4327 reliquo
569 4253 664 4320 aetatis
686 4263 827 4332 tempore,
850 4264 884 4313 ut
906 4254 979 4312 mihi
1005 4253 1125 4332 quidem
1150 4251 1335 4334 persuadeo,

228 4337 375 4400 moderate
391 4350 549 4414 transacto,
561 4363 640 4403 nunc
651 4345 682 4438 in
693 4344 811 4424 judiciis
827 4355 858 4408 et
869 4346 1108 4408 accusationibus
1120 4347 1249 4426 publicis
1265 4371 1334 4412 vcr-
