2886 4946
547 235 603 297 Dll
626 236 811 298 CORONA.
1167 243 1221 303 167

130 387 207 446 ciem
220 389 356 448 accrevit.
387 389 581 470 Posteaquam
594 387 663 454 tei-o
676 393 762 453 radio
774 390 844 452 belli
857 391 1015 463 confectos,
1031 411 1133 472 graves
1146 383 1221 467 tu'm,

133 499 211 539 nunc
225 479 357 540 infelices
369 481 525 544 Thebanos
545 485 728 564 perspicuum
746 493 826 544 esset
837 483 972 545 omnibus
985 495 1103 546 coactos
1116 485 1178 548 iore
1190 497 1225 548 ιιι

133 571 169 630 ad
181 591 235 632 vos
246 573 449 652 confugerent,
463 575 626 657 Philippus,
640 578 671 636 id
684 585 717 634 ιιι
725 595 763 635 ae
776 569 859 635 fleret
870 569 944 636 neve
957 567 1088 637 civitates
1101 579 1224 659 conjun-

132 674 281 741 gerentur,
295 667 379 725 vobis
397 687 510 746 pacem,
523 669 580 727 illis
594 669 729 728 auxilium
742 667 906 752 pollicetur.
937 669 1012 736 Qure
1025 690 1071 729 res
1091 671 1180 748 igitur
1198 672 1225 731 ei

131 754 303 834 adjumento
316 757 371 818 suit
384 769 418 817 ut
431 779 481 819 sos
494 779 570 839 pene
584 760 679 819 dicam
694 757 770 820 ultro
785 758 925 838 deceptos
938 760 1141 840 interciperet?
1163 759 1224 822 Re-

130 845 277 926 liquorum
288 847 569 911 'Graecorum-sive
581 851 626 911 'ea
647 849 757 911 malitia
777 851 836 910 sire
853 850 1016 930 ignorantia
1036 853 1161 914 dicenda
1180 863 1227 914 est

132 940 194 1000 sire
207 945 340 1020 utraque,
354 943 413 1021 qui,
422 953 490 1003 cum
504 944 653 1004 assiduum
667 963 702 1002 ac
716 943 881 1004 diuturnum
895 933 1005 1002 bellum
1019 945 1165 1023 gereretis,
1180 946 1227 1005 id·

134 1051 194 1109 que
208 1053 261 1110 pro
281 1035 429 1094 communi
443 1031 572 1095 omnium
588 1034 720 1106 utilitate,
734 1034 979 1114 quemadmodum
992 1056 1038 1096 res
1051 1036 1116 1115 ipsa
1129 1037 1225 1098 decla·

134 1123 220 1194 ravit,
235 1129 330 1203 neque
343 1128 469 1205 pecunia
481 1123 577 1208 neque
596 1123 664 1186 viris
677 1146 771 1204 neque
785 1146 815 1185 re
829 1126 889 1186 ulla
902 1128 1018 1187 omnino
1038 1127 1095 1188 alia
1107 1149 1160 1189 vos
1173 1131 1227 1190 ad-

128 1215 287 1294 juverunt:
309 1218 416 1297 quibus
424 1219 492 1300 jure
506 1239 558 1280 vos
573 1215 731 1296 meritoque
746 1217 888 1296 indignati
901 1219 1037 1300 Philippo
1049 1220 1129 1281 haud
1146 1214 1229 1284 inviti

133 1309 358 1371 auscultavistis.

176 1404 205 1460 8.
228 1401 369 1482 Erigitur
382 1423 448 1483 quta
457 1401 520 1465 tum
533 1403 675 1466 concessa
687 1397 890 1482 fuit‘Philippo
903 1423 960 1481 pax
974 1403 1054 1464 hisce
1062 1398 1106 1465 ‘de
1118 1409 1227 1482 causis,

135 1513 195 1553 non
209 1513 285 1568 mea,
303 1498 469 1600 quomodo
462 1508 516 1558 rste
534 1497 718 1568 insimulavit,
741 1516 829 1576 opera
848 1494 1003 1555 conciliata
1021 1506 1086 1556 est.
1106 1499 1226 1559 istorum

135 1587 233 1645 autem
248 1587 367 1667 injurias
378 1585 570 1669 sordidosque
583 1601 724 1683 quaestus
728 1589 758 1648 in
771 1607 846 1650 earo
859 1588 1000 1645 institutos
1013 1577 1114 1648 haruin
1128 1593 1227 1652 turba·

135 1699 199 1737 rum
214 1680 244 1738 in
258 1680 362 1759 quibus
375 1701 454 1742 nunc
471 1695 630 1753 versamur,
648 1683 671 1742 si
691 1674 755 1760 quis
769 1689 848 1741 recte
863 1679 1027 1756 investiget,
1042 1699 1147 1742 causas
1162 1703 1228 1744 esse

134 1770 345 1850 deprehendet.
376 1773 472 1853 Atque
488 1773 669 1835 haecomnia
680 1773 816 1835 veritatis
830 1781 934 1831 tuntum
949 1771 1045 1839 studio
1065 1775 1228 1834 accuratius

134 1881 294 1942 persequor
308 1875 339 1925 et
348 1885 460 1927 enarro.
487 1867 600 1927 Nam
574 1888 603 1927 sr
614 1868 709 1946 quain
723 1865 768 1926 his
779 1854 865 1925 rebus
879 1865 926 1924 vel
939 1863 1061 1924 maxime
1075 1867 1230 1927 videantur

134 1976 202 2017 esse
218 1969 352 2038 peccata,
368 1959 484 2019 eanihil
498 1961 601 2022 adme
614 1961 713 2039 utique
734 1961 896 2048 pertinent.
916 1958 986 2035 quin
1004 1957 1030 2016 is
1051 1959 1101 2036 qui
1118 1958 1228 2036 primus

136 2052 312 2112 sententiam
330 2052 403 2111 dixit
422 2061 453 2111 et
472 2047 649 2113 mentionem
669 2053 707 2112 de
727 2070 799 2131 pace
819 2041 888 2110 lecit
908 2049 1108 2111 Aristodemus
1127 2052 1229 2113 histrio

135 2141 202 2214 luit,
224 2163 274 2221 qur
266 2142 368 2202 illurn
382 2144 513 2224 suscepit
534 2155 564 2204 et
577 2139 713 2204 decretam
726 2143 841 2223 scripsit
853 2152 884 2202 et
897 2161 964 2201 cum
976 2143 1035 2202 isto
1055 2149 1137 2204 suam
1158 2164 1229 2224 ope-

136 2253 199 2294 ram
214 2235 244 2293 in
263 2255 329 2295 eam
349 2235 409 2296 rem
428 2236 536 2296 locavit
555 2231 736 2297 Philocrates
755 2235 811 2294 fuit
823 2234 982 2312 Agnusius,
1002 2245 1072 2294 tuus
1094 2235 1230 2300 AEscbine

135 2325 293 2406 particeps,
311 2339 371 2388 non
390 2347 484 2400 meus,
505 2347 563 2388 non
585 2329 609 2388 si
630 2325 799 2388 mentiendo
820 2325 1026 2404 disrumperisr
1048 2325 1111 2404 ejus
1131 2317 1228 2388 autem

139 2419 291 2478 sententia
305 2421 509 2499 suffragatores
522 2422 639 2480 luerunt
659 2437 833 2498 quacunque
853 2417 967 2477 demum
989 2417 1026 2476 de
1045 2418 1230 2480 causa—hoc

50 2587 52 2592 Ι
141 2501 1230 2591 eniminpraesenson'ritto--EubulusetCephisophon,egoveronusquam

139 2600 304 2680 quicquam.
318 2605 356 2664 Et
369 2603 476 2677 tamen,
490 2601 556 2665 cum
570 2604 635 2665 haec
647 2605 688 2664 ita
701 2625 733 2664 se
745 2605 873 2664 habeant
886 2613 916 2664 et
929 2605 966 2662 ab
979 2604 1042 2683 ipsa
1055 2601 1144 2664 etiam¹
1156 2606 1231 2665 veri·

136 2703 199 2754 tete
212 2696 255 2754 ita
267 2697 334 2755 es'se
353 2697 598 2769 demonstrentur,
611 2714 703 2777 usque
717 2715 753 2756 eo
765 2696 845 2756 venit
864 2696 1068 2776 impudentiae,
1086 2709 1119 2756 ut
1139 2716 1230 2758 ausus

135 2785 175 2846 sit
194 2785 345 2858 affirmare,
359 2808 405 2848 me
419 2809 476 2848 non
501 2789 586 2848 modo
606 2789 687 2868 pacis
706 2788 797 2848 fuisse
815 2797 973 2858 auctorem,
995 2788 1048 2847 sed
1062 2808 1099 2847 ne
1119 2807 1154 2848 ea
1165 2789 1232 2868 ipsa

136 2897 196 2956 pax
217 2898 236 2938 a
255 2888 355 2938 nostra
367 2880 481 2940 civitate
502 2899 641 2942 unacum
660 2879 808 2940 communi
822 2879 992 2938 Graecorum
1006 2880 1128 2940 concilio
1148 2881 1231 2942 lieret

136 2971 295 3032 obstitisse.
317 2972 357 3031 At
369 2975 487 3051 'cr-quo
496 2982 535 3032 'te
551 2972 616 3050 quis
630 2973 746 3031 nomine
759 2979 837 3030 recte
851 2969 999 3049 appellet?
1019 2981 1089 3031 tune
1106 2991 1229 3049 nsquam

136 3065 187 3143 qui
200 3065 332 3136 adesses,
347 3085 415 3125 oum
435 3065 605 3125 nictantem
618 3083 679 3123 rem
700 3073 869 3141 tantamque
891 3063 1070 3135 societatem,
1090 3073 1230 3141 quantam

136 3157 227 3218 modo
248 3157 367 3235 quidem
379 3157 492 3237 tragica
509 3177 583 3219 voce
601 3153 847 3226 commemorabas
860 3165 891 3214 et
903 3155 1108 3234 percensebas,
1123 3154 1231 3218 civitati

137 3252 293 3314 detrahere
306 3250 429 3324 videres,
442 3251 506 3310 tani
519 3271 630 3327 usquam
641 3250 808 3328 indignatus
823 3267 855 3309 es
869 3258 899 3308 et
911 3247 941 3307 in
954 3247 1083 3307 medium
1096 3268 1231 3329 progres-

137 3364 189 3404 sus
203 3363 250 3416 ea,
264 3363 331 3422 quae
344 3345 423 3408 n'unc
437 3339 546 3422 algua,
559 3341 684 3403 docuisti
703 3341 754 3402 au‘t
768 3341 927 3402 enarrasti?
949 3341 1043 3420 Atqui
1057 3341 1082 3402 si
1096 3353 1130 3403 ut
1142 3345 1230 3405 inter-

137 3435 277 3496 cludatur
297 3434 431 3495 irtacum
446 3435 558 3496 Groec'is
571 3435 736 3496 communio
749 3434 884 3513 Philippo
898 3453 955 3513 ego
971 3453 1079 3511 operum
1091 3437 1230 3498 vendide-

135 3547 211 3600 ram,
223 3525 355 3586 tibi'erat
367 3522 510 3607 reliquom
529 3527 675 3588 silentium
696 3539 730 3586 ut
747 3545 785 3586 ne
799 3524 911 3605 ageres,
926 3527 979 3586 sed
992 3537 1027 3586 ιιι
1045 3525 1187 3589 clamares
1199 3537 1232 3588 et

137 3618 339 3679 testimonium
352 3619 441 3678 ferres
451 3629 481 3678 et
494 3619 575 3680 hisce
589 3639 650 3678 rem
664 3617 816 3678 indicares.
851 3617 891 3676 At
903 3629 934 3678 tu
954 3638 1104 3698 nunquam
1116 3619 1172 3680 hoc
1186 3619 1230 3678 fe-

136 3711 214 3783 cisti,
228 3730 378 3788 nuuquam
393 3730 456 3770 earn
472 3731 508 3771 ex
526 3721 556 3771 te
574 3731 677 3772 vocem
692 3711 843 3790 quisquam
866 3710 986 3771 audivit.
1027 3712 1116 3771 Jure:
1137 3731 1231 3792 neque

136 3804 215 3863 enim
236 3801 275 3861 ad
288 3803 374 3862 ullos
384 3804 500 3864 omnino
515 3803 684 3864 Grae'corum
705 3815 767 3864 tum
785 3803 874 3864 missa
886 3814 947 3864 erat
959 3805 1076 3883 legatie,
1092 3803 1145 3862 sed
1154 3804 1230 3883 jarn-

138 3895 253 3957 dudum
266 3896 507 3956 eorum-omnium
520 3897 685 3961 voluntates
697 3899 847 3977 patebant,
858 3893 951 3977 neque
966 3898 1022 3956 iste
1035 3896 1139 3956 sinceri
1148 3896 1230 3977 quic·

140 4005 230 4065 quam
243 3986 287 4046 his
300 3987 338 4047 de
351 3989 437 4047 rebus
457 3989 587 4068 protulit.
625 3990 771 4050 Praeterea
789 4009 857 4050 vero
870 3987 1029 4049 mendaciis
1042 3987 1097 4046 illis
1102 3991 1233 4070 rempu-v

138 4079 249 4140 blicam
262 4080 401 4140 ecerrime
412 4075 613 4142 calumniatur.
636 4083 749 4141 Nam
727 4103 751 4142 ιι
768 4102 821 4142 ros
834 4081 919 4141 simul
940 4079 1060 4140 Graecos
1071 4081 1110 4142 ad
1121 4082 1231 4143 bellum

140 4173 350 4245 accersebatis,
374 4172 490 4232 simul
483 4178 538 4254 rpsr
530 4173 590 4233 ad
605 4173 772 4254 Philippum
783 4173 895 4252 legatos
914 4171 951 4231 de
971 4191 1044 4252 pace
1062 4175 1231 4248 mittebatis,

140 4265 285 4346 Eurybati
298 4264 422 4336 lacinus,
437 4285 497 4326 non
512 4273 562 4324 aut
574 4266 684 4348 civitati
696 4265 801 4326 'vestrae
819 4272 871 4323 aut
888 4263 957 4324 viris
973 4255 1069 4328 bonis
1076 4277 1230 4328 consenta-

139 4376 229 4432 neam
243 4361 304 4418 rcm'
317 4356 502 4436 praestitistis.
524 4339 632 4421 Verum
644 4377 704 4420 non
716 4357 757 4416 its
767 4375 799 4416 se
812 4375 857 4418 res
867 4354 987 4434 habeut,
997 4378 1073 4420 non:
1093 4373 1235 4436 quorsum.
