<?xml version="1.0" encoding="UTF-8"?>
<!DOCTYPE html PUBLIC "-//W3C//DTD XHTML 1.0 Transitional//EN"
    "http://www.w3.org/TR/xhtml1/DTD/xhtml1-transitional.dtd">
<html xmlns="http://www.w3.org/1999/xhtml" xml:lang="en" lang="en">
 <head>
  <title>
</title>
<meta http-equiv="Content-Type" content="text/html;charset=utf-8" />
  <meta name='ocr-system' content='tesseract 3.04.00' />
  <meta name='ocr-capabilities' content='ocr_page ocr_carea ocr_par ocr_line ocrx_word'/>
</head>
<body>
  <div class='ocr_page' id='page_1' title='image "./demosthenisetsc08ulpigoog/demosthenisetsc08ulpigoog_0195.png"; bbox 0 0 2886 4946; ppageno 0'>
   <div class='ocr_carea' id='block_1_1' title="bbox 216 268 897 418">
    <p class='ocr_par' dir='ltr' id='par_1_1' title="bbox 216 268 897 418">
     <span class='ocr_line' id='line_1_1' title="bbox 216 268 897 418; baseline 0 -40"><span class='ocrx_word' id='word_1_1' title='bbox 216 273 276 382; x_wconf 73' lang='lat' dir='ltr'>¹res</span> <span class='ocrx_word' id='word_1_2' title='bbox 628 319 691 418; x_wconf 17' lang='lat' dir='ltr'>&#39;uu</span> <span class='ocrx_word' id='word_1_3' title='bbox 713 268 897 380; x_wconf 73' lang='lat' dir='ltr'>cononi.</span> 
     </span>
    </p>
   </div>
   <div class='ocr_carea' id='block_1_2' title="bbox 213 473 1327 1473">
    <p class='ocr_par' dir='ltr' id='par_1_2' title="bbox 213 473 1327 1473">
     <span class='ocr_line' id='line_1_2' title="bbox 215 473 1311 554; baseline 0.003 -20"><span class='ocrx_word' id='word_1_4' title='bbox 215 474 258 538; x_wconf 83' lang='lat' dir='ltr'>ita</span> <span class='ocrx_word' id='word_1_5' title='bbox 270 493 330 536; x_wconf 88' lang='lat' dir='ltr'>uon</span> <span class='ocrx_word' id='word_1_6' title='bbox 350 473 445 534; x_wconf 86' lang='lat' dir='ltr'>solum</span> <span class='ocrx_word' id='word_1_7' title='bbox 459 473 574 554; x_wconf 80' lang='lat' dir='ltr'>legibus</span> <span class='ocrx_word' id='word_1_8' title='bbox 588 493 688 534; x_wconf 84' lang='lat' dir='ltr'>verum</span> <span class='ocrx_word' id='word_1_9' title='bbox 709 474 797 540; x_wconf 84' lang='lat' dir='ltr'>etiam</span> <span class='ocrx_word' id='word_1_10' title='bbox 816 474 1077 536; x_wconf 74' lang='lat' dir='ltr'>institutis‘vestris</span> <span class='ocrx_word' id='word_1_11' title='bbox 1098 494 1164 536; x_wconf 85' lang='lat' dir='ltr'>esse</span> <span class='ocrx_word' id='word_1_12' title='bbox 1181 474 1311 552; x_wconf 85' lang='lat' dir='ltr'>delinita,</span> 
     </span>
     <span class='ocr_line' id='line_1_3' title="bbox 216 564 1310 647; baseline 0 -19"><span class='ocrx_word' id='word_1_13' title='bbox 216 585 273 646; x_wconf 78' lang='lat' dir='ltr'>ego</span> <span class='ocrx_word' id='word_1_14' title='bbox 294 564 380 628; x_wconf 85' lang='lat' dir='ltr'>iacile</span> <span class='ocrx_word' id='word_1_15' title='bbox 402 565 502 627; x_wconf 87' lang='lat' dir='ltr'>multis</span> <span class='ocrx_word' id='word_1_16' title='bbox 523 565 696 626; x_wconf 75' lang='lat' dir='ltr'>testimoniis</span> <span class='ocrx_word' id='word_1_17' title='bbox 714 567 891 627; x_wconf 82' lang='lat' dir='ltr'>ostendam.¹</span> <span class='ocrx_word' id='word_1_18' title='bbox 910 566 989 627; x_wconf 85' lang='lat' dir='ltr'>Nasu</span> <span class='ocrx_word' id='word_1_19' title='bbox 1011 567 1136 647; x_wconf 89' lang='lat' dir='ltr'>primum</span> <span class='ocrx_word' id='word_1_20' title='bbox 1157 568 1310 630; x_wconf 87' lang='lat' dir='ltr'>Nausieles</span> 
     </span>
     <span class='ocr_line' id='line_1_4' title="bbox 215 656 1311 742; baseline 0 -22"><span class='ocrx_word' id='word_1_21' title='bbox 215 679 283 728; x_wconf 82' lang='lat' dir='ltr'>cum</span> <span class='ocrx_word' id='word_1_22' title='bbox 304 667 384 720; x_wconf 84' lang='lat' dir='ltr'>esset</span> <span class='ocrx_word' id='word_1_23' title='bbox 407 658 569 742; x_wconf 76' lang='lat' dir='ltr'>strategus,¹</span> <span class='ocrx_word' id='word_1_24' title='bbox 584 659 623 718; x_wconf 92' lang='lat' dir='ltr'>ob</span> <span class='ocrx_word' id='word_1_25' title='bbox 642 677 678 718; x_wconf 86' lang='lat' dir='ltr'>ea</span> <span class='ocrx_word' id='word_1_26' title='bbox 697 677 764 736; x_wconf 88' lang='lat' dir='ltr'>quee</span> <span class='ocrx_word' id='word_1_27' title='bbox 785 659 822 718; x_wconf 89' lang='lat' dir='ltr'>de</span> <span class='ocrx_word' id='word_1_28' title='bbox 845 677 899 719; x_wconf 90' lang='lat' dir='ltr'>suo</span> <span class='ocrx_word' id='word_1_29' title='bbox 912 660 1035 738; x_wconf 83' lang='lat' dir='ltr'>largitus</span> <span class='ocrx_word' id='word_1_30' title='bbox 1049 671 1104 731; x_wconf 87' lang='lat' dir='ltr'>est,</span> <span class='ocrx_word' id='word_1_31' title='bbox 1129 657 1210 740; x_wconf 84' lang='lat' dir='ltr'>s&#39;eepa</span> <span class='ocrx_word' id='word_1_32' title='bbox 1230 656 1274 720; x_wconf 79' lang='lat' dir='ltr'>est</span> <span class='ocrx_word' id='word_1_33' title='bbox 1294 681 1311 720; x_wconf 92' lang='lat' dir='ltr'>a</span> 
     </span>
     <span class='ocr_line' id='line_1_5' title="bbox 214 750 1327 832; baseline 0 -19"><span class='ocrx_word' id='word_1_34' title='bbox 214 752 297 824; x_wconf 80' lang='lat' dir='ltr'>r&#39;obis</span> <span class='ocrx_word' id='word_1_35' title='bbox 321 761 496 810; x_wconf 84' lang='lat' dir='ltr'>coronatus:</span> <span class='ocrx_word' id='word_1_36' title='bbox 518 750 623 810; x_wconf 82' lang='lat' dir='ltr'>deinde</span> <span class='ocrx_word' id='word_1_37' title='bbox 647 751 795 810; x_wconf 86' lang='lat' dir='ltr'>Diutimu&#39;s</span> <span class='ocrx_word' id='word_1_38' title='bbox 815 752 884 829; x_wconf 87' lang='lat' dir='ltr'>quia</span> <span class='ocrx_word' id='word_1_39' title='bbox 905 753 1024 832; x_wconf 79' lang='lat' dir='ltr'><strong>clypeos</strong></span> <span class='ocrx_word' id='word_1_40' title='bbox 1046 752 1128 814; x_wconf 88' lang='lat' dir='ltr'>dedit</span> <span class='ocrx_word' id='word_1_41' title='bbox 1147 763 1178 812; x_wconf 86' lang='lat' dir='ltr'>et</span> <span class='ocrx_word' id='word_1_42' title='bbox 1198 771 1327 813; x_wconf 78' lang='lat' dir='ltr'>rursum</span> 
     </span>
     <span class='ocr_line' id='line_1_6' title="bbox 217 839 1309 924; baseline 0 -18"><span class='ocrx_word' id='word_1_43' title='bbox 217 843 419 916; x_wconf 69' lang='lat' dir='ltr'>Charidemus,</span> <span class='ocrx_word' id='word_1_44' title='bbox 432 842 547 904; x_wconf 82' lang='lat' dir='ltr'>c&#39;oronis</span> <span class='ocrx_word' id='word_1_45' title='bbox 568 842 668 902; x_wconf 85' lang='lat' dir='ltr'>donati</span> <span class='ocrx_word' id='word_1_46' title='bbox 690 852 775 902; x_wconf 86' lang='lat' dir='ltr'>suut:</span> <span class='ocrx_word' id='word_1_47' title='bbox 796 852 859 904; x_wconf 91' lang='lat' dir='ltr'>tum</span> <span class='ocrx_word' id='word_1_48' title='bbox 873 839 1195 924; x_wconf 83' lang='lat' dir='ltr'>Neoptolemus&#39;hioce,</span> <span class='ocrx_word' id='word_1_49' title='bbox 1212 846 1309 906; x_wconf 89' lang='lat' dir='ltr'>multis</span> 
     </span>
     <span class='ocr_line' id='line_1_7' title="bbox 214 933 1309 1015; baseline -0.002 -15"><span class='ocrx_word' id='word_1_50' title='bbox 214 943 281 1000; x_wconf 80' lang='lat' dir='ltr'>curn</span> <span class='ocrx_word' id='word_1_51' title='bbox 294 945 373 996; x_wconf 89' lang='lat' dir='ltr'>esset</span> <span class='ocrx_word' id='word_1_52' title='bbox 386 935 520 1014; x_wconf 84' lang='lat' dir='ltr'>operibus</span> <span class='ocrx_word' id='word_1_53' title='bbox 532 934 700 1015; x_wconf 71' lang='lat' dir='ltr'>prefectus,</span> <span class='ocrx_word' id='word_1_54' title='bbox 714 937 752 995; x_wconf 91' lang='lat' dir='ltr'>ob</span> <span class='ocrx_word' id='word_1_55' title='bbox 767 956 803 996; x_wconf 87' lang='lat' dir='ltr'>ea</span> <span class='ocrx_word' id='word_1_56' title='bbox 821 956 890 1015; x_wconf 82' lang='lat' dir='ltr'>quae</span> <span class='ocrx_word' id='word_1_57' title='bbox 911 937 1040 1008; x_wconf 75' lang='lat' dir='ltr'>denovit,</span> <span class='ocrx_word' id='word_1_58' title='bbox 1053 933 1198 999; x_wconf 83' lang='lat' dir='ltr'>honorem·</span> <span class='ocrx_word' id='word_1_59' title='bbox 1206 933 1309 999; x_wconf 70' lang='lat' dir='ltr'>eonse-</span> 
     </span>
     <span class='ocr_line' id='line_1_8' title="bbox 214 1026 1310 1109; baseline -0.001 -18"><span class='ocrx_word' id='word_1_60' title='bbox 214 1039 299 1092; x_wconf 87' lang='lat' dir='ltr'>cutue</span> <span class='ocrx_word' id='word_1_61' title='bbox 312 1039 369 1090; x_wconf 84' lang='lat' dir='ltr'>est.</span> <span class='ocrx_word' id='word_1_62' title='bbox 390 1028 538 1088; x_wconf 80' lang='lat' dir='ltr'><strong>Acerbum</strong></span> <span class='ocrx_word' id='word_1_63' title='bbox 558 1029 635 1088; x_wconf 85' lang='lat' dir='ltr'>enim</span> <span class='ocrx_word' id='word_1_64' title='bbox 656 1029 794 1109; x_wconf 78' lang='lat' dir='ltr'>profecto·</span> <span class='ocrx_word' id='word_1_65' title='bbox 809 1039 895 1102; x_wconf 88' lang='lat' dir='ltr'>esset,</span> <span class='ocrx_word' id='word_1_66' title='bbox 918 1027 943 1090; x_wconf 90' lang='lat' dir='ltr'>si</span> <span class='ocrx_word' id='word_1_67' title='bbox 963 1029 1166 1108; x_wconf 78' lang='lat' dir='ltr'>magistratum</span> <span class='ocrx_word' id='word_1_68' title='bbox 1186 1026 1310 1108; x_wconf 77' lang='lat' dir='ltr'>aliquem</span> 
     </span>
     <span class='ocr_line' id='line_1_9' title="bbox 214 1117 1309 1202; baseline 0.002 -20"><span class='ocrx_word' id='word_1_69' title='bbox 214 1121 324 1202; x_wconf 74' lang='lat' dir='ltr'>gerenti</span> <span class='ocrx_word' id='word_1_70' title='bbox 342 1120 388 1182; x_wconf 84' lang='lat' dir='ltr'>vel</span> <span class='ocrx_word' id='word_1_71' title='bbox 407 1140 462 1180; x_wconf 85' lang='lat' dir='ltr'>sua</span> <span class='ocrx_word' id='word_1_72' title='bbox 480 1119 553 1199; x_wconf 84' lang='lat' dir='ltr'>reip.</span> <span class='ocrx_word' id='word_1_73' title='bbox 573 1119 671 1200; x_wconf 81' lang='lat' dir='ltr'>largiri</span> <span class='ocrx_word' id='word_1_74' title='bbox 691 1121 809 1202; x_wconf 81' lang='lat' dir='ltr'>propter</span> <span class='ocrx_word' id='word_1_75' title='bbox 829 1117 1035 1202; x_wconf 79' lang='lat' dir='ltr'>magistratum</span> <span class='ocrx_word' id='word_1_76' title='bbox 1054 1139 1115 1181; x_wconf 89' lang='lat' dir='ltr'>nou</span> <span class='ocrx_word' id='word_1_77' title='bbox 1132 1122 1244 1195; x_wconf 86' lang='lat' dir='ltr'>liceret,</span> <span class='ocrx_word' id='word_1_78' title='bbox 1264 1123 1309 1188; x_wconf 79' lang='lat' dir='ltr'>rel</span> 
     </span>
     <span class='ocr_line' id='line_1_10' title="bbox 213 1207 1308 1294; baseline 0.002 -20"><span class='ocrx_word' id='word_1_79' title='bbox 213 1226 313 1278; x_wconf 87' lang='lat' dir='ltr'>eorum</span> <span class='ocrx_word' id='word_1_80' title='bbox 324 1233 391 1292; x_wconf 84' lang='lat' dir='ltr'>quea</span> <span class='ocrx_word' id='word_1_81' title='bbox 399 1211 522 1292; x_wconf 77' lang='lat' dir='ltr'>largitus</span> <span class='ocrx_word' id='word_1_82' title='bbox 536 1212 647 1274; x_wconf 88' lang='lat' dir='ltr'>sitnon</span> <span class='ocrx_word' id='word_1_83' title='bbox 657 1213 780 1293; x_wconf 76' lang='lat' dir='ltr'>gratiam</span> <span class='ocrx_word' id='word_1_84' title='bbox 793 1216 947 1294; x_wconf 79' lang='lat' dir='ltr'>acciperet,</span> <span class='ocrx_word' id='word_1_85' title='bbox 956 1213 1010 1275; x_wconf 88' lang='lat' dir='ltr'>sed</span> <span class='ocrx_word' id='word_1_86' title='bbox 1017 1207 1143 1280; x_wconf 82' lang='lat' dir='ltr'>rationes</span> <span class='ocrx_word' id='word_1_87' title='bbox 1153 1215 1251 1276; x_wconf 85' lang='lat' dir='ltr'>subire</span> <span class='ocrx_word' id='word_1_88' title='bbox 1260 1235 1308 1276; x_wconf 88' lang='lat' dir='ltr'>oo-</span> 
     </span>
     <span class='ocr_line' id='line_1_11' title="bbox 213 1301 1309 1392; baseline 0.002 -24"><span class='ocrx_word' id='word_1_89' title='bbox 213 1315 341 1386; x_wconf 80' lang='lat' dir='ltr'>geretur.</span> <span class='ocrx_word' id='word_1_90' title='bbox 363 1305 437 1366; x_wconf 76' lang='lat' dir='ltr'>llere</span> <span class='ocrx_word' id='word_1_91' title='bbox 446 1315 482 1368; x_wconf 88' lang='lat' dir='ltr'>ut</span> <span class='ocrx_word' id='word_1_92' title='bbox 496 1325 563 1366; x_wconf 83' lang='lat' dir='ltr'>rere</span> <span class='ocrx_word' id='word_1_93' title='bbox 576 1324 596 1366; x_wconf 86' lang='lat' dir='ltr'>a</span> <span class='ocrx_word' id='word_1_94' title='bbox 611 1326 659 1367; x_wconf 87' lang='lat' dir='ltr'>me</span> <span class='ocrx_word' id='word_1_95' title='bbox 677 1307 736 1366; x_wconf 86' lang='lat' dir='ltr'>diei</span> <span class='ocrx_word' id='word_1_96' title='bbox 754 1317 879 1382; x_wconf 83' lang='lat' dir='ltr'>constet,</span> <span class='ocrx_word' id='word_1_97' title='bbox 893 1326 965 1389; x_wconf 86' lang='lat' dir='ltr'>cape</span> <span class='ocrx_word' id='word_1_98' title='bbox 985 1307 1051 1389; x_wconf 82' lang='lat' dir='ltr'>ipsa</span> <span class='ocrx_word' id='word_1_99' title='bbox 1063 1301 1309 1392; x_wconf 69' lang='lat' dir='ltr'>dabreta&#39;propter</span> 
     </span>
     <span class='ocr_line' id='line_1_12' title="bbox 213 1397 687 1473; baseline -0.006 -11"><span class='ocrx_word' id='word_1_100' title='bbox 213 1399 285 1462; x_wconf 79' lang='lat' dir='ltr'>istos</span> <span class='ocrx_word' id='word_1_101' title='bbox 298 1397 387 1473; x_wconf 82' lang='lat' dir='ltr'>factu,</span> <span class='ocrx_word' id='word_1_102' title='bbox 402 1405 437 1460; x_wconf 75' lang='lat' dir='ltr'>ao&#39;</span> <span class='ocrx_word' id='word_1_103' title='bbox 451 1398 551 1460; x_wconf 55' lang='lat' dir='ltr'>recita:</span> <span class='ocrx_word' id='word_1_104' title='bbox 572 1399 687 1462; x_wconf 82' lang='lat' dir='ltr'>Recita.</span> 
     </span>
    </p>
   </div>
   <div class='ocr_carea' id='block_1_3' title="bbox 604 1554 884 1620">
    <p class='ocr_par' dir='ltr' id='par_1_3' title="bbox 604 1554 884 1620">
     <span class='ocr_line' id='line_1_13' title="bbox 604 1554 884 1620; baseline -0.025 0"><span class='ocrx_word' id='word_1_105' title='bbox 604 1587 606 1592; x_wconf 58' lang='grc'>’</span> <span class='ocrx_word' id='word_1_106' title='bbox 639 1554 884 1620; x_wconf 81' lang='lat' dir='ltr'><strong>DECRETUM.</strong></span> 
     </span>
    </p>
   </div>
   <div class='ocr_carea' id='block_1_4' title="bbox 212 1671 1308 2140">
    <p class='ocr_par' dir='ltr' id='par_1_4' title="bbox 212 1671 1308 2121">
     <span class='ocr_line' id='line_1_14' title="bbox 248 1671 1308 1740; baseline 0.005 -20"><span class='ocrx_word' id='word_1_107' title='bbox 248 1671 364 1723; x_wconf 73' lang='lat' dir='ltr'>metesa</span> <span class='ocrx_word' id='word_1_108' title='bbox 376 1671 629 1734; x_wconf 75' lang='lat' dir='ltr'>DemouieoPhlyeusi,</span> <span class='ocrx_word' id='word_1_109' title='bbox 636 1673 814 1724; x_wconf 84' lang='lat' dir='ltr'>Boedromionis</span> <span class='ocrx_word' id='word_1_110' title='bbox 824 1673 865 1722; x_wconf 87' lang='lat' dir='ltr'>die</span> <span class='ocrx_word' id='word_1_111' title='bbox 876 1685 959 1730; x_wconf 69' lang='lat' dir='ltr'>xxva,</span> <span class='ocrx_word' id='word_1_112' title='bbox 967 1675 997 1724; x_wconf 76' lang='lat' dir='ltr'>ts</span> <span class='ocrx_word' id='word_1_113' title='bbox 1006 1671 1122 1726; x_wconf 80' lang='lat' dir='ltr'>sententis</span> <span class='ocrx_word' id='word_1_114' title='bbox 1130 1683 1226 1725; x_wconf 70' lang='lat' dir='ltr'>semme</span> <span class='ocrx_word' id='word_1_115' title='bbox 1234 1681 1308 1740; x_wconf 76' lang='lat' dir='ltr'>popa-¹</span> 
     </span>
     <span class='ocr_line' id='line_1_15' title="bbox 212 1749 1307 1816; baseline 0.004 -18"><span class='ocrx_word' id='word_1_116' title='bbox 212 1751 285 1814; x_wconf 88' lang='lat' dir='ltr'>lique,</span> <span class='ocrx_word' id='word_1_117' title='bbox 296 1749 382 1798; x_wconf 83' lang='lat' dir='ltr'>Gallias</span> <span class='ocrx_word' id='word_1_118' title='bbox 395 1749 548 1798; x_wconf 82' lang='lat' dir='ltr'>Phrearrhius</span> <span class='ocrx_word' id='word_1_119' title='bbox 560 1749 649 1806; x_wconf 89' lang='lat' dir='ltr'>retulit,</span> <span class='ocrx_word' id='word_1_120' title='bbox 659 1750 753 1811; x_wconf 83' lang='lat' dir='ltr'>plaeere</span> <span class='ocrx_word' id='word_1_121' title='bbox 766 1751 856 1798; x_wconf 71' lang='lat' dir='ltr'>senmui</span> <span class='ocrx_word' id='word_1_122' title='bbox 872 1752 1010 1816; x_wconf 84' lang='lat' dir='ltr'>popuquue</span> <span class='ocrx_word' id='word_1_123' title='bbox 1025 1764 1110 1802; x_wconf 80' lang='lat' dir='ltr'>ebrona</span> <span class='ocrx_word' id='word_1_124' title='bbox 1127 1755 1216 1804; x_wconf 74' lang='grc' dir='ltr'><strong>ὸοιιιιιιι</strong></span> <span class='ocrx_word' id='word_1_125' title='bbox 1224 1754 1307 1805; x_wconf 70' lang='lat' dir='ltr'>Naeu-</span> 
     </span>
     <span class='ocr_line' id='line_1_16' title="bbox 213 1815 1307 1892; baseline 0.005 -19"><span class='ocrx_word' id='word_1_126' title='bbox 213 1815 274 1874; x_wconf 78' lang='lat' dir='ltr'>olem</span> <span class='ocrx_word' id='word_1_127' title='bbox 284 1825 397 1887; x_wconf 87' lang='lat' dir='ltr'>peditatui</span> <span class='ocrx_word' id='word_1_128' title='bbox 408 1827 553 1887; x_wconf 71' lang='lat' dir='ltr'>praelectum,</span> <span class='ocrx_word' id='word_1_129' title='bbox 572 1825 634 1888; x_wconf 87' lang='lat' dir='ltr'>quud</span> <span class='ocrx_word' id='word_1_130' title='bbox 652 1842 704 1874; x_wconf 87' lang='lat' dir='ltr'>oum</span> <span class='ocrx_word' id='word_1_131' title='bbox 716 1826 891 1875; x_wconf 79' lang='lat' dir='ltr'>Atheniensium</span> <span class='ocrx_word' id='word_1_132' title='bbox 909 1828 945 1876; x_wconf 92' lang='lat' dir='ltr'>bis</span> <span class='ocrx_word' id='word_1_133' title='bbox 961 1828 1024 1880; x_wconf 84' lang='lat' dir='ltr'>mille</span> <span class='ocrx_word' id='word_1_134' title='bbox 1041 1829 1251 1892; x_wconf 71' lang='lat' dir='ltr'>prarisarruaturm</span> <span class='ocrx_word' id='word_1_135' title='bbox 1268 1847 1307 1892; x_wconf 89' lang='lat' dir='ltr'>pe·</span> 
     </span>
     <span class='ocr_line' id='line_1_17' title="bbox 213 1901 1307 1964; baseline 0.003 -14"><span class='ocrx_word' id='word_1_136' title='bbox 213 1903 288 1951; x_wconf 87' lang='lat' dir='ltr'>ditum</span> <span class='ocrx_word' id='word_1_137' title='bbox 299 1909 377 1948; x_wconf 76' lang='lat' dir='ltr'>essem</span> <span class='ocrx_word' id='word_1_138' title='bbox 386 1901 409 1948; x_wconf 90' lang='lat' dir='ltr'>in</span> <span class='ocrx_word' id='word_1_139' title='bbox 421 1902 500 1949; x_wconf 85' lang='lat' dir='ltr'>Imbro</span> <span class='ocrx_word' id='word_1_140' title='bbox 511 1903 643 1964; x_wconf 68' lang='lat' dir='ltr'>terrentque</span> <span class='ocrx_word' id='word_1_141' title='bbox 654 1901 766 1950; x_wconf 82' lang='lat' dir='ltr'>auxilium</span> <span class='ocrx_word' id='word_1_142' title='bbox 778 1903 957 1952; x_wconf 73' lang='lat' dir='ltr'>Atheniensibus</span> <span class='ocrx_word' id='word_1_143' title='bbox 974 1920 1024 1951; x_wconf 89' lang='lat' dir='ltr'>esur</span> <span class='ocrx_word' id='word_1_144' title='bbox 1039 1905 1136 1953; x_wconf 88' lang='lat' dir='ltr'>insulam</span> <span class='ocrx_word' id='word_1_145' title='bbox 1147 1905 1307 1964; x_wconf 82' lang='lat' dir='ltr'>incolentibus,</span> 
     </span>
     <span class='ocr_line' id='line_1_18' title="bbox 214 1977 1307 2042; baseline 0.002 -16"><span class='ocrx_word' id='word_1_146' title='bbox 214 1995 289 2041; x_wconf 80' lang='lat' dir='ltr'>seque</span> <span class='ocrx_word' id='word_1_147' title='bbox 297 1984 379 2040; x_wconf 84' lang='lat' dir='ltr'>posset</span> <span class='ocrx_word' id='word_1_148' title='bbox 386 1977 470 2026; x_wconf 88' lang='lat' dir='ltr'>Philon</span> <span class='ocrx_word' id='word_1_149' title='bbox 481 1978 556 2027; x_wconf 69' lang='lat' dir='ltr'>emtis</span> <span class='ocrx_word' id='word_1_150' title='bbox 549 1979 691 2041; x_wconf 64' lang='lat' dir='ltr'>&#39;prateolus</span> <span class='ocrx_word' id='word_1_151' title='bbox 702 1985 954 2042; x_wconf 77' lang='lat' dir='ltr'>propterterupestates</span> <span class='ocrx_word' id='word_1_152' title='bbox 963 1980 1072 2042; x_wconf 76' lang='lat' dir='ltr'>navigare</span> <span class='ocrx_word' id='word_1_153' title='bbox 1082 1995 1158 2042; x_wconf 90' lang='lat' dir='ltr'>neque</span> <span class='ocrx_word' id='word_1_154' title='bbox 1169 1981 1307 2042; x_wconf 77' lang='lat' dir='ltr'>stipendium</span> 
     </span>
     <span class='ocr_line' id='line_1_19' title="bbox 212 2055 1306 2140; baseline -0.001 -35"><span class='ocrx_word' id='word_1_155' title='bbox 212 2056 326 2107; x_wconf 83' lang='lat' dir='ltr'>mrlstrbus</span> <span class='ocrx_word' id='word_1_156' title='bbox 335 2057 479 2119; x_wconf 84' lang='lat' dir='ltr'>persolvere</span> <span class='ocrx_word' id='word_1_157' title='bbox 495 2057 526 2103; x_wconf 88' lang='lat' dir='ltr'>de</span> <span class='ocrx_word' id='word_1_158' title='bbox 542 2072 584 2103; x_wconf 88' lang='lat' dir='ltr'>sno</span> <span class='ocrx_word' id='word_1_159' title='bbox 595 2071 617 2102; x_wconf 92' lang='lat' dir='ltr'>rs</span> <span class='ocrx_word' id='word_1_160' title='bbox 631 2055 693 2103; x_wconf 86' lang='lat' dir='ltr'>ultro</span> <span class='ocrx_word' id='word_1_161' title='bbox 709 2056 824 2118; x_wconf 77' lang='lat' dir='ltr'>erogarit,</span> <span class='ocrx_word' id='word_1_162' title='bbox 842 2071 886 2103; x_wconf 86' lang='lat' dir='ltr'>nee</span> <span class='ocrx_word' id='word_1_163' title='bbox 902 2071 1006 2121; x_wconf 82' lang='lat' dir='ltr'>expensa</span> <span class='ocrx_word' id='word_1_164' title='bbox 1024 2057 1113 2140; x_wconf 83' lang='lat' dir='ltr'>populo</span> <span class='ocrx_word' id='word_1_165' title='bbox 1129 2055 1199 2105; x_wconf 82' lang='lat' dir='ltr'>tulit:</span> <span class='ocrx_word' id='word_1_166' title='bbox 1217 2073 1306 2106; x_wconf 83' lang='lat' dir='ltr'>oesouae</span> 
     </span>
    </p>
   </div>
   <div class='ocr_carea' id='block_1_5' title="bbox 212 2130 887 2200">
    <p class='ocr_par' dir='ltr' id='par_1_5' title="bbox 212 2130 887 2200">
     <span class='ocr_line' id='line_1_20' title="bbox 212 2130 887 2200; baseline -0.003 -16"><span class='ocrx_word' id='word_1_167' title='bbox 212 2142 288 2194; x_wconf 82' lang='lat' dir='ltr'>autern</span> <span class='ocrx_word' id='word_1_168' title='bbox 299 2130 489 2200; x_wconf 67' lang='lat' dir='ltr'>prediostieuem</span> <span class='ocrx_word' id='word_1_169' title='bbox 497 2132 547 2182; x_wconf 82' lang='lat' dir='ltr'>fieri</span> <span class='ocrx_word' id='word_1_170' title='bbox 558 2132 681 2198; x_wconf 69' lang='lat' dir='ltr'>Dionpdis</span> <span class='ocrx_word' id='word_1_171' title='bbox 691 2132 801 2194; x_wconf 72' lang='lat' dir='ltr'>tragoedis</span> <span class='ocrx_word' id='word_1_172' title='bbox 811 2134 887 2182; x_wconf 84' lang='lat' dir='ltr'>noris</span> 
     </span>
    </p>
   </div>
   <div class='ocr_carea' id='block_1_6' title="bbox 401 2242 959 2332">
    <p class='ocr_par' dir='ltr' id='par_1_6' title="bbox 401 2242 959 2332">
     <span class='ocr_line' id='line_1_21' title="bbox 401 2242 959 2332; baseline 0.002 -2"><span class='ocrx_word' id='word_1_173' title='bbox 401 2242 405 2250; x_wconf 85' lang='grc'><strong>’</strong></span> <span class='ocrx_word' id='word_1_174' title='bbox 492 2255 493 2258; x_wconf 67' lang='lat'>‘</span> <span class='ocrx_word' id='word_1_175' title='bbox 564 2267 696 2332; x_wconf 74' lang='lat' dir='ltr'>struo</span> <span class='ocrx_word' id='word_1_176' title='bbox 718 2267 959 2331; x_wconf 77' lang='lat' dir='ltr'>natussum.</span> 
     </span>
    </p>
   </div>
   <div class='ocr_carea' id='block_1_7' title="bbox 208 2381 1307 2848">
    <p class='ocr_par' dir='ltr' id='par_1_7' title="bbox 208 2381 1307 2848">
     <span class='ocr_line' id='line_1_22' title="bbox 240 2381 1303 2466; baseline -0.009 -9"><span class='ocrx_word' id='word_1_177' title='bbox 240 2405 308 2459; x_wconf 79' lang='lat' dir='ltr'>Dixit</span> <span class='ocrx_word' id='word_1_178' title='bbox 325 2405 414 2454; x_wconf 76' lang='lat' dir='ltr'>Gallias</span> <span class='ocrx_word' id='word_1_179' title='bbox 429 2403 591 2460; x_wconf 84' lang='lat' dir='ltr'>Phrearrhins,</span> <span class='ocrx_word' id='word_1_180' title='bbox 607 2403 745 2466; x_wconf 76' lang='lat' dir='ltr'>prytauibue</span> <span class='ocrx_word' id='word_1_181' title='bbox 763 2400 793 2446; x_wconf 88' lang='lat' dir='ltr'>de</span> <span class='ocrx_word' id='word_1_182' title='bbox 812 2399 926 2447; x_wconf 85' lang='lat' dir='ltr'>sententia</span> <span class='ocrx_word' id='word_1_183' title='bbox 947 2407 1041 2448; x_wconf 83' lang='lat' dir='ltr'>senatus</span> <span class='ocrx_word' id='word_1_184' title='bbox 1061 2381 1135 2449; x_wconf 63' lang='lat' dir='ltr'>reebt</span> <span class='ocrx_word' id='word_1_185' title='bbox 1148 2401 1303 2452; x_wconf 79' lang='lat' dir='ltr'>laniantibus:</span> 
     </span>
     <span class='ocr_line' id='line_1_23' title="bbox 212 2475 1307 2543; baseline -0.007 -11"><span class='ocrx_word' id='word_1_186' title='bbox 212 2483 326 2543; x_wconf 84' lang='lat' dir='ltr'>Quorsiarn</span> <span class='ocrx_word' id='word_1_187' title='bbox 337 2482 488 2530; x_wconf 72' lang='lat' dir='ltr'>Charidemus</span> <span class='ocrx_word' id='word_1_188' title='bbox 499 2480 602 2543; x_wconf 85' lang='lat' dir='ltr'>peditum</span> <span class='ocrx_word' id='word_1_189' title='bbox 619 2479 743 2538; x_wconf 75' lang='lat' dir='ltr'>puniemus</span> <span class='ocrx_word' id='word_1_190' title='bbox 754 2492 807 2523; x_wconf 89' lang='lat' dir='ltr'>oum</span> <span class='ocrx_word' id='word_1_191' title='bbox 817 2475 890 2524; x_wconf 81' lang='lat' dir='ltr'>alasse</span> <span class='ocrx_word' id='word_1_192' title='bbox 898 2475 1037 2524; x_wconf 72' lang='lat' dir='ltr'>Salaminem</span> <span class='ocrx_word' id='word_1_193' title='bbox 1048 2478 1143 2535; x_wconf 86' lang='lat' dir='ltr'>missus,</span> <span class='ocrx_word' id='word_1_194' title='bbox 1154 2485 1179 2526; x_wconf 88' lang='lat' dir='ltr'>et</span> <span class='ocrx_word' id='word_1_195' title='bbox 1190 2477 1307 2526; x_wconf 85' lang='lat' dir='ltr'>Diotisuus</span> 
     </span>
     <span class='ocr_line' id='line_1_24' title="bbox 211 2541 1307 2630; baseline -0.005 -23"><span class='ocrx_word' id='word_1_196' title='bbox 211 2541 327 2630; x_wconf 38' lang='lat' dir='ltr'>magister·</span> <span class='ocrx_word' id='word_1_197' title='bbox 334 2556 444 2626; x_wconf 82' lang='lat' dir='ltr'>equiturn,</span> <span class='ocrx_word' id='word_1_198' title='bbox 456 2557 480 2602; x_wconf 89' lang='lat' dir='ltr'>in</span> <span class='ocrx_word' id='word_1_199' title='bbox 495 2569 573 2616; x_wconf 75' lang='lat' dir='ltr'>pugna</span> <span class='ocrx_word' id='word_1_200' title='bbox 589 2569 641 2614; x_wconf 83' lang='lat' dir='ltr'>quae</span> <span class='ocrx_word' id='word_1_201' title='bbox 657 2554 686 2601; x_wconf 90' lang='lat' dir='ltr'>ad</span> <span class='ocrx_word' id='word_1_202' title='bbox 704 2551 799 2600; x_wconf 84' lang='lat' dir='ltr'>fluvium</span> <span class='ocrx_word' id='word_1_203' title='bbox 816 2553 938 2601; x_wconf 76' lang='lat' dir='ltr'>commisse</span> <span class='ocrx_word' id='word_1_204' title='bbox 955 2559 1000 2610; x_wconf 89' lang='lat' dir='ltr'>est,</span> <span class='ocrx_word' id='word_1_205' title='bbox 1015 2553 1132 2602; x_wconf 89' lang='lat' dir='ltr'>nonnullis</span> <span class='ocrx_word' id='word_1_206' title='bbox 1150 2555 1264 2602; x_wconf 85' lang='lat' dir='ltr'>militibus</span> <span class='ocrx_word' id='word_1_207' title='bbox 1278 2556 1307 2602; x_wconf 89' lang='lat' dir='ltr'>ab</span> 
     </span>
     <span class='ocr_line' id='line_1_25' title="bbox 210 2621 1307 2696; baseline -0.005 -14"><span class='ocrx_word' id='word_1_208' title='bbox 210 2635 315 2695; x_wconf 78' lang='lat' dir='ltr'>hostibus</span> <span class='ocrx_word' id='word_1_209' title='bbox 323 2621 441 2694; x_wconf 85' lang='lat' dir='ltr'>spoliatls,</span> <span class='ocrx_word' id='word_1_210' title='bbox 453 2630 502 2678; x_wconf 90' lang='lat' dir='ltr'>suis</span> <span class='ocrx_word' id='word_1_211' title='bbox 513 2627 644 2691; x_wconf 82' lang='lat' dir='ltr'>sumptibus</span> <span class='ocrx_word' id='word_1_212' title='bbox 655 2621 815 2696; x_wconf 81' lang='lat' dir='ltr'>adolescentes</span> <span class='ocrx_word' id='word_1_213' title='bbox 827 2635 942 2676; x_wconf 85' lang='lat' dir='ltr'>armarunt</span> <span class='ocrx_word' id='word_1_214' title='bbox 952 2628 1042 2692; x_wconf 76' lang='lat' dir='ltr'>elypeis</span> <span class='ocrx_word' id='word_1_215' title='bbox 1055 2630 1204 2691; x_wconf 70' lang='lat' dir='ltr'>octingentis,</span> <span class='ocrx_word' id='word_1_216' title='bbox 1214 2631 1307 2692; x_wconf 87' lang='lat' dir='ltr'>placere</span> 
     </span>
     <span class='ocr_line' id='line_1_26' title="bbox 209 2689 1306 2776; baseline -0.005 -17"><span class='ocrx_word' id='word_1_217' title='bbox 209 2710 300 2776; x_wconf 81' lang='lat' dir='ltr'>senatui</span> <span class='ocrx_word' id='word_1_218' title='bbox 310 2701 443 2771; x_wconf 78' lang='lat' dir='ltr'>populoque</span> <span class='ocrx_word' id='word_1_219' title='bbox 452 2707 533 2753; x_wconf 87' lang='lat' dir='ltr'>donari</span> <span class='ocrx_word' id='word_1_220' title='bbox 544 2689 708 2759; x_wconf 75' lang='lat' dir='ltr'>Charidemum</span> <span class='ocrx_word' id='word_1_221' title='bbox 718 2707 744 2752; x_wconf 88' lang='lat' dir='ltr'>et</span> <span class='ocrx_word' id='word_1_222' title='bbox 754 2704 882 2751; x_wconf 83' lang='lat' dir='ltr'>Diotimnm</span> <span class='ocrx_word' id='word_1_223' title='bbox 897 2719 966 2752; x_wconf 86' lang='lat' dir='ltr'>sares</span> <span class='ocrx_word' id='word_1_224' title='bbox 977 2719 1070 2761; x_wconf 81' lang='lat' dir='ltr'>aurona,</span> <span class='ocrx_word' id='word_1_225' title='bbox 1087 2707 1183 2768; x_wconf 74' lang='lat' dir='ltr'>eiusque</span> <span class='ocrx_word' id='word_1_226' title='bbox 1194 2706 1306 2768; x_wconf 78' lang='lat' dir='ltr'>praediea·</span> 
     </span>
     <span class='ocr_line' id='line_1_27' title="bbox 208 2773 1306 2848; baseline -0.002 -14"><span class='ocrx_word' id='word_1_227' title='bbox 208 2787 296 2844; x_wconf 80' lang='lat' dir='ltr'>tionem</span> <span class='ocrx_word' id='word_1_228' title='bbox 307 2784 357 2832; x_wconf 86' lang='lat' dir='ltr'>fieri</span> <span class='ocrx_word' id='word_1_229' title='bbox 367 2783 525 2832; x_wconf 76' lang='lat' dir='ltr'>rensueneis</span> <span class='ocrx_word' id='word_1_230' title='bbox 534 2781 656 2843; x_wconf 52' lang='lat' dir='ltr'>nemisia</span> <span class='ocrx_word' id='word_1_231' title='bbox 666 2779 774 2844; x_wconf 57' lang='lat' dir='ltr'>grmnine</span> <span class='ocrx_word' id='word_1_232' title='bbox 785 2780 909 2833; x_wconf 66' lang='lat' dir='ltr'>namne</span> <span class='ocrx_word' id='word_1_233' title='bbox 921 2789 946 2830; x_wconf 85' lang='lat' dir='ltr'>et</span> <span class='ocrx_word' id='word_1_234' title='bbox 955 2773 1080 2843; x_wconf 72' lang='lat' dir='ltr'>Dionysii·</span> <span class='ocrx_word' id='word_1_235' title='bbox 1096 2783 1211 2848; x_wconf 73' lang='lat' dir='ltr'>tssgoedis</span> <span class='ocrx_word' id='word_1_236' title='bbox 1225 2784 1306 2832; x_wconf 72' lang='lat' dir='ltr'>noviss</span> 
     </span>
    </p>
   </div>
   <div class='ocr_carea' id='block_1_8' title="bbox 208 2858 1276 2934">
    <p class='ocr_par' dir='ltr' id='par_1_8' title="bbox 208 2858 1276 2934">
     <span class='ocr_line' id='line_1_28' title="bbox 208 2858 1276 2934; baseline -0.003 -21"><span class='ocrx_word' id='word_1_237' title='bbox 208 2860 381 2934; x_wconf 74' lang='lat' dir='ltr'>praedieationiq</span> <span class='ocrx_word' id='word_1_238' title='bbox 392 2865 468 2909; x_wconf 86' lang='lat' dir='ltr'>autem</span> <span class='ocrx_word' id='word_1_239' title='bbox 479 2875 557 2911; x_wconf 79' lang='lat' dir='ltr'>curam</span> <span class='ocrx_word' id='word_1_240' title='bbox 568 2859 653 2910; x_wconf 86' lang='lat' dir='ltr'>habere</span> <span class='ocrx_word' id='word_1_241' title='bbox 663 2858 838 2918; x_wconf 84' lang='lat' dir='ltr'>thesmuthetss,</span> <span class='ocrx_word' id='word_1_242' title='bbox 847 2865 966 2922; x_wconf 75' lang='lat' dir='ltr'>prytanea,</span> <span class='ocrx_word' id='word_1_243' title='bbox 978 2859 1129 2914; x_wconf 62' lang='lat' dir='ltr'>terminum</span> <span class='ocrx_word' id='word_1_244' title='bbox 1142 2861 1276 2922; x_wconf 65' lang='lat' dir='ltr'>protentos.</span> 
     </span>
    </p>
   </div>
   <div class='ocr_carea' id='block_1_9' title="bbox 206 2959 1312 4170">
    <p class='ocr_par' dir='ltr' id='par_1_9' title="bbox 206 2959 1312 4170">
     <span class='ocr_line' id='line_1_29' title="bbox 252 2959 1309 3054; baseline -0.006 -16"><span class='ocrx_word' id='word_1_245' title='bbox 252 2981 300 3038; x_wconf 80' lang='lat'>35.</span> <span class='ocrx_word' id='word_1_246' title='bbox 317 2977 435 3043; x_wconf 58' lang='lat' dir='ltr'>*Horum</span> <span class='ocrx_word' id='word_1_247' title='bbox 447 2975 657 3054; x_wconf 81' lang='lat' dir='ltr'>unusquisque,</span> <span class='ocrx_word' id='word_1_248' title='bbox 671 2971 820 3046; x_wconf 82' lang='lat' dir='ltr'>AEsehiue,</span> <span class='ocrx_word' id='word_1_249' title='bbox 835 2973 1033 3052; x_wconf 74' lang='lat' dir='ltr'>magistratus,</span> <span class='ocrx_word' id='word_1_250' title='bbox 1053 2959 1141 3053; x_wconf 89' lang='lat' dir='ltr'>quem</span> <span class='ocrx_word' id='word_1_251' title='bbox 1159 2973 1239 3046; x_wconf 74' lang='lat' dir='ltr'>obr&#39;it,</span> <span class='ocrx_word' id='word_1_252' title='bbox 1261 2993 1309 3032; x_wconf 85' lang='lat' dir='ltr'>ra·</span> 
     </span>
     <span class='ocr_line' id='line_1_30' title="bbox 209 3061 1308 3154; baseline -0.007 -22"><span class='ocrx_word' id='word_1_253' title='bbox 209 3072 304 3133; x_wconf 69' lang='lat' dir='ltr'>henes</span> <span class='ocrx_word' id='word_1_254' title='bbox 317 3070 439 3130; x_wconf 87' lang='lat' dir='ltr'>reddere</span> <span class='ocrx_word' id='word_1_255' title='bbox 454 3069 592 3141; x_wconf 87' lang='lat' dir='ltr'>debebat,</span> <span class='ocrx_word' id='word_1_256' title='bbox 605 3061 658 3127; x_wconf 78' lang='lat' dir='ltr'>se&#39;d</span> <span class='ocrx_word' id='word_1_257' title='bbox 672 3085 772 3126; x_wconf 85' lang='lat' dir='ltr'>eorum</span> <span class='ocrx_word' id='word_1_258' title='bbox 790 3075 908 3154; x_wconf 84' lang='lat' dir='ltr'>propter</span> <span class='ocrx_word' id='word_1_259' title='bbox 921 3085 988 3145; x_wconf 74' lang='lat' dir='ltr'>qum</span> <span class='ocrx_word' id='word_1_260' title='bbox 1004 3084 1112 3126; x_wconf 88' lang='lat' dir='ltr'>corona</span> <span class='ocrx_word' id='word_1_261' title='bbox 1133 3065 1308 3140; x_wconf 79' lang='lat' dir='ltr'>donabatur,</span> 
     </span>
     <span class='ocr_line' id='line_1_31' title="bbox 209 3158 1309 3242; baseline -0.004 -18"><span class='ocrx_word' id='word_1_262' title='bbox 209 3165 335 3224; x_wconf 77' lang='lat' dir='ltr'>minime.</span> <span class='ocrx_word' id='word_1_263' title='bbox 368 3163 418 3223; x_wconf 84' lang='lat' dir='ltr'>Ne</span> <span class='ocrx_word' id='word_1_264' title='bbox 429 3182 486 3242; x_wconf 80' lang='lat' dir='ltr'>ego</span> <span class='ocrx_word' id='word_1_265' title='bbox 499 3161 638 3240; x_wconf 89' lang='lat' dir='ltr'>quidem</span> <span class='ocrx_word' id='word_1_266' title='bbox 631 3159 734 3239; x_wconf 82' lang='lat' dir='ltr'>igitur:</span> <span class='ocrx_word' id='word_1_267' title='bbox 762 3159 865 3220; x_wconf 85' lang='lat' dir='ltr'>eadem</span> <span class='ocrx_word' id='word_1_268' title='bbox 878 3160 955 3218; x_wconf 89' lang='lat' dir='ltr'>enim</span> <span class='ocrx_word' id='word_1_269' title='bbox 968 3159 1034 3240; x_wconf 74' lang='lat' dir='ltr'>jura</span> <span class='ocrx_word' id='word_1_270' title='bbox 1051 3158 1175 3220; x_wconf 88' lang='lat' dir='ltr'>iisdem</span> <span class='ocrx_word' id='word_1_271' title='bbox 1168 3179 1198 3220; x_wconf 84' lang='lat' dir='ltr'>sn</span> <span class='ocrx_word' id='word_1_272' title='bbox 1217 3161 1309 3220; x_wconf 87' lang='lat' dir='ltr'>rebus</span> 
     </span>
     <span class='ocr_line' id='line_1_32' title="bbox 209 3247 1310 3342; baseline -0.004 -26"><span class='ocrx_word' id='word_1_273' title='bbox 209 3257 280 3316; x_wconf 84' lang='lat' dir='ltr'>mihi</span> <span class='ocrx_word' id='word_1_274' title='bbox 293 3263 362 3316; x_wconf 89' lang='lat' dir='ltr'>sunt</span> <span class='ocrx_word' id='word_1_275' title='bbox 381 3273 447 3316; x_wconf 88' lang='lat' dir='ltr'>cum</span> <span class='ocrx_word' id='word_1_276' title='bbox 461 3255 523 3314; x_wconf 87' lang='lat' dir='ltr'>aliis</span> <span class='ocrx_word' id='word_1_277' title='bbox 537 3247 705 3314; x_wconf 81' lang='lat' dir='ltr'>communia</span> <span class='ocrx_word' id='word_1_278' title='bbox 724 3251 843 3313; x_wconf 84' lang='lat' dir='ltr'>seilicet.</span> <span class='ocrx_word' id='word_1_279' title='bbox 866 3251 1001 3342; x_wconf 71' lang='lat' dir='ltr'>Donavit</span> <span class='ocrx_word' id='word_1_280' title='bbox 1028 3259 1181 3332; x_wconf 87' lang='lat' dir='ltr'>propterea</span> <span class='ocrx_word' id='word_1_281' title='bbox 1192 3252 1310 3330; x_wconf 82' lang='lat' dir='ltr'>laudor,</span> 
     </span>
     <span class='ocr_line' id='line_1_33' title="bbox 209 3331 1312 3426; baseline -0.007 -16"><span class='ocrx_word' id='word_1_282' title='bbox 209 3368 269 3410; x_wconf 88' lang='lat' dir='ltr'>non</span> <span class='ocrx_word' id='word_1_283' title='bbox 283 3367 462 3426; x_wconf 88' lang='lat' dir='ltr'>eorumquae</span> <span class='ocrx_word' id='word_1_284' title='bbox 476 3346 583 3407; x_wconf 84' lang='lat' dir='ltr'>donari</span> <span class='ocrx_word' id='word_1_285' title='bbox 596 3347 722 3406; x_wconf 84' lang='lat' dir='ltr'>rationes</span> <span class='ocrx_word' id='word_1_286' title='bbox 736 3335 843 3404; x_wconf 73' lang='lat' dir='ltr'>referre</span> <span class='ocrx_word' id='word_1_287' title='bbox 857 3331 968 3404; x_wconf 81' lang='lat' dir='ltr'>teneor.</span> <span class='ocrx_word' id='word_1_288' title='bbox 993 3343 1186 3424; x_wconf 82' lang='lat' dir='ltr'>Magistratus</span> <span class='ocrx_word' id='word_1_289' title='bbox 1203 3341 1312 3422; x_wconf 76' lang='lat' dir='ltr'>gessi?</span> 
     </span>
     <span class='ocr_line' id='line_1_34' title="bbox 208 3430 1310 3517; baseline -0.005 -15"><span class='ocrx_word' id='word_1_290' title='bbox 208 3453 352 3502; x_wconf 88' lang='lat' dir='ltr'>eteorum</span> <span class='ocrx_word' id='word_1_291' title='bbox 366 3438 483 3517; x_wconf 87' lang='lat' dir='ltr'>quidem</span> <span class='ocrx_word' id='word_1_292' title='bbox 497 3430 802 3509; x_wconf 84' lang='lat' dir='ltr'>rationesretuli,non</span> <span class='ocrx_word' id='word_1_293' title='bbox 817 3455 998 3516; x_wconf 82' lang='lat' dir='ltr'>eorumquae</span> <span class='ocrx_word' id='word_1_294' title='bbox 1014 3436 1078 3496; x_wconf 91' lang='lat' dir='ltr'>de</span> <span class='ocrx_word' id='word_1_295' title='bbox 1070 3455 1137 3496; x_wconf 89' lang='lat' dir='ltr'>meo</span> <span class='ocrx_word' id='word_1_296' title='bbox 1151 3435 1229 3496; x_wconf 88' lang='lat' dir='ltr'>de&#39;di.</span> <span class='ocrx_word' id='word_1_297' title='bbox 1267 3435 1310 3496; x_wconf 88' lang='lat' dir='ltr'>At</span> 
     </span>
     <span class='ocr_line' id='line_1_35' title="bbox 207 3514 1311 3612; baseline -0.006 -15"><span class='ocrx_word' id='word_1_298' title='bbox 207 3533 328 3597; x_wconf 80' lang='lat' dir='ltr'>hercule</span> <span class='ocrx_word' id='word_1_299' title='bbox 339 3532 418 3594; x_wconf 82' lang='lat' dir='ltr'>male</span> <span class='ocrx_word' id='word_1_300' title='bbox 439 3553 518 3612; x_wconf 85' lang='lat' dir='ltr'>gess1</span> <span class='ocrx_word' id='word_1_301' title='bbox 509 3530 758 3612; x_wconf 63' lang='lat' dir='ltr'>magistratum?</span> <span class='ocrx_word' id='word_1_302' title='bbox 776 3529 863 3590; x_wconf 83' lang='lat' dir='ltr'>(lun</span> <span class='ocrx_word' id='word_1_303' title='bbox 855 3531 943 3610; x_wconf 80' lang='lat' dir='ltr'>igitur</span> <span class='ocrx_word' id='word_1_304' title='bbox 959 3536 991 3588; x_wconf 89' lang='lat' dir='ltr'>tu</span> <span class='ocrx_word' id='word_1_305' title='bbox 1015 3529 1064 3609; x_wconf 90' lang='lat' dir='ltr'>qui</span> <span class='ocrx_word' id='word_1_306' title='bbox 1084 3514 1213 3603; x_wconf 83' lang='lat' dir='ltr'>adesses,</span> <span class='ocrx_word' id='word_1_307' title='bbox 1237 3551 1311 3590; x_wconf 87' lang='lat' dir='ltr'>cum</span> 
     </span>
     <span class='ocr_line' id='line_1_36' title="bbox 207 3612 1311 3710; baseline -0.005 -20"><span class='ocrx_word' id='word_1_308' title='bbox 207 3650 255 3690; x_wconf 88' lang='lat' dir='ltr'>me</span> <span class='ocrx_word' id='word_1_309' title='bbox 269 3627 413 3688; x_wconf 87' lang='lat' dir='ltr'>rationum</span> <span class='ocrx_word' id='word_1_310' title='bbox 427 3626 578 3704; x_wconf 78' lang='lat' dir='ltr'>proelecti</span> <span class='ocrx_word' id='word_1_311' title='bbox 570 3647 601 3684; x_wconf 87' lang='grc' dir='ltr'>ιι</span> <span class='ocrx_word' id='word_1_312' title='bbox 611 3625 721 3685; x_wconf 82' lang='lat' dir='ltr'>curiam</span> <span class='ocrx_word' id='word_1_313' title='bbox 734 3641 821 3684; x_wconf 84' lang='lat' dir='ltr'>suam</span> <span class='ocrx_word' id='word_1_314' title='bbox 827 3615 981 3696; x_wconf 65' lang='lat' dir='ltr'>vocabant,</span> <span class='ocrx_word' id='word_1_315' title='bbox 990 3643 1049 3684; x_wconf 89' lang='lat' dir='ltr'>non</span> <span class='ocrx_word' id='word_1_316' title='bbox 1060 3612 1245 3682; x_wconf 79' lang='lat' dir='ltr'>aeonsabas⁷</span> <span class='ocrx_word' id='word_1_317' title='bbox 1264 3620 1311 3710; x_wconf 81' lang='lat' dir='ltr'>Ut</span> 
     </span>
     <span class='ocr_line' id='line_1_37' title="bbox 207 3716 1311 3802; baseline -0.005 -20"><span class='ocrx_word' id='word_1_318' title='bbox 207 3722 295 3802; x_wconf 82' lang='lat' dir='ltr'>igitur</span> <span class='ocrx_word' id='word_1_319' title='bbox 308 3719 407 3781; x_wconf 80' lang='lat' dir='ltr'>sciatis</span> <span class='ocrx_word' id='word_1_320' title='bbox 420 3716 509 3778; x_wconf 87' lang='lat' dir='ltr'>istum</span> <span class='ocrx_word' id='word_1_321' title='bbox 521 3717 617 3797; x_wconf 89' lang='lat' dir='ltr'>ipsum</span> <span class='ocrx_word' id='word_1_322' title='bbox 631 3717 700 3776; x_wconf 86' lang='lat' dir='ltr'>mihi</span> <span class='ocrx_word' id='word_1_323' title='bbox 719 3726 825 3777; x_wconf 83' lang='lat' dir='ltr'>testem</span> <span class='ocrx_word' id='word_1_324' title='bbox 838 3735 912 3789; x_wconf 86' lang='lat' dir='ltr'>esse,</span> <span class='ocrx_word' id='word_1_325' title='bbox 926 3736 973 3776; x_wconf 89' lang='lat' dir='ltr'>me</span> <span class='ocrx_word' id='word_1_326' title='bbox 991 3717 1029 3776; x_wconf 89' lang='lat' dir='ltr'>ob</span> <span class='ocrx_word' id='word_1_327' title='bbox 1041 3735 1078 3792; x_wconf 86' lang='lat' dir='ltr'>ea</span> <span class='ocrx_word' id='word_1_328' title='bbox 1091 3716 1128 3776; x_wconf 89' lang='lat' dir='ltr'>de</span> <span class='ocrx_word' id='word_1_329' title='bbox 1142 3717 1247 3798; x_wconf 85' lang='lat' dir='ltr'>quibus</span> <span class='ocrx_word' id='word_1_330' title='bbox 1262 3737 1311 3776; x_wconf 88' lang='lat' dir='ltr'>ra-</span> 
     </span>
     <span class='ocr_line' id='line_1_38' title="bbox 206 3805 1312 3892; baseline -0.005 -17"><span class='ocrx_word' id='word_1_331' title='bbox 206 3815 301 3875; x_wconf 85' lang='lat' dir='ltr'>tiories</span> <span class='ocrx_word' id='word_1_332' title='bbox 319 3813 443 3874; x_wconf 83' lang='lat' dir='ltr'>reddere</span> <span class='ocrx_word' id='word_1_333' title='bbox 456 3829 516 3871; x_wconf 89' lang='lat' dir='ltr'>non</span> <span class='ocrx_word' id='word_1_334' title='bbox 533 3805 774 3871; x_wconf 84' lang='lat' dir='ltr'>tenebareorone</span> <span class='ocrx_word' id='word_1_335' title='bbox 787 3831 851 3870; x_wconf 88' lang='lat' dir='ltr'>esse</span> <span class='ocrx_word' id='word_1_336' title='bbox 865 3811 1022 3881; x_wconf 80' lang='lat' dir='ltr'>donatum,</span> <span class='ocrx_word' id='word_1_337' title='bbox 1043 3827 1115 3892; x_wconf 78' lang='lat' dir='ltr'>cape</span> <span class='ocrx_word' id='word_1_338' title='bbox 1133 3808 1200 3868; x_wconf 91' lang='lat' dir='ltr'>mihi</span> <span class='ocrx_word' id='word_1_339' title='bbox 1215 3820 1250 3870; x_wconf 85' lang='lat' dir='ltr'>et</span> <span class='ocrx_word' id='word_1_340' title='bbox 1263 3830 1312 3869; x_wconf 91' lang='lat' dir='ltr'>re-</span> 
     </span>
     <span class='ocr_line' id='line_1_39' title="bbox 208 3903 1312 3986; baseline -0.003 -19"><span class='ocrx_word' id='word_1_341' title='bbox 208 3906 268 3967; x_wconf 82' lang='lat' dir='ltr'>cita</span> <span class='ocrx_word' id='word_1_342' title='bbox 286 3917 379 3967; x_wconf 82' lang='lat' dir='ltr'>totum</span> <span class='ocrx_word' id='word_1_343' title='bbox 400 3905 551 3986; x_wconf 85' lang='lat' dir='ltr'>decretum</span> <span class='ocrx_word' id='word_1_344' title='bbox 564 3903 603 3962; x_wconf 87' lang='lat' dir='ltr'>de</span> <span class='ocrx_word' id='word_1_345' title='bbox 623 3923 672 3963; x_wconf 85' lang='lat' dir='ltr'>rue</span> <span class='ocrx_word' id='word_1_346' title='bbox 689 3903 820 3965; x_wconf 82' lang='lat' dir='ltr'>iactum:</span> <span class='ocrx_word' id='word_1_347' title='bbox 841 3925 878 3964; x_wconf 87' lang='lat' dir='ltr'>ex</span> <span class='ocrx_word' id='word_1_348' title='bbox 897 3904 932 3964; x_wconf 88' lang='lat' dir='ltr'>iis</span> <span class='ocrx_word' id='word_1_349' title='bbox 952 3904 1028 3962; x_wconf 87' lang='lat' dir='ltr'>enim</span> <span class='ocrx_word' id='word_1_350' title='bbox 1047 3915 1114 3983; x_wconf 78' lang='lat' dir='ltr'>quae</span> <span class='ocrx_word' id='word_1_351' title='bbox 1134 3903 1163 3960; x_wconf 88' lang='lat' dir='ltr'>iu</span> <span class='ocrx_word' id='word_1_352' title='bbox 1184 3913 1312 3964; x_wconf 87' lang='lat' dir='ltr'>senatus</span> 
     </span>
     <span class='ocr_line' id='line_1_40' title="bbox 207 3994 1311 4086; baseline -0.002 -30"><span class='ocrx_word' id='word_1_353' title='bbox 207 4000 402 4086; x_wconf 83' lang='lat' dir='ltr'>praeconsulto</span> <span class='ocrx_word' id='word_1_354' title='bbox 417 4019 477 4059; x_wconf 90' lang='lat' dir='ltr'>uon</span> <span class='ocrx_word' id='word_1_355' title='bbox 497 3997 673 4069; x_wconf 84' lang='lat' dir='ltr'>criminatur,</span> <span class='ocrx_word' id='word_1_356' title='bbox 691 3996 884 4084; x_wconf 84' lang='lat' dir='ltr'>calumniator</span> <span class='ocrx_word' id='word_1_357' title='bbox 903 3995 1061 4082; x_wconf 86' lang='lat' dir='ltr'>reperietur</span> <span class='ocrx_word' id='word_1_358' title='bbox 1074 3995 1104 4053; x_wconf 92' lang='lat' dir='ltr'>in</span> <span class='ocrx_word' id='word_1_359' title='bbox 1126 3994 1161 4053; x_wconf 87' lang='lat' dir='ltr'>iis</span> <span class='ocrx_word' id='word_1_360' title='bbox 1177 4013 1248 4086; x_wconf 84' lang='lat' dir='ltr'>quae</span> <span class='ocrx_word' id='word_1_361' title='bbox 1259 3996 1311 4078; x_wconf 80' lang='lat' dir='ltr'>ju·</span> 
     </span>
     <span class='ocr_line' id='line_1_41' title="bbox 209 4087 640 4170; baseline 0 -22"><span class='ocrx_word' id='word_1_362' title='bbox 209 4087 287 4155; x_wconf 83' lang='lat' dir='ltr'>dibio</span> <span class='ocrx_word' id='word_1_363' title='bbox 299 4087 492 4170; x_wconf 82' lang='lat' dir='ltr'>persequitur.</span> <span class='ocrx_word' id='word_1_364' title='bbox 528 4089 640 4150; x_wconf 79' lang='lat' dir='ltr'>Recita.</span> 
     </span>
    </p>
   </div>
   <div class='ocr_carea' id='block_1_10' title="bbox 513 4245 872 4316">
    <p class='ocr_par' dir='ltr' id='par_1_10' title="bbox 513 4245 872 4316">
     <span class='ocr_line' id='line_1_42' title="bbox 513 4245 872 4316; baseline -0.006 -2"><span class='ocrx_word' id='word_1_365' title='bbox 513 4245 517 4249; x_wconf 40' lang='lat'><strong>¹</strong></span> <span class='ocrx_word' id='word_1_366' title='bbox 623 4251 872 4316; x_wconf 81' lang='lat' dir='ltr'><strong>DECRETUM.</strong></span> 
     </span>
    </p>
   </div>
   <div class='ocr_carea' id='block_1_11' title="bbox 205 4345 1314 4523">
    <p class='ocr_par' dir='ltr' id='par_1_11' title="bbox 205 4345 1314 4523">
     <span class='ocr_line' id='line_1_43' title="bbox 238 4345 1314 4444; baseline 0 -15"><span class='ocrx_word' id='word_1_367' title='bbox 238 4345 490 4440; x_wconf 66' lang='lat' dir='ltr'>Arehonte&#39;llnthyola</span> <span class='ocrx_word' id='word_1_368' title='bbox 501 4375 669 4444; x_wconf 75' lang='lat' dir='ltr'>Pyaneps&#39;iouis</span> <span class='ocrx_word' id='word_1_369' title='bbox 680 4385 718 4432; x_wconf 90' lang='lat' dir='ltr'>die</span> <span class='ocrx_word' id='word_1_370' title='bbox 731 4399 809 4440; x_wconf 61' lang='grc' dir='ltr'><strong>χιιι,</strong></span> <span class='ocrx_word' id='word_1_371' title='bbox 822 4363 883 4430; x_wconf 87' lang='lat' dir='ltr'>tribu</span> <span class='ocrx_word' id='word_1_372' title='bbox 896 4365 996 4428; x_wconf 84' lang='lat' dir='ltr'>OEneide</span> <span class='ocrx_word' id='word_1_373' title='bbox 1011 4349 1159 4442; x_wconf 81' lang='lat' dir='ltr'>praesidente,</span> <span class='ocrx_word' id='word_1_374' title='bbox 1168 4345 1314 4442; x_wconf 37' lang='lat' dir='ltr'>&#39;Ctesiphon</span> 
     </span>
     <span class='ocr_line' id='line_1_44' title="bbox 205 4455 1313 4523; baseline -0.003 -13"><span class='ocrx_word' id='word_1_375' title='bbox 205 4459 343 4510; x_wconf 67' lang='lat' dir='ltr'>leosthenis</span> <span class='ocrx_word' id='word_1_376' title='bbox 352 4459 369 4508; x_wconf 87' lang='lat' dir='ltr'>l.</span> <span class='ocrx_word' id='word_1_377' title='bbox 380 4457 548 4521; x_wconf 78' lang='lat' dir='ltr'>Anaphlyetius</span> <span class='ocrx_word' id='word_1_378' title='bbox 557 4461 639 4510; x_wconf 81' lang='lat' dir='ltr'>retulit</span> <span class='ocrx_word' id='word_1_379' title='bbox 649 4479 655 4510; x_wconf 74' lang='grc' dir='ltr'><strong>ι</strong></span> <span class='ocrx_word' id='word_1_380' title='bbox 673 4463 788 4523; x_wconf 64' lang='lat' dir='ltr'>Quoniam</span> <span class='ocrx_word' id='word_1_381' title='bbox 800 4456 972 4512; x_wconf 70' lang='lat' dir='ltr'>ueneratione</span> <span class='ocrx_word' id='word_1_382' title='bbox 980 4455 1146 4506; x_wconf 80' lang='lat' dir='ltr'>Demosthenis</span> <span class='ocrx_word' id='word_1_383' title='bbox 1156 4455 1174 4502; x_wconf 81' lang='lat' dir='ltr'>l.</span> <span class='ocrx_word' id='word_1_384' title='bbox 1185 4455 1313 4506; x_wconf 84' lang='lat' dir='ltr'>Pseuuiere·</span> 
     </span>
    </p>
   </div>
   <div class='ocr_carea' id='block_1_12' title="bbox 0 0 1448 4946">
    <p class='ocr_par' dir='ltr' id='par_1_12' title="bbox 0 0 1448 4946">
     <span class='ocr_line' id='line_1_45' title="bbox 0 0 1448 4946; baseline 0 2"><span class='ocrx_word' id='word_1_385' title='bbox 0 0 1448 4946; x_wconf 95' lang='lat' dir='ltr'> </span> 
     </span>
    </p>
   </div>
  </div>
 </body>
</html>
