2912 4946
377 334 919 406 ooNTas‘ARtSTOGITONEM
941 343 984 406 11.
1181 347 1245 409 tue

136 473 244 556 iisdem
257 493 354 557 verbis
366 515 420 556 vos
432 495 609 577 decepisset,
629 516 698 558 cum
721 496 846 578 primum
859 497 1155 564 consecraremus,
1188 498 1243 566 'Ne

82 661 86 667 ,
138 587 183 648 sic
195 587 315 666 quidem
328 608 448 668 aequum
467 600 548 652 essct
559 599 664 652 contra
679 599 814 670 receptus
831 589 912 670 leges
935 590 1244 670 aequitaniam

135 697 233 760 neque
242 680 321 740 enim
335 681 360 741 si
369 682 543 761 quibusdam
553 683 663 744 violare
675 683 757 762 leges
766 681 952 763 permittitur,
963 683 1240 764 postulandumeet,
1337 727 1341 734 -

136 774 401 855 utexproescripto
410 774 509 855 legum
520 775 572 836 clii
580 795 614 838 ee
624 785 747 854 gerant:
769 776 1241 859 sedtumauillotemporeminue

135 869 299 929 absurdum
312 869 426 944 fuisset,
445 871 473 931 ei
485 869 575 932 tidem
588 869 708 942 babere,
730 879 762 932 et
783 869 950 950 gratificati,
968 881 1000 935 et
1016 871 1069 934 mli
1089 872 1190 953 aliqua
1211 874 1243 941 ia

136 980 169 1021 re
182 963 349 1026 connivere.
381 963 461 1030 Quia
472 971 543 1024 ¹vero
556 972 630 1024 tunc'
642 983 686 1026 eo·
699 963 834 1026 absoluto
851 974 974 1044 'propter
996 981 1085 1044 spem·
1103 965 1243 1032 emenda.

135 1053 339 1134 tionis,paulo
353 1063 422 1135 post
442 1054 571 1116 eundem
593 1055 682 1118 istum
703 1056 894 1122 etdiooutem
907 1066 938 1122 ct
959 1043 1097 1136 agentem
1117 1075 1154 1123 ee
1173 1078 1241 1140 qum

137 1165 199 1206 non
210 1157 312 1206 essent
323 1167 340 1208 a
352 1147 515 1227 republica,
527 1147 626 1212 denuo
638 1148 804 1228 punimus,
818 1163 885 1228 quae
894 1149 977 1212 vobis
989 1147 1107 1223 idonea,
1123 1149 1147 1212 si
1160 1170 1242 1218 nunc

135 1237 332 1317 decipiemini,
353 1239 534 1320 relinquetur
554 1239 727 1300 excusatio?
762 1241 935 1301 cumcuim
957 1241 1127 1310 testimonia
1145 1263 1241 1312 aarum

137 1331 249 1402 adsint,
263 1331 335 1411 quid
348 1333 443 1393 verbis
452 1343 499 1394 est
512 1353 586 1415 opus
596 1333 621 1408 ἲ)
631 1329 708 1411 Quae
723 1341 822 1394 autem
834 1332 891 1413 ipsi
905 1334 984 1415 apud
999 1335 1111 1396 animos
1125 1347 1241 1399 vestros

137 1425 271 1486 nondum
291 1427 363 1486 satis
376 1437 527 1508 comperta
542 1427 669 1502 habetis,
683 1427 722 1487 de
735 1427 770 1488 iis
783 1427 910 1490 fortasse
924 1448 963 1489 ex
985 1430 1080 1491 verbis
1095 1428 1241 1510 judicium

97 1545 104 1554 ¹
137 1518 377 1579 estiacicndum.
929 1585 933 1592 ,

179 1613 209 1670 7.
230 1610 367 1671 Demiror
388 1631 451 1685 eos,
472 1611 523 1691 qui
541 1613 681 1686 sentiunt,
701 1613 830 1692 privatas
845 1631 928 1694 opes,
950 1612 986 1674 iis
1004 1633 1079 1694 quos
1100 1614 1241 1694 superiori

137 1713 269 1784 tempore
277 1706 372 1766 bonos
382 1704 461 1766 viros
470 1705 561 1766 misse
572 1717 786 1786 cognoverunt,
798 1726 863 1767 csse
876 1703 1059 1768 credendas:
1072 1707 1240 1788 reipublicae

137 1817 322 1871 communes,
336 1797 371 1860 iis
380 1818 501 1878 quorum
514 1799 684 1881 improbitas
697 1820 754 1862 nec
768 1802 805 1861 ab
816 1800 887 1880 ipsis
897 1800 1177 1882 negatur,etpalam
1188 1801 1240 1862 de·
1288 1810 1293 1818 '

136 1892 285 1972 prehensa
303 1900 359 1963 est,
379 1891 616 1954 committendas.
651 1893 764 1954 Cenem
787 1892 906 1972 quidem
923 1893 992 1954 ovili
1012 1893 1189 1974 degenerem
1211 1904 1242 1955 et

136 1984 277 2062 ignavum
293 1983 488 2044 custodiendo
502 2003 588 2045 nemo
599 1985 779 2064 praefecerit:
800 1985 969 2066 reipublicae
982 1996 1080 2047 autem
1093 1989 1239 2066 guberna·

136 2076 251 2136 toribus
265 2075 397 2156 plerique
410 2076 524 2149 dicunt,
541 2076 689 2156 quoslibet
705 2097 771 2138 esse
789 2077 992 2157 praeficiendos
1015 2077 1167 2154 custodes,
1187 2081 1239 2160 qui
1290 2119 1293 2128 ·

136 2189 206 2259 cum
221 2171 424 2255 delinquentes
438 2191 470 2232 se
484 2170 599 2232 deferre
613 2171 762 2246 simulent,
774 2172 829 2254 ipsi
835 2161 890 2233 'vel
903 2171 1041 2253 inprimis
1053 2173 1241 2254 custodiendi

135 2275 249 2323 essent.
284 2264 369 2336 Qum,
385 2263 411 2324 si
424 2265 554 2345 sapietis,
567 2265 741 2344 cogitantes,
760 2285 811 2326 eos
825 2266 876 2345 qui
890 2284 923 2327 se
937 2265 996 2330 ista
1015 2265 1129 2326 ratione
1151 2269 1240 2328 vestri

136 2365 283 2418 amatores
310 2377 376 2418 esse
403 2358 587 2438 profitentur,
609 2358 706 2440 valere
723 2351 884 2436 iubebitis:
908 2358 1021 2439 ipsique
1047 2359 1125 2421 omni
1148 2359 1238 2422 modo

134 2448 288 2524 cavebitis,
298 2469 337 2510 ne
347 2449 394 2511 cui
407 2449 556 2511 licentium
569 2449 645 2511 detis
658 2451 758 2532 legum
775 2451 986 2527 violandarum,
999 2439 1099 2514 eorum
1115 2471 1238 2534 praeser-

132 2541 197 2615 tim,
212 2542 262 2621 qui
276 2542 484 2624 rempublicam
498 2553 669 2625 capessunt,
680 2546 881 2626 populumque
896 2566 927 2608 se
951 2555 982 2606 et
1000 2546 1126 2607 dicendo
1141 2557 1171 2608 et
1185 2541 1238 2608 de-

136 2638 285 2698 cernendo
300 2629 458 2698 defendere
470 2638 654 2719 profitentur.
691 2638 772 2698 Nihil
793 2639 869 2700 enim
884 2639 947 2699 lieri
963 2647 1053 2720 queat
1071 2639 1237 2714 absurdius,

30 2729 37 2740 '
135 2751 225 2812 quam
245 2750 312 2792 cum
325 2731 451 2812 majores
466 2731 557 2792 vestri
574 2751 627 2811 pro
645 2732 814 2793 defensione
836 2732 936 2812 legum
955 2743 1094 2813 oppetere
1110 2743 1236 2795 mortem
1349 2733 1350 2738 ’

96 2841 98 2845 ’
134 2845 198 2886 non
211 2825 380 2897 dubitarint,
393 2844 459 2902 yos,
482 2843 539 2885 neo
561 2824 663 2905 punire
676 2825 834 2887 violatores
853 2844 953 2885 earum
974 2815 1145 2889 instituere:
1167 2848 1237 2890 cum

137 2917 242 2978 Saloni
259 2917 372 2978 auctori
396 2916 495 2996 legum
517 2937 624 2978 aeream
643 2918 674 2978 in
696 2919 760 2978 t'oro
785 2928 913 2978 statuam
934 2917 1132 2992 decreveritis,
1155 2912 1242 3000 ipsas*

134 3011 219 3090 leges
232 3010 307 3070 adeo
327 3009 482 3070 manifeste
502 3009 662 3090 negligere,
676 3019 795 3090 propter
815 3029 889 3088 quas
905 3009 932 3068 ei
946 3019 1006 3070 tam
1029 3009 1169 3070 eximium
1182 3012 1237 3072 ho-

133 3122 237 3162 norem
248 3101 403 3163 habuistis.
423 3103 473 3160 An
486 3121 556 3162 vero
565 3112 612 3162 est
624 3101 729 3162 rationi
740 3109 982 3178 consentancum,
992 3120 1060 3162 cum
1069 3102 1098 3161 in
1107 3101 1235 3165 ferendis

132 3195 261 3276 legibus,
283 3195 422 3275 improbis
436 3194 602 3276 irascamini
615 3195 645 3254 in
658 3195 814 3255 manifesto
828 3193 948 3254 crimine
964 3194 1173 3274 deprehensos,
1190 3198 1235 3256 in-

134 3287 258 3347 demnes
272 3285 438 3347 dimitteret
459 3287 537 3347 Cum
558 3287 719 3366 legislator,
734 3287 822 3346 homo
834 3286 949 3358 unicus,
964 3297 1083 3368 propter
1102 3307 1155 3348 vos
1170 3309 1236 3350 om·

134 3379 217 3440 niuin
235 3379 305 3439 odia
317 3379 480 3458 susceperit
492 3379 698 3459 improborum,
712 3398 766 3439 vos
784 3399 842 3438 nec
855 3389 974 3458 propter
986 3380 1190 3460 vosmetipsos,
1204 3383 1234 3443 iu

133 3471 282 3555 communi
295 3463 419 3531 concilio
433 3470 583 3532 declarare
592 3482 723 3532 vestrum
742 3471 843 3532 odium
856 3473 1064 3554 improborum,
1080 3473 1133 3535 sed
1146 3476 1235 3537 unius

132 3565 260 3626 hominis
275 3565 467 3624 succumbere
489 3563 689 3644 improbitati?
710 3563 902 3645 Gumcapitc
921 3566 1084 3641 sanxeritis,
1107 3587 1145 3627 ne
1167 3569 1233 3647 quis

132 3660 232 3739 legem
243 3653 472 3718 commentitiam
486 3656 628 3732 adducat,
638 3657 804 3731 connivere,
812 3664 847 3717 ut
860 3676 936 3718 verae
945 3657 1028 3740 leges
1040 3657 1071 3718 in
1084 3677 1232 3720 commen·

134 3751 266 3812 titiamm
280 3768 403 3810 numero
417 3749 602 3810 habeantur?

173 3845 203 3903 8.
226 3842 276 3902 Sic
301 3825 404 3902 'autem
424 3840 592 3906 acutissime
619 3842 813 3924 perspicietis,
838 3844 964 3925 receptis
990 3861 1090 3924 parere
1117 3842 1232 3923 legibus

49 3923 61 3935 ’
130 3944 275 4017 quantum
288 3934 398 3994 bonum
408 3933 457 4007 sit,
464 3943 496 3996 et
507 3934 538 3993 in
550 3934 691 4016 despectu
705 3946 737 3996 et
746 3936 884 4016 neglectu
898 3955 998 3996 earum
1008 3944 1149 4015 quantum
1164 3936 1234 3998 insit
1272 3939 1274 3944 ’

128 4027 211 4100 meli,
226 4027 251 4088 si
264 4026 362 4106 legum
375 4025 599 4108 commoditates
620 4025 752 4099 seorsim,
767 4037 796 4086 et
814 4013 880 4105 qum
899 4046 936 4086 ex
955 4026 1111 4087 violatione
1132 4027 1233 4109 legum

129 4119 211 4179 mala
223 4119 362 4190 oriantur,
378 4120 416 4179 ob
431 4118 533 4179 oculos
549 4119 645 4198 posita
658 4119 839 4180 intueamini.
861 4118 1027 4198 Reperietis
1045 4120 1123 4180 enim
1142 4121 1234 4182 viola·

128 4213 241 4272 tionem
253 4211 364 4291 legum,
382 4209 505 4282 insania,
525 4221 555 4272 et
573 4210 805 4290 intemperantia,
820 4220 850 4270 et
864 4212 984 4272 avaritia
999 4231 1066 4273 esse
1085 4213 1232 4287 refertam,

126 4305 212 4383 leges
226 4305 402 4384 prudentiae,
418 4303 580 4373 modestiae,
591 4303 750 4388 etjustitiae
761 4303 846 4384 iungi
863 4302 974 4365 officiis.
1001 4305 1095 4388 ldque
1114 4305 1232 4366 minime
1315 4385 1323 4388 -

125 4407 177 4456 est
191 4395 321 4456 dubium.
343 4396 402 4455 Eas
417 4395 495 4455 enim
509 4397 598 4456 urbes
611 4395 735 4456 maxime
747 4395 851 4456 florere
865 4396 1014 4475 uidemus,
1026 4397 1056 4456 in
1069 4397 1175 4476 quibus
1188 4397 1231 4457 le·

124 4489 308 4568 gumlatorcs
321 4486 424 4570 optimi
437 4487 622 4551 exstiterunt.
652 4487 730 4550 Nam
746 4498 779 4550 ut
793 4508 859 4570 quae
873 4489 902 4550 in
916 4489 1086 4570 corporibus
1099 4489 1232 4552 oriuntur
