2932 4952
252 257 404 316 m.·
622 227 993 324 mmmnmm

250 403 419 517 paucorum,
437 411 519 495 leges
539 417 740 478 universorum
762 435 839 491 esse,
862 441 987 512 eumque
1009 421 1058 501 qui
1078 409 1248 500 transegerit,
1267 415 1325 500 sibi,

251 503 301 562 cui
314 505 357 564 ris
353 499 450 566 facia
464 508 516 567 ιιι
504 509 693 589 ,reipublicae
702 509 781 572 velle
795 505 987 573 satisfactum.
1010 501 1191 593 Quapropter
1200 515 1330 593 etiamrp

251 595 312 656 sius
330 600 515 660 contumeliae
536 603 749 665 accusationes
755 607 848 666 cuivis
861 607 978 678 liberas,
998 606 1056 666 litis
1070 606 1275 667 estimationem
1286 617 1322 689 to·

250 689 472 792 tam'publicam
486 695 565 755 lecit.
598 697 686 766 Quod
707 711 836 779 putaret,
849 703 886 760 ab
906 719 942 760 eo
963 700 1013 779 qui
1033 701 1234 760 contumeliose
1251 719 1322 778 agere

249 783 503 877 restitueret,·noo
522 807 588 848 eum
614 799 738 863 tantum,
761 793 808 852 cui
830 792 909 852 sacta
927 802 1008 852 esset
1026 792 1139 868 injuria,
1161 793 1211 852 sed
1228 811 1326 870 rempu-

248 876 356 936 blicam
368 879 456 938 etiam
471 881 548 941 laedi.
582 883 622 942 Et
635 884 662 943 ei
676 877 827 964 qui'laesus
840 896 928 957 esset,
943 886 1190 946 animadversione
1202 884 1324 952 satisfieri,

248 987 304 1027 nec
325 969 430 1031 decere
449 993 527 1047 eum,
547 975 680 1054 injuriam
708 977 762 1037 sibi
783 977 900 1037 sactam'
912 977 1040 1038 vendere
1061 979 1195 1058 pecunia.
1220 979 1258 1037 Et
1277 979 1332 1036 rem'

248 1080 343 1140 usque
366 1064 440 1132 adeo
468 1069 667 1146 exaggeravit,
685 1079 719 1128 ut
736 1071 761 1128 si
780 1071 827 1129 vel
848 1085 936 1130 servo
954 1071 1133 1131 contumelia
1153 1072 1228 1131 facta
1249 1063 1333 1139 luerit,

248 1171 309 1214 non
317 1155 417 1217 minus
430 1159 460 1218 in
469 1171 604 1220 eacausa
615 1159 766 1241 publicam
777 1164 919 1222 actionem
936 1161 1059 1224 dederit.
1074 1163 1139 1223 Nee
1153 1161 1331 1242 enimputarit

247 1246 473 1324 resprcrendum,
484 1272 618 1332 quisnam
632 1263 712 1314 esset
724 1274 772 1332 qur
765 1254 953 1314 laederetur
976 1256 1029 1316 sed
1039 1256 1205 1333 cujusmodi
1214 1275 1258 1314 res
1267 1262 1330 1313 esset
1429 1267 1430 1281 ¹

248 1355 315 1414 quae
315 1331 418 1401 lieret
438 1345 533 1410 Quam
548 1365 614 1405 eum
625 1345 767 1406 dedecere
775 1347 938 1426 repertsset
953 1349 1050 1408 sanxit
1059 1357 1090 1406 et
1096 1348 1207 1419 vetuit
1212 1345 1332 1406 nerelin

165 1441 167 1446 ’
248 1449 376 1506 servum,
390 1435 469 1495 vel
450 1439 568 1498 omnino
583 1440 613 1500 in
627 1430 795 1520 quenquam
810 1441 1048 1508 committeretur.
1309 1447 1312 1452 '

278 1531 279 1536 ’
291 1528 338 1587 14.
360 1523 429 1590 Non
441 1533 518 1590 enim
528 1531 583 1603 est,
594 1532 719 1605 nonest,
728 1532 937 1606 Athenienses,
948 1534 1104 1613 quicquam
1116 1553 1212 1595 rerum
1221 1531 1334 1593 omnium

247 1617 457 1684 intolerabilius
475 1621 666 1696 contumelia,
682 1635 732 1684 aut
751 1625 861 1705 majore
879 1627 962 1685 vobis
982 1647 1048 1686 eum
1065 1626 1266 1706 indignatione
1283 1623 1334 1680 vin·

248 1713 417 1776 dicandum.
449 1717 509 1776 Sed
522 1737 595 1797 cape
614 1719 707 1797 ipsam
726 1719 822 1796 legem
837 1719 874 1776 de
888 1719 1073 1792 contumelia,
1090 1730 1123 1780 ιι
1141 1721 1241 1780 recita.
1267 1714 1335 1776 Nihil

248 1805 326 1865 enim
340 1797 532 1886 praestabilius
546 1820 600 1883 est,
614 1829 701 1889 quam
716 1811 810 1890 ipsam
825 1811 921 1890 legem
936 1810 1046 1870 audire.

658 2023 841 2114 1ιιιιι.

280 2167 307 2215 oi
316 2167 475 2230 quisaliquam
486 2168 626 2216 contumelia
635 2167 748 2224 affecerit,
756 2169 808 2216 sire
817 2183 923 2230 puerum,
933 2167 984 2216 sire
993 2168 1125 2224 mulierem,
1138 2169 1192 2218 sive
1201 2169 1282 2224 virum,
1289 2168 1341 2229 inge·
1440 2153 1442 2228 ι

247 2258 314 2302 nuos,
330 2253 370 2294 ιιιιι
387 2262 475 2302 servos,
494 2245 632 2306 autaliquid
650 2245 1031 2308 legibusinterdictuminhorum
1043 2247 1288 2307 allquemadmiserit,
1297 2259 1339 2291 eum

246 2322 377 2386 quicunque
389 2324 453 2371 volet
471 2322 659 2379 Atheniensium,
677 2339 715 2370 om
708 2321 755 2369 ιιι
771 2323 837 2378 licet,
846 2322 888 2370 del
885 2330 936 2368 erto
951 2322 1013 2390 apud
1025 2324 1150 2372 sexviros.
1175 2325 1270 2373 Sexriri
1280 2329 1343 2370 tutam

211 2449 215 2460 .
246 2399 362 2458 actionem
380 2396 475 2448 danto*
461 2407 523 2448 mtra
531 2400 583 2446 dies
595 2399 689 2460 triginta
700 2400 762 2461 apud
774 2398 897 2453 Heliaam,
910 2398 938 2444 ab
955 2415 984 2444 eo
995 2398 1033 2445 die
1045 2415 1093 2460 quo
1104 2417 1147 2447 res
1160 2400 1185 2446 in
1189 2401 1303 2462 judicium
1317 2396 1343 2442 al·

227 2476 382 2529 latsfuarit,
399 2478 443 2524 nisi
460 2461 581 2538 publicum
599 2477 697 2539 aliquid
704 2475 824 2538 impediet.
854 2475 989 2530 Tumrero,
1000 2491 1052 2522 eum
1071 2477 1180 2538 primum
1199 2477 1249 2525 lieri
1263 2473 1343 2538 poterit.

247 2555 295 2612 Qui
306 2571 362 2602 vero
373 2555 494 2602 dmnrratus
505 2553 584 2608 fuerit,
594 2553 629 2600 illi
640 2554 733 2622 Helian
744 2551 820 2600 stetim
833 2551 919 2599 crimen
929 2553 1037 2608 aestimet,
1047 2554 1104 2614 qnid
1118 2555 1198 2609 luere,
1208 2563 1249 2600 aut
1260 2553 1345 2602 salvem,

246 2633 333 2678 debere
345 2632 460 2695 rideatur.
478 2633 526 2690 Qui
537 2647 593 2679 vero
605 2633 696 2698 privata
704 2631 795 2691 judicia
805 2628 915 2684 dietarint
926 2645 955 2676 es
966 2629 1020 2692 lega
1033 2631 1086 2688 hoo,
1097 2631 1121 2678 si
1141 2633 1199 2692 qais
1219 2648 1263 2679 nou
1279 2642 1343 2690 peree-

182 2763 190 2775 ,
246 2714 315 2754 cutus
325 2708 402 2760 ,suerit
412 2709 536 2762 actionem,
552 2716 592 2754 unt
604 2715 742 2768 persecutus
753 2707 854 2767 quintam
872 2705 1035 2768 suffragiorum
1053 2715 1152 2766 partem
1173 2725 1221 2756 non
1239 2707 1319 2762 tulerit,
1329 2703 1346 2749 is

244 2773 308 2833 mille
318 2777 476 2834 drachmarum
488 2785 597 2832 muletam
610 2785 692 2832 aerario
704 2785 786 2832 solvat.
794 2781 799 2800 ''
811 2783 852 2830 Sin
861 2783 1009 2830 'contumelia
1018 2785 1132 2845 ριιιιιιιιιι
1152 2787 1271 2834 aestimata
1280 2781 1345 2834 ιίιιιιιι
1436 2813 1437 2823 ι

246 2865 371 2922 vinciatur,
382 2864 404 2912 si
414 2865 538 2926 ingenuum
552 2863 657 2912 affecerit
666 2863 812 2930 contumelia,
821 2863 896 2909 donea
907 2859 1013 2909 solverit.
1071 2923 1075 2928 Ι
1239 2849 1241 2856 “

188 3053 193 3062 ‚
245 3017 607 3090 Auditis,'Athenienses,
631 3015 845 3076 humanitatem
862 3016 948 3094 legis,
972 3035 1039 3094 quae
1060 3036 1121 3077 nec
1153 3037 1272 3079 servos.
1287 3010 1347 3074 affici
1437 3080 1438 3088 χ

243 3109 428 3171 contumeliis
443 3109 522 3170 sinit.¹
551 3110 631 3177 Quid
646 3109 744 3188 igitur,
759 3129 811 3186 per
831 3107 921 3169 deos?
944 3107 968 3167 ιι
988 3107 1056 3186 quis¹
1073 3098 1151 3188 lege
1168 3113 1229 3172 hac
1247 3111 1284 3171 ad
1296 3111 1351 3167 bar-
1438 3100 1439 3112 ἦ

242 3206 329 3263 batos
341 3203 465 3282 perlata,
480 3202 559 3262 unde
574 3201 717 3281 mancipia
731 3200 920 3260 inGraeciam
930 3199 1138 3274 adducuntur,
1156 3225 1215 3264 vos
1228 3201 1355 3266 laudans,

245 3307 275 3354 et
297 3295 335 3354 de
354 3307 453 3355 vestra
474 3297 546 3355 urbe
570 3313 813 3366 commemorans,
837 3292 873 3352 ad
897 3312 948 3353 eos
972 3293 1098 3354 dixerit:
1124 3317 1200 3357 esse
1222 3293 1353 3377 quosdam

244 3387 378 3456 Graecos,
391 3387 525 3453 homines
539 3389 581 3446 ita
600 3386 760 3446 mansuetis
782 3395 813 3444 et
835 3381 969 3445 humanis
991 3385 1129 3446 moribus
1153 3389 1353 3469 praedicenti

243 3479 343 3540 multis
356 3479 467 3557 injuriis
483 3479 568 3540 abiis
587 3479 694 3549 affecti,
709 3488 739 3537 et
753 3477 882 3555 paternis
903 3478 1057 3538 inimicitiis
1072 3479 1109 3539 in
1127 3503 1188 3544 eos
1209 3481 1296 3562 quasi
1313 3495 1357 3536 aa·

242 3586 315 3632 turae
327 3571 469 3631 instinctu
487 3571 667 3651 propagatis,
691 3581 787 3630 tamen
801 3589 838 3640 ne
852 3569 920 3628 illos
941 3570 1062 3648 quidem
1072 3577 1192 3634 vexari
1215 3583 1361 3634 corrtume·⁴

240 3667 313 3726 liose
322 3665 486 3750 patiantur,
498 3683 573 3743 quos
595 3664 688 3743 pretio
709 3672 862 3722 numerato
883 3662 921 3722 ad
945 3663 1124 3726 servitutem
1148 3667 1294 3738 emerint,
1316 3661 1360 3724 sed

240 3759 336 3838 legem
350 3756 465 3837 publice
479 3749 629 3823 sanxerint
642 3757 728 3826 hanc,
744 3775 809 3832 quae
825 3754 893 3812 talia
911 3763 1033 3828 vetaret,
1054 3765 1090 3818 et
1115 3760 1242 3819 multos
1251 3764 1312 3834 jam
1328 3754 1359 3813 ob

241 3872 306 3912 eam
316 3853 413 3930 legem
421 3850 558 3910 violatam
566 3849 662 3928 capite
675 3846 852 3908 muletarint.
886 3843 962 3905 Haec
976 3847 1104 3925 iuquam
1123 3851 1155 3910 si
1172 3851 1362 3915 audivissent

241 3945 498 4024 percepissentque
512 3941 637 4011 barbari,
650 3960 689 3999 an
704 3959 764 3998 non
779 3938 957 3998 arbitramini
970 3942 1176 4019 eospubliee
1186 3945 1242 4024 jus
1256 3938 1363 4022 hospitii

241 4037 538 4096 nobiseum'omnibus
558 4033 702 4104 inituros?
714 4033 799 4101 anm
818 4030 914 4109 legem
935 4031 1024 4110 igitur
1043 4053 1114 4102 non
1144 4046 1276 4098 tantum
1298 4031 1366 4115 apud

242 4129 365 4188 Graecos
377 4129 536 4200 celebrem,
551 4129 603 4189 sed
624 4129 812 4188 barbarorum
826 4123 914 4182 etiam
934 4126 1169 4205 approbatione
1188 4126 1365 4210 dignam,is

241 4223 291 4301 qui
315 4219 414 4290 violat,
435 4241 561 4299 quonam
584 4219 726 4318 supplicio
748 4219 786 4276 ait
806 4215 978 4278 afficiendus
997 4218 1226 4299 considerate,
1250 4237 1287 4286 ut
1306 4219 1370 4284 'satis

242 4333 344 4394 graves
357 4328 459 4389 poenas
474 4311 624 4372 dederit

285 4407 331 4464 15.
353 4403 483 4470 Quod
461 4424 485 4463 ιι
500 4424 565 4482 ego,
582 4405 783 4478 Athenienses,
798 4425 887 4486 quum
902 4407 945 4477 sie
962 4413 1114 4468 tractaoer
1140 4430 1163 4470 a
1187 4409 1303 4484 Midia,
1323 4425 1374 4470 nou
