2886 4946
410 271 466 330 DE
487 271 662 332 FOEDERE
682 273 973 336 ALEXANDREO.
1179 287 1235 344 155

123 441 197 492 mus,
213 434 245 482 ut
253 443 322 501 quae
336 423 437 486 hostes
447 427 533 486 facile
542 438 717 507 uperasset
727 428 751 488 ιι
759 429 891 492 utilitatis
902 435 1042 492 rationem
1062 435 1167 496 habere
1180 458 1230 495 vo-

121 514 231 575 luisset.
254 517 329 576 Jure
338 527 437 578 autem
446 519 541 580 rnhac
552 521 695 580 sententia
706 531 791 580 sunt
814 522 884 582 dum
892 545 969 584 emm
979 527 1065 586 maris
1078 525 1231 606 imperium

7 679 8 690 ἵ
119 608 190 666 citra
210 611 440 670 controversiam
463 610 550 689 idque
573 613 665 691 solum
679 612 866 686 tenuerimus,
880 617 918 676 ad
931 621 1076 679 terrestria
1104 621 1234 698 pericula

7 697 8 744 i
116 697 319 777 propulsanda
339 701 424 761 facile
446 702 503 762 alia
526 704 729 782 supplementa
749 702 795 762 his
816 706 918 785 copiis,
941 729 1012 786 quas
1034 710 1064 768 in
1079 715 1230 790 procinctu

115 791 286 864 habemuss
279 793 407 853 invenire
421 793 536 854 licebit.
539 796 710 874 praesertim
725 813 791 852 cum
801 795 918 858 fortuna
930 820 1029 860 eorum
1043 802 1228 866 insolentiam

113 885 294 964 depresserit
307 889 357 964 qui
374 888 590 966 tyrannicorum
605 889 780 948 exercituum
794 891 926 950 custodia
940 894 1156 966 muniebantur3
1183 910 1226 960 at-

110 996 170 1054 que
183 997 283 1037 eorum
297 978 346 1038 alii
355 979 501 1057 perierint,
512 979 584 1038 alios
595 999 640 1040 res
655 981 717 1059 ipsa
726 980 859 1040 docuerit
870 1002 935 1043 esse
949 989 1191 1050 contemnendos.

76 1136 78 1140 ¹
158 1073 208 1129 ll.
231 1070 319 1137 Quod
329 1071 418 1149 igitur
424 1071 463 1130 ad
476 1091 565 1131 neves
579 1072 730 1144 attinet‚in
744 1092 803 1151 quo
814 1076 954 1135 momenti
963 1077 1118 1157 plurimum
1129 1092 1183 1156 est,
1193 1085 1223 1143 id
1295 1113 1297 1119 ·

115 1161 247 1222 Macedo
261 1171 368 1241 praeter
382 1162 439 1222 alia
452 1184 540 1243 supra
558 1173 782 1224 commemorata
801 1165 939 1227 violavit:
961 1171 1013 1229 sed
1037 1171 1111 1232 inter
1125 1177 1223 1237 omnia

113 1255 320 1315 Macedonum
338 1255 419 1315 facta
434 1255 756 1316 contumeliosissimum
773 1269 803 1318 et
816 1259 1073 1322 insolentissimum
1089 1264 1162 1325 illud
1177 1275 1222 1326 est

110 1347 192 1425 quod
202 1365 299 1425 nuper
312 1346 428 1418 accidit,
443 1347 519 1405 Cum
534 1347 595 1406 ausi
615 1359 683 1407 sunt
704 1359 808 1410 contm
817 1370 972 1411 commune
988 1353 1083 1414 foedus
1095 1377 1161 1416 cum
1175 1360 1219 1438 ip-

109 1439 149 1498 sis
163 1439 290 1498 initum
282 1460 313 1498 ιιι
328 1439 648 1519 Piraeeumappellere3
671 1440 781 1512 etheo,
793 1443 1001 1515 Athenienses,
1013 1465 1071 1506 non
1083 1449 1219 1527 quiauna

112 1531 239 1592 triremis
254 1531 312 1590 fuit
327 1531 395 1592 ideo
408 1551 489 1611 parvi
481 1532 668 1592 ducendum
681 1542 735 1604 est,
749 1535 802 1594 sed
816 1555 866 1594 eos
880 1537 1036 1614 periclitari
1049 1541 1218 1618 patientiam

110 1634 246 1697 nostram
265 1624 402 1696 voluisse,
417 1634 451 1684 ut
463 1616 594 1704 pluribus
608 1626 686 1686 idem
700 1627 798 1687 lacere
812 1627 922 1702 liceret,
937 1633 1134 1707 statuendum,
1146 1645 1175 1694 et
1187 1647 1221 1697 ut

112 1718 309 1788 declararent,
333 1716 408 1776 sicut
420 1717 506 1776 etiam
520 1717 550 1777 in
564 1717 675 1777 ceteris
692 1719 803 1779 lactum
817 1730 872 1794 est,
887 1741 919 1780 se
933 1725 1099 1784 communia
1116 1727 1217 1788 decre·

111 1819 142 1870 ta
155 1831 219 1870 non
234 1827 356 1870 curare:
378 1828 446 1868 nam
460 1828 510 1869 eos
525 1809 567 1869 ita
576 1809 736 1889 paulatim'
728 1830 853 1891 irrepere
867 1823 898 1873 et
910 1834 963 1874 uos
975 1817 1154 1880 assuefacere
1166 1839 1217 1880 vo-

109 1902 200 1963 luisse
216 1903 255 1962 ad
278 1901 353 1961 tales
367 1920 504 1961 accessus
519 1901 717 1980 perferendos,
731 1903 817 1962 etiam
835 1904 903 1964 inde
922 1906 1113 1985 perspicuum
1129 1930 1167 1970 ex
1181 1933 1216 1974 eo

110 1996 186 2056 enirn
201 1995 285 2074 quod
302 1996 329 2054 is
349 1995 473 2073 quitum
488 1994 584 2053 navim
599 1995 721 2072 appulit,
739 2014 827 2072 quem
842 1997 939 2056 statim
952 2019 1011 2058 una
1025 2020 1092 2059 curn
1106 2003 1215 2069 triremi

108 2089 259 2168 perditum
270 2087 380 2147 arobis
394 2088 556 2166 oportebat,
567 2087 651 2167 petiit
663 2100 696 2146 ιιι
715 2088 744 2146 in
759 2090 864 2148 nostris
878 2093 1019 2169 portubus
1031 2113 1121 2171 parva
1134 2101 1215 2157 nevi-

108 2183 158 2261 gia
166 2180 305 2241 fabricari
312 2179 421 2251 liceret,
431 2179 478 2238 cui
486 2178 604 2240 tandem
613 2180 670 2238 fuit
677 2180 843 2252 obscurum,
853 2200 904 2241 eos
913 2183 1066 2244 id'oonsilii
1080 2186 1214 2252 habuisse

107 2285 141 2334 ut
148 2274 228 2333 intra
235 2282 352 2352 portum
362 2273 458 2331 statim
467 2281 565 2331 esent
572 2271 669 2350 potius
680 2291 768 2349 quam
777 2273 846 2330 utin
858 2293 924 2332 eum
932 2276 1128 2354 appellerent?
1138 2293 1177 2354 et,
1189 2281 1213 2341 ιι
1284 2296 1285 2300 ’

105 2365 235 2446 parvula
246 2363 362 2443 navigia
375 2365 572 2435 toleraremus,
586 2364 675 2442 paulo
688 2373 753 2441 post
766 2364 895 2442 triremes
910 2385 1041 2444 quoque;
1061 2378 1100 2442 et,
1115 2372 1140 2428 si
1153 2375 1212 2450 pri-

107 2477 193 2516 mum
202 2476 322 2535 paucas,
335 2457 423 2535 paulo
434 2467 501 2534 post
510 2456 632 2514 multas:
644 2474 697 2514 nec
712 2456 788 2513 enim
802 2455 859 2514 dici
872 2467 980 2536 potest,
992 2479 1079 2537 quum
1089 2462 1211 2526 Athenis

104 2550 305 2630 magnaoopia
313 2549 500 2628 sitlignorum
510 2548 640 2607 adnares
648 2547 841 2620 fabricandas,
849 2570 915 2627 quae
924 2551 1002 2630 ligna
1010 2552 1211 2634 etelogiuquo

106 2654 138 2702 et
152 2640 311 2702 difficulter
323 2642 522 2722 importantur,
533 2641 564 2698 in
581 2640 767 2713 Macedonia,
781 2661 846 2718 quae
861 2642 947 2704 etiam
962 2645 1026 2708 aliis
1044 2647 1095 2724 qui
1106 2649 1209 2728 volunt

106 2757 141 2795 ea
148 2735 292 2795 vilissimo
299 2735 391 2813 pretio
402 2733 576 2814 suppeditat,
588 2733 733 2792 exstitisse
744 2734 903 2814 penuriam.
927 2737 985 2805 Sed
995 2739 1208 2803 arbitrabantur

107 2847 198 2888 naves
206 2828 248 2887 rbi
257 2826 569 2886 simuletfabricandas
579 2836 608 2885 et
617 2827 648 2884 in
658 2825 760 2884 eodem
769 2837 855 2905 portu
864 2828 1027 2906 implendas
1035 2850 1109 2906 esse,
1119 2854 1209 2911 quum

109 2921 258 2980 communi
271 2917 382 2980 foedere
398 2919 436 2977 sit
458 2914 602 2977 sancitum
617 2917 737 2995 nequid
752 2917 810 2977 tale
825 2920 1021 2993 admittamus,
1033 2943 1155 3002 eamque
1169 2913 1204 2985 li-

106 3012 233 3072 centiam
246 3011 340 3070 indies
355 3011 416 3069 lore
430 3010 568 3088 majorem
578 3018 763 3088 putaverunt,
774 3029 867 3094 usque
882 3012 956 3084 adeo
965 3012 1005 3070 illi
1020 3032 1099 3073 nose
1114 3016 1205 3076 subli-

109 3125 148 3164 ιιιι
139 3103 327 3183 despiciunt
340 3112 458 3183 propter
471 3111 614 3162 nostrates
629 3100 763 3160 doctores
777 3103 826 3180 qui
840 3102 880 3161 eis
896 3102 1008 3162 dictant
1018 3105 1088 3181 quid
1098 3106 1207 3168 facien-

105 3198 176 3258 dum
191 3197 241 3258 sit.
284 3195 332 3255 Sic
346 3215 405 3254 una
418 3213 484 3286 oum
496 3193 560 3253 istis
574 3193 726 3272 cujusdam
740 3191 892 3253 ineffabilis
903 3194 1103 3258 dissolutionis
1117 3209 1148 3259 et
1161 3201 1204 3282 ig-

104 3291 200 3352 naviae
212 3299 342 3349 nostram
351 3269 451 3347 urbem
462 3287 659 3348 condemnant
660 3303 772 3363 ,neque
789 3305 853 3345 earn
873 3286 970 3346 futura
982 3288 1142 3382 providere,
1154 3313 1204 3354 ne·

103 3403 163 3462 que
172 3403 302 3487 unquam
311 3381 439 3461 cogitare
447 3390 562 3460 putant,
578 3377 724 3458 quomodo
731 3387 870 3458 tyrannus
880 3377 1089 3440 istecommunr
1096 3383 1205 3447 foedere

103 3486 223 3544 ιιιιιιιις
245 3476 291 3534 oui
306 3494 371 3553 ego,
386 3473 590 3543 Athenienses,
605 3491 657 3532 vos
666 3471 764 3530 hortor
773 3479 806 3529 ut
814 3471 950 3549 parenti,
959 3474 1203 3551 quemadmodum

101 3588 160 3646 ego
173 3567 270 3638 docui,
289 3575 319 3625 et
334 3565 503 3624 confirmare
515 3565 632 3644 possim,
645 3573 680 3622 ut
698 3562 747 3642 qui
767 3562 824 3621 hae
837 3571 925 3622 aetate
938 3582 1014 3639 sum,
1028 3585 1081 3625 nos
1099 3578 1129 3627 et
1137 3570 1203 3648 jure

101 3669 208 3721 nostro
217 3661 291 3720 citra
302 3659 473 3738 cujusquam
485 3656 738 3736 reprehensionem
749 3664 780 3714 et
793 3653 995 3717 occasionibus
1010 3657 1074 3716 sine
1083 3658 1144 3718 ullo
1153 3681 1201 3738 pe-
1214 3715 1216 3720 .

98 3753 196 3814 riculo
215 3771 330 3824 usuros,
348 3770 414 3830 qum
435 3769 489 3810 nos
508 3749 546 3808 ad
559 3747 777 3828 prosequendas
792 3756 905 3806 nostras
925 3747 1063 3809 utilitates
1081 3749 1202 3812 incitant

100 3854 132 3906 et
144 3854 273 3924 urgent:
294 3863 362 3903 nam
375 3844 492 3922 insuper
505 3840 592 3900 etiam
614 3841 758 3901 communi
772 3839 873 3900 loederi
894 3838 1070 3917 adscriptum
1089 3850 1144 3912 est,
1164 3845 1201 3903 ιι

99 3936 335 4018 participes
369 3933 596 3996 communis
630 3931 743 4011 pacis
773 3930 1063 3997 essevelimus3
1086 3942 1117 3990 at
1137 3955 1200 3995 ver·

97 4031 177 4090 bum
190 4027 260 4088 illud
276 4029 310 4088 si
330 4026 488 4086 velimus
503 4023 590 4084 etiarn
599 4024 771 4084 contrarium
782 4021 991 4101 complectitur,
1001 4040 1071 4079 num
1081 4026 1200 4106 tandem
1234 4022 1236 4032 '

97 4121 246 4183 desistere
259 4121 382 4181 velimus
393 4119 514 4179 aliorum
524 4117 646 4176 ductum
668 4126 697 4176 et
710 4115 837 4194 auspicia
850 4114 970 4190 turpiter
980 4114 1071 4193 sequi,
1082 4135 1119 4176 an
1130 4139 1199 4181 vero

96 4235 137 4276 ne
164 4212 312 4274 recordari
328 4213 447 4292 quidem
471 4211 557 4270 ullius
570 4208 700 4290 praeclari
713 4205 858 4277 facinoris,
867 4223 932 4282 quaa
943 4207 979 4264 ab
995 4207 1198 4286 antiquissimis

96 4307 282 4386 temporibus
294 4305 510 4384 plurimanohis
521 4323 581 4382 prae
596 4301 708 4361 caeteris
720 4296 853 4359 omnibus
863 4296 965 4357 relicta
977 4309 1055 4358 sunt.
1071 4300 1102 4360 Si
1111 4302 1198 4382 igitur

90 4400 253 4481 jusseritis,
268 4398 470 4468 Athenienses,
485 4397 648 4464 decernam,
669 4401 701 4450 ut
725 4390 834 4450 l'oedera
849 4389 963 4468 jubent,
986 4411 1195 4454 rmnrrnnets

96 4511 237 4554 annuum
260 4509 335 4552 assu
361 4505 596 4550 rurnnnunum.
