2948 4954
385 265 542 344 onorio
564 264 646 324 PRO
669 263 1026 329 MEGALoPOLITrs
1158 261 1163 270 ’
1200 271 1257 332 133

163 431 199 482 ut
207 419 347 491 Thebani,
357 418 383 480 si
391 419 594 480 Orchomenus
601 429 632 496 at
641 420 775 500 Thespiae
783 431 814 481 et
822 421 942 483 Platore
956 421 1126 486 instauratae
1139 421 1257 494 fuerint,
1304 403 1316 417 L

164 513 282 580 infirmi:
305 511 532 584 Lacedoemonii,
541 511 566 572 si
580 512 740 572 Arcadiam
760 509 927 592 subegerint
941 523 970 574 et
985 512 1200 592 Megalopolim
1210 533 1260 573 ce-

163 607 270 685 perint,
280 605 317 664 da
326 605 584 682 integropotentes
600 605 657 664 sint
670 605 768 664 futuri.
790 605 957 665 Videndum
968 605 1123 686 igiturest,
1131 625 1168 666 ne
1180 606 1260 684 prius

162 698 219 758 hos
229 695 425 755 formidabiles
438 703 468 752 et
479 715 601 772 magnos
612 697 673 752 fieri
682 696 819 765 sinamus,
832 716 919 774 quam
931 698 972 755 illi
981 699 1123 756 attenuati
1136 699 1259 758 fuerint:

162 809 238 848 nave
252 788 329 848 clam
346 785 430 848 nobis
446 785 730 846 lacedaemoniorum
744 804 816 863 opos
831 775 924 846 multo
938 794 1059 860 majores
1073 790 1154 861 fiant,
1168 811 1260 868 quan*

163 891 229 940 tum
239 879 396 940 Thebanos
408 877 498 936 minui
508 877 655 936 conducit.
677 877 780 954 Neque
794 876 870 936 enirn
884 877 956 936 illud
971 878 1102 955 proiecto
1114 881 1259 954 dicemus,

78 967 81 972 ¹
164 976 256 1036 malle
277 994 341 1045 nos,
354 972 566 1053 permutatione
587 969 935 1042 facta„Lacedsemonios
953 970 1061 1032 habere
1081 974 1259 1036 adversarior

166 1087 256 1145 quam
267 1066 437 1132 Thebanos:
456 1083 550 1142 neque
564 1064 622 1124 hoc
636 1061 708 1122 illud
721 1072 767 1123 est
780 1063 859 1142 quod
874 1063 1013 1142 consequi
1025 1063 1189 1138 studemus,
1208 1067 1261 1127 sed

164 1157 222 1218 hoc
243 1169 344 1218 contra
361 1167 396 1216 ut
407 1155 503 1216 neutri
516 1175 569 1215 nos
586 1155 653 1214 ullis
673 1155 784 1235 injuriis
803 1155 918 1216 afficere
943 1157 1079 1233 possint:
1100 1157 1166 1216 haec
1184 1160 1262 1218 enim

165 1251 276 1328 optima
288 1251 361 1310 ratio
374 1249 459 1309 fuerit
474 1267 520 1310 res
541 1257 654 1308 nostras
674 1247 705 1306 in
726 1257 791 1308 tuto
811 1247 986 1308 collocandi.
1021 1249 1062 1309 At
1079 1249 1199 1310 hercule
1219 1251 1262 1311 sic

165 1351 299 1420 oportere
320 1342 382 1402 fieri
396 1342 563 1411 fatebimur,
580 1341 707 1400 sednon
724 1359 788 1400 esse
803 1341 1044 1401 committendum
1066 1343 1208 1416 dicemus,
1228 1353 1262 1402 ut

115 1505 117 1511 Α
167 1453 267 1494 eorum
281 1435 451 1494 societatem
465 1429 684 1513 amplectamur,
698 1449 766 1492 cnm
778 1432 885 1512 quibus
899 1433 938 1492 ad
954 1433 1132 1494 Mantineam
1146 1435 1260 1496 collatis

167 1526 258 1605 signis
272 1527 512 1606 pugnaverimus:
534 1534 564 1586 et
576 1545 655 1584 nunc
669 1525 748 1604 ipsos
758 1525 894 1605 juvemus
907 1535 1010 1585 contra
1024 1525 1101 1598 illos,
1116 1547 1183 1586 curn
1197 1529 1262 1605 qui-

164 1621 220 1678 bus
240 1629 304 1680 tum
323 1637 477 1680 commune
494 1618 654 1698 periculam
674 1617 938 1698 adiecimulego
951 1635 1066 1696 quoque
1080 1619 1108 1676 in
1119 1618 1174 1678 hac
1193 1638 1261 1678 sen-

165 1711 257 1770 tentia
271 1699 352 1771 sum:
374 1712 426 1771 sed
440 1712 514 1771 illud
527 1711 613 1770 etiarn
623 1710 692 1770 mihi
701 1710 906 1789 requirendum
920 1710 1045 1785 videtur,
1058 1719 1092 1770 ut
1102 1711 1184 1772 alteri
1193 1730 1260 1790 qnae

166 1821 253 1881 aqna
266 1814 336 1864 sunt
348 1803 443 1866 iacere
457 1823 516 1864 non
533 1812 681 1864 recusent.
753 1795 759 1804 ’
1214 1869 1217 1872 ,
1253 1831 1255 1838 ·

154 1964 159 1979 l
207 1898 235 1956 3.
258 1897 347 1962 Quod
361 1897 385 1956 si
399 1917 501 1958 omnes
512 1893 615 1975 pacem
631 1907 718 1974 agera
734 1895 842 1968 volent,
858 1895 1087 1974 Megalopolitas
1107 1915 1166 1956 non
1174 1897 1260 1975 juvas

165 1989 272 2059 bimus,
292 1989 555 2068 nullapostulante
574 1989 763 2050 necessitate:
784 1987 884 2066 itaque
900 1988 971 2048 nihil
990 1988 1142 2048 moliemur
1159 1990 1261 2052 adver·

167 2099 294 2153 suecos,
308 2081 518 2158 quinobiscunr
528 2081 556 2138 in
566 2081 628 2139 acie
639 2089 791 2138 steterunt.
812 2079 891 2136 Nam
901 2089 932 2138 et
940 2079 1032 2152 alteri,
1041 2091 1076 2139 ut
1081 2082 1262 2160 profitentur,

160 2171 310 2251 jamsocii
328 2173 419 2230 nosui
437 2181 521 2228 suut:
543 2180 573 2228 et
592 2168 675 2228 alteri
688 2186 766 2226 nunc
786 2168 937 2226 uobiscum
955 2191 987 2228 se
1000 2172 1191 2249 conjungent.
1221 2175 1263 2234 Et

167 2264 240 2343 quid
252 2255 425 2342 exoptemus
436 2259 538 2322 aiud?
559 2259 599 2320 At
617 2259 641 2320 si
657 2259 870 2318 Lacedaemonii
878 2259 946 2338 jure
961 2261 1069 2322 uiolato
1083 2263 1192 2322 bellum
1206 2267 1262 2327 illis

165 2356 326 2426 intulerint,
336 2352 507 2432 equidemsi
519 2351 585 2410 haec
598 2351 661 2412 sola
673 2350 795 2428 quaestio
809 2361 976 2425 verteretur,
990 2361 1088 2412 utrum
1101 2374 1155 2413 nos
1170 2357 1260 2418 Locos

168 2446 320 2506 osmonte
332 2444 541 2524 Megalopolim
558 2443 725 2502 condonare
745 2441 905 2504 debeamus
918 2445 1020 2516 necne,
1042 2464 1101 2504 non
1119 2467 1260 2526 repugno,

167 2558 332 2619 quanquam
345 2539 475 2616 iniquom
488 2536 518 2596 id
532 2548 620 2609 asset,
634 2534 845 2608 condonemus,
858 2555 954 2616 neque
968 2537 1125 2616 quicquam
1138 2539 1193 2600 illis
1207 2541 1260 2601 ad:

167 2649 313 2693 versemur
324 2629 374 2708 qui
388 2641 458 2690 tnnc
471 2629 574 2690 eadem
584 2628 716 2707 pericula
725 2647 785 2688 una
798 2629 950 2690 nobiscum
961 2629 1104 2692 adierunt.
1115 2632 1178 2692 ⁴Sin
1193 2654 1261 2696 vam
1333 2697 1337 2705 ,

164 2724 244 2786 scitis
257 2741 369 2796 omnes,
382 2723 437 2784 hac
451 2730 546 2801 capta.
560 2740 611 2784 eos
625 2721 796 2782 Messanam
814 2739 1015 2799 aggressuros,
1030 2723 1110 2783 dicat
1122 2725 1191 2784 mihi
1206 2727 1260 2786 ali-

166 2816 233 2896 quis
252 2815 385 2884 istorum,
398 2814 449 2894 qui
463 2813 680 2894 Megalopolitis
695 2833 774 2872 nunc
794 2812 892 2872 infesti
907 2824 985 2887 sunt,
1004 2815 1074 2893 quid
1094 2816 1178 2876 nobis
1196 2828 1260 2878 turn

168 2925 306 2970 suasurus
327 2906 387 2966 sitt
409 2908 503 2967 Nemo
522 2905 689 2984 respondet.
720 2904 811 2984 Atqui
825 2906 906 2964 scitis
920 2924 1032 2976 omnes,
1048 2907 1108 2966 sire
1128 2909 1175 2966 isti
1192 2930 1260 2971 sua·

168 3001 259 3062 deant
277 3000 337 3070 sive
354 2987 555 3070 dissuadeant,
575 3017 659 3076 opem
683 3015 748 3056 esse
768 2996 927 3069 ferendam,
938 3016 1015 3056 cum
1035 3007 1152 3080 propter
1169 3000 1261 3071 ictum

166 3113 236 3154 cum
250 3092 409 3163 Messeniis,
419 3091 525 3163 fredus,
540 3101 601 3167 turn
615 3089 684 3168 qnia
697 3087 812 3168 expedit
826 3099 858 3148 ut
870 3109 906 3148 ea
919 3090 989 3148 urbs
1006 3089 1159 3150 incolatur.
1182 3093 1259 3152 Cum
1273 3137 1274 3144 κ

166 3187 269 3246 animis
283 3185 371 3264 igitur
381 3183 484 3244 vestris
498 3182 635 3262 cogitate,
649 3191 745 3240 uuum
755 3180 869 3240 initium
879 3181 962 3240 nobis
972 3180 1121 3242 honestius
1130 3183 1260 3244 futurum

166 3279 205 3338 sit
218 3287 249 3338 at
265 3276 421 3336 humanius
438 3274 478 3335 ad
496 3273 675 3336 coercendas
695 3272 814 3350 injurias
837 3271 1145 3332 Lacadoemonioruml
1165 3273 1260 3337 hocne

163 3390 218 3450 pro
231 3368 399 3430 defensione
408 3365 615 3446 Megalopolis,
625 3384 663 3424 an
676 3363 748 3422 illud
757 3363 795 3422 ad
810 3365 979 3422 Messanam
987 3364 1149 3440 tuendam?
1171 3367 1260 3428 Nunc
1347 3375 1348 3380 ’

165 3463 283 3542 quidem
301 3460 465 3522 Arcadibus
478 3458 615 3538 opitulari
627 3475 679 3516 vos
693 3466 722 3516 et
741 3456 821 3535 pacis
840 3454 1049 3514 conservationi
1066 3456 1193 3531 studere,
1206 3479 1260 3538 pro

167 3575 226 3635 qua
238 3553 394 3634 peuclitati
403 3553 473 3614 ostis
484 3561 515 3612 et
526 3551 558 3610 in
570 3550 632 3610 acie
646 3547 815 3621 dimicastis,
828 3548 990 3626 apparebit.
1024 3548 1098 3607 Tum
1111 3568 1180 3608 vero
1192 3569 1259 3628 per-

166 3648 299 3726 spicuum
319 3646 373 3708 erit
392 3645 524 3714 omuibus
543 3662 595 3703 vos
616 3641 787 3732 Messanam
810 3639 888 3700 selle
909 3637 1095 3711 incolumem,
1117 3649 1257 3700 nontam

166 3739 311 3818 equitatis
321 3756 412 3800 causa
423 3755 513 3815 quam
525 3744 605 3794 metu
616 3730 911 3794 Lacedaemoniorum.
934 3731 1054 3810 Semper
1073 3739 1171 3789 antem
1191 3749 1257 3808 sps-

166 3833 239 3894 ctari
249 3842 279 3894 et
291 3833 340 3910 agi
352 3831 459 3892 debant
472 3849 508 3889 ea
520 3848 587 3907 quaa
595 3827 678 3906 justa
689 3834 776 3886 sunt:
792 3823 935 3903 simulque
949 3823 1049 3882 danda
1061 3830 1106 3882 est
1120 3840 1220 3900 opera,
1226 3833 1260 3884 ut

168 3926 270 4000 eadam
280 3924 369 3984 etiam
382 3922 549 4001 expediant.

202 4020 237 4076 ’4.
258 4015 384 4078 Affertur
398 4025 429 4076 et
445 4015 512 4074 talis
526 4011 660 4091 quadam
673 4009 747 4070 ratio
760 4009 796 4068 ab
811 4005 981 4068 adversariis
1000 4003 1114 4074 nostris,
1130 4003 1260 4070 dandam
1311 4021 1314 4025 ’

167 4127 232 4170 esse
246 4127 362 4186 operam
374 4116 410 4166 ut
422 4107 552 4183 Oropum
572 4103 753 4182 recipiamus.
778 4099 867 4168 Quod
882 4098 906 4156 si
920 4115 982 4165 eos,
998 4094 1048 4174 qui
1066 4095 1182 4156 adeam
1197 4117 1260 4158 rem
1302 4169 1303 4173 η

167 4202 313 4282 adjutores
321 4199 436 4278 alioqui
448 4199 581 4268 luissent,
591 4191 857 4262 abalienaverimus,
872 4188 943 4248 socii
955 4188 1039 4246 nobis
1050 4187 1109 4248 sint
1122 4189 1259 4252 defuturi.

167 4294 231 4372 Ego
242 4290 463 4366 verqdaodam
481 4307 546 4370 esse
564 4305 681 4368 operam
695 4295 730 4344 ut
743 4283 860 4360 Oropus
874 4288 1072 4359 recuperetur,
1085 4290 1115 4340 at
1133 4282 1195 4359 ipsa
1208 4281 1257 4347 ais
1304 4299 1307 4305 ’
