2946 4954
232 296 304 402 aas
374 329 377 332 '
471 305 531 401 ns
551 339 680 402 mnus
687 332 828 400 susm
843 339 1089 404 ιιιιιιιιοιιιι.

230 493 344 556 libitum
364 494 460 566 fucrit,
475 447 506 554 et
521 494 572 556 illa
584 461 735 570 calamites
747 479 939 574 respicienda,
958 507 989 558 et
1007 506 1108 556 auctor
1119 504 1149 556 et
1164 497 1325 620 instructor

230 585 307 646 illius
321 586 474 665 potestatis
485 586 553 645 odio
566 587 797 666 prosequendus
802 597 834 646 et
835 587 1056 648 ulciscendus.

272 679 336 738 31.
333 679 490 756 Equidem
504 679 566 738 scio
580 679 750 738 AEschinem
761 679 800 738 ad
813 677 1031 739 aecusatioucm
1043 679 1114 754 nihil
1127 697 1193 740 esse
1199 698 1321 758 respon

230 753 346 830 surum:
367 770 430 842 sed,
444 789 503 848 quo
516 788 568 830 vos
582 789 669 849 quam
675 770 880 849 longissime
863 790 882 830 a
895 791 986 831 causa
994 772 1131 844 abducat,
1145 772 1321 832 commemo-

121 907 128 916 .
227 871 366 932 saturum,
376 871 516 937 quantum
524 879 651 920 universi
643 861 796 920 mortales
801 863 1143 942 commodorumexpace
1151 863 1320 940 percipiant

228 947 330 1012 contra
341 971 415 1030 quas
426 952 528 1011 ebello
539 953 653 1024 clades,
658 971 692 1010 ac
702 951 825 1030 denique
836 952 1033 1013 laudationem
1041 954 1132 1033 pacis,
1142 952 1318 1014 defensionis

225 1045 292 1128 loeo
305 1045 470 1126 allaturum:
499 1045 577 1104 Sunt
594 1055 693 1104 autem
706 1065 742 1104 ea
756 1047 852 1106 omnia
865 1066 932 1105 cum
955 1047 1017 1126 ejus
1032 1047 1247 1109 criminatione
1250 1066 1318 1124 cone

208 1193 213 1198 .
221 1121 335 1216 juncta.
363 1121 478 1199 Nam
456 1156 480 1195 st
494 1157 560 1216 pax,
575 1156 642 1216 quae
640 1137 720 1208 aliis
732 1146 777 1196 tot
789 1139 931 1196 bonorum
945 1157 1036 1214 causa
1053 1148 1128 1214 est,
1128 1147 1173 1197 tot
1185 1138 1317 1216 negotio·

224 1248 289 1288 rum
301 1239 332 1289 et
352 1231 440 1288 tantae
446 1228 679 1332 perturbationis
700 1247 790 1289 causa
802 1229 887 1289 uobis
905 1231 1016 1290 exstitit
1015 1230 1108 1307 ,quid
1128 1230 1248 1290 tandem
1262 1229 1317 1290 dici

155 1328 157 1336 ’
222 1321 385 1391 conveniet,
398 1320 454 1378 nisi
468 1321 549 1392 istos,
558 1311 738 1396 muneribus
740 1320 880 1400 acceptis,
895 1340 956 1380 rem
970 1330 1073 1399 suapte
1093 1329 1198 1380 natura
1209 1322 1318 1380 bonam

223 1399 301 1472 male
314 1413 477 1491 corrupisse
486 1390 699 1480 iQuidveroi
720 1431 759 1472 an
777 1431 836 1472 non
856 1403 986 1502 triremes
1006 1422 1155 1486 trecentae,
1173 1421 1204 1470 et
1223 1430 1315 1472 arma-

223 1515 324 1564 menta
340 1503 466 1578 illarum,
485 1511 515 1564 et
531 1505 673 1583 pecunia
676 1505 760 1564 vobIs
773 1493 945 1582 supersint,
965 1514 1189 1582 et-superemnt
1201 1514 1317 1583 propter
1344 1513 1346 1518 ’
1404 1573 1407 1577 ,

222 1596 347 1676 pacem?
374 1597 497 1657 sortasse
517 1596 620 1655 dicat
630 1595 721 1654 Vobis
749 1598 848 1657 autem
873 1604 975 1654 contra
994 1595 1036 1654 ita
1053 1595 1237 1670 scotiensium
1263 1606 1316 1664 est,

164 1735 167 1740 .
221 1689 310 1748 etiam
324 1686 449 1767 Philippi
465 1705 535 1767 opes
548 1707 585 1746 ea
596 1705 673 1766 pace,
683 1685 775 1744 multo
785 1685 931 1746 aucttor'es
945 1683 1165 1756 esse'saotas,.et
1176 1697 1314 1764 apparatu

155 1819 162 1824 -
223 1797 378 1850 armorum,
392 1788 423 1837 et
439 1777 606 1855 provinciis,
623 1785 654 1832 et
671 1775 824 1844 reditibus,
840 1793 914 1852 quos
928 1773 976 1833 ille
987 1784 1092 1850 nactus
1101 1786 1146 1834 est
1160 1777 1314 1855 ingentes:
1342 1817 1344 1829 ι

222 1869 450 1932 accesser'untet
462 1866 546 1926 nobis
556 1865 655 1943 aliqui,
664 1865 722 1924 ‘se'd
732 1873 829 1924 tamen
843 1885 938 1932 rerum
947 1867 1139 1943 gerendarum
1149 1881 1333 1954 apparatus„
1409 1879 1411 1882 '

223 1971 254 2022 et
279 1961 434 2035 sociorum,
450 1977 517 2036 ‘quo
537 1975 637 2016 omnes
658 1965 708 2014 aut
723 1956 928 2035 sibimetipsis,
947 1967 999 2016 aut
1017 1959 1225 2036 potentioribus
1246 1982 1314 2041 opes

221 2055 338 2134 parant,
348 2071 382 2112 ac
397 2053 623 2121 tenerit,'noster
641 2048 758 2125 quidem
772 2049 810 2107 ab
826 2047 884 2107 isto
897 2048 1045 2119 venditus,
1064 2051 1152 2132 periit
1165 2062 1201 2111 et
1214 2053 1314 2116 debili.

114 2126 131 2210 ,¹
222 2153 303 2206 tatus
317 2153 372 2214 est,
387 2142 464 2218 illius
478 2137 784 2212 autem,'formirlabilis
800 2139 961 2211 estfactus,
970 2149 1000 2200 et
1011 2142 1104 2201 multo
1118 2149 1219 2220 major.
1248 2147 1314 2206 Non

222 2237 310 2316 igitur
323 2239 440 2313 mquum
459 2241 514 2305 est,
525 2232 569 2292 illi
582 2235 705 2309 utraque
719 2249 786 2290 esse
801 2241 890 2291 aucta
902 2250 953 2310 per
966 2231 1050 2305 istos,
1064 2243 1094 2291 et
1107 2234 1274 2311 societates,
1287 2249 1316 2299 et

222 2329 350 2388 reditus·
371 2325 487 2386 nobis
475 2345 511 2386 ea
528 2327 595 2403 quae
616 2334 733 2402 propter
751 2341 854 2401 pacem
878 2323 980 2384 merito
999 2332 1191 2400 teneremus,
1194 2329 1314 2394 istorum

221 2419 410 2498 corruptelis
420 2417 565 2476 aestimari
602 2414 671 2474 Non
694 2415 770 2473 enim
787 2414 853 2472 haeo
873 2433 924 2491 pro
932 2415 1006 2474 illis
1025 2419 1198 2495 recepimus,
1220 2421 1313 2502 neque

185 2560 189 2569 .
219 2513 320 2574 multis
340 2510 434 2569 verbis
448 2515 494 2568 'est
510 2511 605 2588 'opus;
629 2505 681 2566 sed
695 2515 726 2564 et
738 2505 802 2565 haec
816 2505 919 2565 eodem
933 2499 1021 2566 modo
1038 2509 1212 2587 teneremus,
1225 2517 1315 2574 stilla

222 2625 246 2664 ιι
238 2605 372 2680 absque
384 2600 448 2660 istis
462 2608 550 2670 esset,
564 2596 768 2656 accessissent
867 2615 873 2628 ·

261 2697 310 2755 ³2.
320 2711 322 2716 ·
332 2692 413 2751 lllud
423 2700 531 2762 autem,
540 2687 745 2760 Athenienses,
754 2689 873 2748 omuino
882 2691 1088 2766 assentiemini,
1101 2696 1214 2756 etiamsi
1223 2700 1315 2759 multa

220 2796 251 2846 et
265 2785 364 2864 gravia
377 2783 455 2842 mala
467 2779 633 2860 reipublicae
654 2778 822 2852 acciderint,
843 2800 943 2838 eorum
965 2795 1063 2841 autem
1082 2785 1192 2847 nullius
1213 2803 1312 2850 auctor

219 2875 440 2947 sit'AEsehines,
454 2887 514 2932 non
529 2875 723 2946 essejustu'm,
737 2870 813 2929 utin
831 2874 898 2930 cum
912 2873 1056 2946 saeviatur,
1071 2871 1125 2959 neo
1140 2879 1250 2956 siquid
1264 2901 1311 2960 per
1397 2950 1401 2957 ,

130 2973 134 2980 ’
220 2969 347 3048 aliquem
361 2965 449 3026 alium
462 2966 537 3024 bene
555 2971 670 3042 gestum
684 2971 739 3034 est,
754 2962 873 3022 utillud
891 2965 958 3022 eum
973 2974 1103 3037 tueatur;
1125 2970 1178 3028 sed
1192 2991 1310 3048 quarum

218 3063 274 3121 iste
295 3079 390 3120 rerum
404 3058 442 3116 sit
455 3064 565 3129 auctor,
580 3053 853 3132 cogitabitispeique
874 3065 903 3112 et
916 3054 1049 3132 gratiam,
1069 3059 1094 3116 si
1110 3060 1218 3138 dignus
1233 3065 1310 3124 vide.

218 3153 306 3225 bitur,
320 3149 461 3218 referetis,
476 3156 506 3208 et
516 3155 626 3217 contra,
638 3147 661 3204 si
670 3145 882 3214 commeruerit,
892 3148 1111 3208 succensebitis.
1132 3151 1212 3212 Haeo
1225 3155 1311 3234 igitur

219 3242 368 3322 quomodo
381 3235 459 3301 recte
473 3235 715 3323 deprehendetis?
736 3236 767 3294 Si
781 3256 847 3295 eum
856 3255 915 3295 non
924 3239 1021 3296 omnia
1029 3239 1114 3299 simul
1127 3247 1310 3308 commiscere

196 3338 200 3348 ‘
217 3335 375 3417 patiemini,
384 3332 503 3394 .›du·cum
520 3330 640 3402 scelera,
653 3328 763 3391 bellum
777 3337 893 3406 gestum
913 3348 979 3388 cum
999 3325 1311 3411 Philippo,·eomm0da

145 3415 147 3420 ⁵
218 3427 312 3508 pacis,
321 3425 373 3485 sed
382 3425 408 3482 si
417 3425 591 3501 singulaper
600 3439 631 3480 se
642 3419 871 3480 considerabitis.
893 3420 981 3487 Quod
991 3434 1149 3499 genusesrg
1165 3427 1221 3489 fui,
1230 3431 1309 3490 nobi,

217 3521 329 3581 bellum
339 3535 406 3577 cum
418 3515 562 3593 Philippo.
586 3513 653 3586 Hic,
664 3513 791 3590 nunquis
801 3523 921 3572 accusat
930 3514 1119 3574 AEsohtnemt
1138 3519 1204 3580 vult
1216 3540 1252 3580 ne
1261 3521 1310 3581 ali.

218 3614 284 3693 quis
298 3629 367 3670 eum
379 3607 528 3688 postulare
539 3605 576 3664 de
590 3607 676 3662 rebus
690 3604 720 3661 in
728 3602 808 3662 bello
818 3603 930 3682 gestis?
951 3604 1056 3664 Nemo.
1073 3608 1201 3679 Proinde
1211 3613 1310 3672 horum

142 3750 145 3756 -
218 3725 286 3766 eum
303 3700 456 3772 absolvite,
469 3716 565 3775 neque
578 3696 617 3755 ad
630 3696 695 3754 haec
710 3715 775 3754 eum
789 3696 965 3774 respondere
978 3717 1096 3758 necesse
1109 3713 1164 3761 est.
1193 3703 1309 3766 Namin

154 3855 158 3864 ,
218 3793 421 3858 controversiis
432 3799 462 3850 et
471 3792 562 3848 testes
573 3785 764 3890 producendi,
771 3784 802 3846 'et
810 3781 981 3864 argumenta
990 3791 1165 3868 proferenda
1176 3807 1309 3869 suntreo,

217 3909 278 3948 non
289 3889 324 3947 iis
340 3882 608 3958 defendendisquue
622 3879 652 3936 in
663 3875 798 3937 confesso
809 3889 885 3951 sunt,
896 3880 1051 3941 facienda
1043 3896 1213 3962 impostura.
1236 3891 1310 3950 Cave

218 3981 306 4058 rgttur
316 3995 473 4055 qulcqtlam
484 3971 607 4033 debello
618 3970 716 4028 dress
737 3989 824 4029 nemo
835 3989 912 4029 emm
928 3971 971 4030 rle
975 3985 1009 4031 eo
1020 3989 1309 4053 qumquamteaccu

218 4071 274 4130 sat
298 4067 406 4126 Postea
415 4067 534 4144 qurdam
547 4061 631 4122 nobis
645 4072 801 4121 suaserunt
813 4081 933 4141 paoem
954 4081 1180 4142 persuaserunt:
1202 4071 1309 4151 legatos

217 4160 368 4221 misimus.
371 4153 582 4218 ad'duxerunt
589 4153 636 4212 illi
653 4153 711 4212 huc
726 4173 776 4216 eos
792 4155 841 4231 qui
861 4149 964 4234 pacem
971 4147 1087 4218 facturi
1105 4161 1215 4223 essent
1257 4165 1309 4226 llio

218 4253 335 4317 iterum,
351 4243 476 4325 nun'qcis
490 4267 526 4306 ea
534 4248 574 4306 de
585 4265 616 4304 re
624 4247 724 4324 culpat
733 4241 921 4305 AEschinemi
935 4249 1036 4306 asserit
1045 4250 1151 4328 aliquis
1160 4273 1226 4312 eum
1235 4257 1307 4334 pacis

218 4351 379 4413 auctorem,
386 4349 435 4397 aut
443 4338 612 4415 dequursse
622 4357 672 4416 qut
664 4333 795 4416 legatos
805 4356 839 4396 ea
854 4339 947 4416 gratia
955 4357 1061 4400 missos
1069 4342 1128 4402 huo
1137 4345 1308 4406 adduxentt

220 4435 324 4493 Nemo.
335 4430 461 4491 Proinde
471 4429 571 4489 neoda
581 4421 1306 4519 pacelactearepublrcaquicquamestdwendum
