2932 4952
381 355 383 360 Ι
447 273 617 340 CONTRA
629 273 963 342 -ANuuorronssu
1196 281 1254 340 363

147 459 151 464 ·
182 437 243 498 ⁴13.
267 432 404 498 Archiam
417 446 564 516 praeterea
579 427 811 516 Cholargeusem
826 426 1070 523 existimo-nani
1081 425 1113 495 ’ἐι
1132 434 1157 494 is
1174 449 1253 495 anno

147 529 304 609 superiore
325 539 492 596 senatorem
513 529 651 607 egit-ut
667 529 760 588 virum
783 530 903 602 bonum,
921 529 1155 608 deprecaturum,
1169 535 1202 586 et
1212 526 1253 588 uit

151 621 415 703 patrocinaturum.
457 619 522 700 Ego
532 639 600 682 vero
618 620 749 680 adhunc
767 621 833 681 fere
846 620 967 680 modum
981 620 1118 680 Archiam
1133 618 1253 680 annena

67 739 70 744 ·
150 714 225 772 dum
245 733 311 772 esse
332 703 459 772 censeo:
482 702 685 792 interrogetur,
709 733 745 772 ιιι
768 733 836 792 quae
861 714 976 773 senatui
999 713 1111 772 crimini
1137 712 1253 784 dantur,

137 806 233 865 'recte
249 825 316 868 esse
329 805 408 864 sacta
423 814 515 883 putet,
530 825 738 885 anperperam.
774 805 806 864 Si
820 793 1010 885 responderit,
1020 813 1110 877 recte,
1122 819 1180 862 nun
1190 805 1253 884 jam

148 908 188 956 ut
201 891 355 956 virbonus
376 899 430 956 erit
454 896 634 957 audiendus:
658 897 703 955 sin
723 917 886 976 perperam,
905 915 957 956 cur
981 896 1019 955 ad
1040 915 1076 954 ea
1099 896 1253 956 connivere

149 979 288 1061 voluerit,
306 1008 373 1048 cum
397 1009 428 1060 se
440 977 552 1048 bouum
569 1009 636 1048 esse
650 981 937 1068 virumproliteatur',
951 1007 1051 1046 rursus
1064 989 1253 1066 interrogate.

149 1081 242 1148 Quod
257 1082 282 1139 si
296 1099 328 1140 se
342 1079 531 1140 adversatum
544 1099 622 1153 esse,
638 1071 783 1140 neminem
798 1090 896 1140 autern
908 1081 1090 1146 auscultasse
1102 1079 1254 1150 dicetub·

107 1199 109 1206 ,
151 1173 275 1232 surdum
289 1173 422 1252 profecto
432 1173 495 1245 erit,
506 1192 585 1232 nunc
597 1169 678 1231 illum
688 1175 726 1232 ab
741 1193 777 1232 eo
786 1172 903 1237 defendi
914 1183 1060 1245 senatum,
1074 1171 1124 1250 qui
1137 1171 1254 1250 optimis

145 1265 218 1344 ejus
230 1265 347 1324 monitis
361 1281 419 1324 nou
434 1265 657 1343 obtemperarit:
680 1266 725 1324 sin
745 1266 883 1338 tacuisse,
897 1285 933 1324 ιιι
947 1282 1012 1323 non·
1027 1265 1147 1344 injurius
1162 1263 1255 1335 cst,si

147 1376 172 1416 a
185 1357 320 1436 peccetis
337 1376 395 1415 ιιοιι
412 1356 562 1429 deterruit,
576 1376 643 1416 cum
658 1367 760 1436 posset
774 1359 930 1430 deterrere,
950 1377 1029 1417 nunc
1043 1368 1140 1418 autem
1155 1358 1254 1418 dicere

149 1456 214 1508 nou
226 1448 350 1520 dubitat,
360 1466 412 1507 eos
424 1465 534 1507 corono
546 1447 710 1518 donandos,
726 1451 775 1528 qui
788 1459 833 1510 tut
847 1450 925 1510 mala
935 1449 1161 1528 perpetrarunt?

161 1523 242 1600 .'14.
263 1539 397 1599 Arbitror
411 1531 508 1600 autem
523 1539 745 1600 Androtionem
755 1561 811 1602 uec
822 1541 898 1601 illud
912 1540 1095 1614 omissurum,
1109 1541 1173 1600 haec
1187 1560 1251 1600 om

148 1633 201 1694 nie
225 1633 280 1691 sibi
302 1641 421 1712 propter
441 1633 551 1692 tributu
573 1633 719 1705 cocidere,
733 1653 799 1712 quae
823 1653 855 1694 se
874 1637 973 1694 vestro
986 1635 1104 1694 numine
1117 1652 1134 1692 a
1147 1634 1251 1728 paucis

147 1743 284 1803 exegisse
293 1725 380 1796 dicet
395 1726 445 1804 qui
463 1742 604 1803 magnum
618 1745 659 1783 ιι
673 1727 798 1786 ιιιιιιιιιιι
809 1725 993 1810 impudenter
1011 1723 1197 1788 retinuerint:
1221 1735 1251 1786 et
1334 1743 1338 1753 ’

145 1837 206 1877 eos
216 1817 365 1878 accusabit
385 1821 457 1896 (quo
469 1817 540 1895 quid
559 1826 606 1876 est
618 1817 700 1878 sactu
714 1819 863 1894 faciliusl)
875 1820 926 1898 qui
943 1821 1052 1880 tributa
1067 1841 1126 1881 uon
1140 1840 1251 1900 pepen·
1327 1855 1330 1859 -

143 1909 267 1980 derunt,
282 1918 313 1967 et
325 1909 413 1980 dicet,
427 1927 542 1969 ornnem
555 1909 757 1988 impunitatem
767 1911 948 1990 propositum
967 1913 1002 1970 iri
1017 1911 1053 1971 iis
1073 1912 1123 1991 qui
1141 1907 1252 1972 tribute

146 2021 209 2060 non
233 2001 375 2080 pendant,
400 2001 424 2059 si
446 2001 509 2078 ipse
534 2000 755 2062 condemnetur.
805 2003 867 2062 Vos
892 2014 991 2063 autem
1015 2003 1139 2084 primum
1164 2005 1249 2078 iliud,

50 2171 52 2178 y
147 2093 356 2164 Athenienses,
370 2092 508 2170 cogitate,
524 2111 577 2153 vus
591 2112 650 2152 non
664 2093 701 2153 de
715 2093 804 2154 illare
818 2097 994 2155 seutentiam
1003 2095 1125 2176 laturus,
1141 2097 1195 2155 secl
1212 2097 1249 2162 de

144 2207 195 2258 eo,
210 2205 249 2246 au
263 2185 414 2246 decretum
426 2185 541 2263 legibus
555 2196 784 2246 consentaneum
799 2179 911 2247 iecerit.
954 2187 1079 2259 Deinde,
1093 2189 1174 2247 nullu
1184 2207 1249 2248 esse

147 2280 240 2339 modo
253 2272 419 2350 ferendum,
430 2287 464 2336 ut
483 2278 637 2357 quiritetur
650 2297 668 2338 ι
681 2279 830 2340 nonnullis
850 2279 1168 2359 iujuriamreipublicae
1178 2279 1251 2352 fieri,

145 2381 237 2452 atque
251 2371 314 2448 ipse
328 2374 452 2445 majores
472 2369 593 2456 injurias
615 2369 672 2429 sibi
693 2371 852 2432 condonari
875 2372 1011 2451 postulet.
1053 2372 1250 2450 Lougeenim

144 2462 329 2523 hauddubie
341 2461 454 2544 facinus
465 2471 510 2520 est
522 2463 638 2540 gravius
653 2463 889 2524 decreto-violare
901 2464 993 2544 leges,
1003 2483 1091 2542 quam
1104 2483 1163 2523 non
1176 2485 1252 2544 pen·-

144 2558 216 2616 dere
235 2555 387 2615 tributum.
430 2554 540 2612 Verum
562 2554 678 2614 tametsi
693 2563 851 2627 constaret,
863 2557 921 2615 istu
935 2557 1141 2629 condemnato,
1155 2559 1248 2616 nerui·

145 2667 213 2708 nem
225 2645 469 2716 cucullatorum,
481 2639 532 2704 aut
541 2656 711 2706 exacturum
721 2665 786 2706 esse
795 2645 945 2720 tributum,
955 2667 993 2707 ue
1004 2649 1045 2708 sic
1055 2649 1173 2726 quidem
1182 2645 1247 2710 'esse

145 2737 359 2801 absolvendum
381 2736 451 2796 hinc
464 2738 661 2814 cognoscetis.
703 2739 796 2798 Vobis
822 2737 965 2802 atributis
984 2741 1146 2802 Nausinico
1170 2764 1248 2823 prae-

144 2843 209 2893 tore
224 2830 382 2911 imperatis,
396 2849 462 2907 quae
470 2829 590 2889 ‘circiter
603 2826 799 2891 trecentorum
818 2834 971 2924 talentum,
986 2827 1145 2914 aut'paulo
1157 2827 1247 2913 pluris

144 2927 274 2994 fuorunt,
283 2921 505 3002 quatuordecim
515 2921 628 2982 talenta
636 2923 774 2983 defuere
794 2919 918 3004 quorum
923 2925 988 2984 rste
997 2937 1110 3004 septem
1120 2927 1246 3006 redegit

144 3019 207 3078 Sed
222 3035 279 3094 ego
291 3033 370 3094 pono
381 3013 532 3091 redegisse
549 3006 657 3074 omnia.
698 3011 753 3074 Ad
761 3033 812 3100 eos
827 3010 915 3093 igitur
933 3013 982 3094 qur
974 3011 1067 3076 ultro
1081 3031 1246 3094 numerant,

137 3127 205 3170 nun
219 3099 313 3187 egetis
326 3099 526 3166 Androtiuue·
548 3107 601 3166 sed
617 3107 655 3166 ad
668 3117 841 3169 cessatumes
884 3107 1073 3187 Diligenter
1065 3111 1245 3204 igiturvobis

143 3216 192 3262 est
204 3219 284 3260 nuuc
298 3197 557 3271 considerandum,
570 3199 682 3259 tantine
692 3201 844 3260 restinctis
862 3195 1028 3279 reipublicae
1042 3199 1151 3262 statum
1161 3195 1245 3266 etre-

144 3304 246 3373 ceptas
260 3291 354 3368 leges,
369 3300 399 3348 et
413 3289 606 3369 jurisjurandi
620 3288 815 3369 religionem.
844 3289 981 3352 Nemlsr
974 3303 1061 3352 istum
1076 3287 1244 3371 absolictis,

140 3387 194 3466 qui
218 3384 293 3452 adeo
315 3382 475 3442 manifeste·
492 3382 607 3460 legibus
628 3379 778 3444 contraria
794 3374 933 3457 decrevit,
954 3388 1083 3448 omnium
1109 3381 1244 3469 opinione

139 3469 300 3562 pecuniam
311 3475 389 3534 illam
404 3475 556 3553 legibusct
565 3475 751 3556 jurijurando
759 3472 960 3556 praetuleritis:
983 3497 1129 3558 quae,'nec
1143 3483 1167 3541 s'i
1177 3485 1245 3562 quie

140 3591 209 3632 eam
235 3568 272 3628 de
292 3587 347 3626 suo
360 3567 524 3645 largiretur,
539 3567 714 3646 accipienda
727 3579 815 3642 esset,
830 3570 939 3629 nedum
956 3569 1102 3651 exigenda
1115 3576 1153 3633 ab
1167 3575 1241 3636 aliis.

141 3661 271 3722 Proinde
286 3679 353 3720 cum
368 3659 433 3717 hacc
448 3658 562 3732 dixerit,
577 3670 755 3720 mementote
774 3662 974 3760 jurisjurandi,
989 3674 1019 3722 et
1040 3666 1177 3744 cogitate,
1192 3687 1242 3727 ac·

137 3755 324 3820 cusationem
339 3771 416 3810 nuuc
429 3749 469 3808 'de
484 3751 644 3829 exigendo
648 3751 757 3812 tributo
781 3753 840 3814 nori
859 3774 927 3814 esse
941 3752 1116 3816 institutam:
1140 3757 1241 3820 redde

128 3867 189 3920 «eo,
205 3853 301 3904 utrum
315 3843 415 3921 legum
427 3841 570 3901 inviolata
580 3863 645 3902 esse
656 3845 763 3904 debeat
775 3847 945 3906 auctoritas.

167 3941 235 3998 ’15.
256 3938 301 3994 Ac
315 3935 351 3994 de
365 3934 410 3994 bis
423 3933 551 4012 quidem,
565 3954 624 4012 quo
634 3945 721 4014 pacto
736 3957 788 3996 vos
803 3958 820 3998 a
834 3939 900 4016 lege
914 3938 1100 3999 abducendo
1107 3917 1240 4023 decipere

137 4035 180 4094 sit
194 4039 364 4099 conaturus,
378 4027 491 4105 etquid
505 4026 582 4085 ade
559 4047 621 4104 epus
636 4027 834 4089 cavillationes
848 4031 1065 4108 repudiandas
1057 4053 1089 4091 ιιι
1103 4050 1240 4117 promptu

136 4141 202 4184 vos
208 4121 315 4180 habere
329 4127 471 4197 oporteat,
483 4137 550 4176 cum
563 4120 656 4178 multo
670 4121 753 4199 plura
763 4123 852 4180 etiam
860 4123 966 4180 referre
977 4141 1106 4202 possem,
1120 4130 1199 4204 quod
1211 4141 1242 4191 et
1305 4195 1311 4202 ,

135 4220 207 4278 lraec
222 4213 356 4272 sufficere
371 4210 503 4283 arbitror,
518 4219 613 4269 cetera
627 4213 864 4288 pretermittam.
886 4214 1027 4292 inquiram
1043 4217 1141 4277 eutem
1161 4223 1217 4279 ιι
1210 4243 1241 4281 ιιι
1268 4256 1269 4265 ι
1346 4235 1349 4239 ’

120 4305 281 4390 publicas
295 4303 377 4361 istius
393 4301 468 4360 boni
489 4303 526 4378 (si
547 4301 602 4360 diis
622 4303 742 4381 placet)
752 4305 805 4363 viri
818 4305 976 4366 actiones.
996 4308 1026 4366 iu
1047 4313 1152 4389 quibus
1171 4314 1239 4372 nul-

131 4403 203 4460 lum
227 4403 287 4454 n'on
309 4393 495 4453 ‘crudelitatis
524 4413 621 4472 genus
637 4397 783 4476 ¹exercuit.
817 4398 903 4458 ‹Nam
928 4403 958 4460 et
974 4401 1189 4481 impudentem,
1210 4418 1240 4468 ut

132 4491 295 4560 audacem,
311 4497 341 4546 et
354 4486 564 4568 peculatorem,
579 4499 609 4548 et
623 4489 790 4567 superbum,
806 4500 836 4550 et
851 4491 889 4552 ad
900 4491 1018 4570 quidus
1032 4496 1129 4573 potius
1149 4515 1239 4574 quern
