2946 4954
401 293 463 361 ,DE
484 289 597 352 MALE
618 285 751 356 GESTA
765 283 1045 395 'thermothe
1206 295 1265 353 att
1314 303 1319 308 “

162 454 359 528 perpetrasset
377 447 543 526 quicquam,
557 449 608 509 sed
625 459 688 509 'nec
710 467 802 528 prope
826 447 967 514 accedere
987 445 1154 532 potuisset·
1186 445 1264 510 sens

161 549 259 598 autem
272 539 346 598 illud
360 549 453 612 norat,
468 540 582 620 opinor,
596 561 628 602 se
652 551 725 614 tum,
749 539 824 602 cnm'
839 540 913 600 inter
936 537 1096 600 Thessalos
1116 548 1189 598 etse
1203 558 1264 599 nnn
1279 551 1284 560 ·

162 632 272 710 optime
284 632 463 704 conveniret,
472 643 502 691 et
515 631 629 692 Pheraei
642 634 767 712 primum
781 633 912 694 militiam
922 633 1127 704 detrectarent,
1148 643 1178 691 et
1188 631 1265 692 Tbe-

160 727 229 786 bani
243 725 481 799 succubuissent,
495 725 656 804 praelioque
669 725 740 786 victi
753 714 862 800 essent,
882 735 912 785 et
930 735 1073 804 tropaeum
1087 725 1126 786 de
1143 725 1184 784 eis
1200 744 1263 784 ere·

163 831 253 903 ctam,
264 841 323 881 non
337 829 492 899 penetrare
501 839 598 898 posse,
613 820 638 878 si
651 839 705 879 vos
716 839 801 898 opem
812 819 944 878 ferretis:
960 837 1028 885 near
1038 818 1063 876 si
1071 817 1157 877 armis
1171 825 1262 878 cona·
1310 887 1312 894 .
1351 827 1354 837 “
1428 813 1432 823 ’

161 911 433 1000 ιιιιιι,,ᾳιιὶο(ιιιιιιιι
454 911 660 990 perfecturum,
674 911 729 970 nisi
753 910 838 971 dolus
862 909 1045 970 accessisset.
1088 909 1156 976 Quo
1177 921 1265 988 pacto
1363 969 1371 976 ,

164 1008 252 1087 igitur
263 1027 318 1067 nec
333 1015 431 1085 aperte
445 1006 580 1076 mentiar,
597 1014 628 1064 et
640 1006 702 1064 sine
724 1004 841 1085 perjurii
863 1004 992 1078 infamia,
1006 1003 1265 1083 omnia‘quoerolo

167 1098 349 1178 consequar?
371 1097 542 1178 quomodo?
562 1097 636 1156 Sic·
664 1097 794 1175 Siquos
819 1097 1016 1156 Athenienses
1040 1096 1189 1168 invenero,
1214 1097 1266 1174 qui

165 1193 360 1252 Athenienses
374 1189 540 1268 decipiant:
561 1188 592 1248 id
605 1189 1081 1268 enimprobrumjam‘meum,non
1091 1189 1154 1248 erit.
1179 1189 1264 1250 'lude

163 1287 275 1346 lactum
289 1293 344 1355 est,
357 1293 392 1342 ut
405 1283 467 1362 ejus
481 1282 571 1361 legati
584 1282 665 1341 vobis
679 1290 747 1341 ante
757 1282 899 1354 dicerent,
913 1281 1082 1342 Phocenses
1098 1303 1117 1341 a
1131 1281 1265 1361 Philippo

164 1379 380 1438 insacietatem
395 1395 455 1435 uon
476 1373 583 1453 recipi:
604 1373 653 1434 isti
677 1384 772 1434 autem
797 1394 976 1447 successere,
992 1375 1136 1452 atqueita
1149 1376 1266 1434 concio-

165 1471 228 1533 nati
242 1479 312 1529 sunt
322 1489 331 1537 ;
352 1469 451 1547 palam
465 1487 525 1527 non
538 1485 610 1527 sane
624 1467 811 1526 commodum
834 1485 898 1526 esse
920 1465 1067 1545 Philippo,
1086 1465 1117 1524 in
1140 1467 1264 1526 societa-

165 1572 226 1622 tem
249 1559 379 1640 recipere
397 1559 720 1638 Phocenses‚·propter
739 1559 896 1622 Thebanos
920 1567 950 1617 et
970 1557 1137 1626 Thessalos,
1161 1559 1215 1617 sed
1242 1559 1266 1619 si
1303 1562 1311 1582 ⁶

94 1642 97 1650 ’
166 1673 283 1714 summa
303 1671 402 1711 rerum
414 1653 580 1730 potiretur,
590 1659 621 1710 et
643 1670 746 1730 pacem
766 1650 943 1730 impetraret,
958 1669 1024 1728 quae
1037 1669 1117 1710 nunc
1131 1670 1198 1710 eum
1211 1671 1264 1731 pa·
1314 1662 1320 1674 ·

167 1746 238 1805 cisor
231 1743 444 1822 postulemus,
455 1751 516 1802 tum
532 1743 701 1802 facturum.

208 1831 257 1897 90.
277 1837 408 1897 Pacem
401 1836 490 1914 igitur
502 1835 547 1896 his
561 1836 816 1915 pollicitationibus
831 1847 861 1896 et
875 1837 950 1896 dolis
959 1846 990 1897 et
999 1836 1142 1897 illecebris
1157 1857 1176 1896 a
1185 1838 1267 1898 ιοΙιίι

167 1933 231 1991 sine
255 1930 460 1989 Phocensibns
481 1929 704 2034 impetrarunt..
726 1930 809 2002 Post,
830 1929 1042 2009 prohibendum
1065 1942 1137 2003 erat,
1166 1951 1203 1991 ne
1228 1931 1266 2020 ad

167 2023 258 2103 Pylas
270 2022 380 2081 auxilia
391 2023 591 2082 mitterentur:
612 2023 748 2101 cujns'rei
761 2023 855 2101 gratia
868 2041 898 2080 1..
915 2023 1045 2082 triremes
1060 2022 1089 2082 in
1102 2025 1267 2104 propinquo

166 2117 199 2176 in
214 2116 327 2177 ancoris
342 2116 469 2187 stabant,
484 2125 518 2175 ut
534 2116 559 2174 si
576 2116 811 2194 proficisceretur
824 2115 988 2194 Philippus,
1003 2123 1054 2176 ros'
1063 2117 1266 2195 prohiberetis.

169 2207 252 2278 Quid
265 2207 460 2286 igiturtquoe
481 2207 585 2292 iterum
601 2209 681 2268 fraus
706 2207 753 2268 hic
767 2206 1002 2286 excogitabitur?
1024 2209 1172 2286 Tempora
1184 2211 1267 2270 vobis

164 2299 320 2380 'eripienda
338 2311 431 2368 erant,
445 2309 476 2360 et
489 2302 641 2378 negotium
654 2301 696 2360 ita
709 2300 888 2373 ducendum,
902 2309 936 2358 ut
949 2301 1046 2360 subito
1059 2302 1216 2378 ingrueret,
1231 2323 1267 2364 ac

168 2413 237 2467 vos,
253 2413 308 2453 nec
332 2392 357 2451 si
381 2393 504 2465 velletis,
525 2392 650 2472 possetis
673 2388 782 2472 egredi,
796 2394 896 2472 itaque
919 2393 991 2454 istos
1013 2392 1118 2452 fecisse
1140 2405 1266 2455 constat.

169 2487 236 2564 Ego
249 2504 331 2557 vero,
345 2494 379 2543 ut
396 2485 457 2564 jam
482 2485 588 2564 saepius
613 2484 746 2571 audistis,
759 2504 820 2545 non
842 2485 935 2564 prius„
946 2485 1024 2544 abire
1048 2486 1148 2565 potui:
1171 2487 1270 2547 sedet

170 2598 246 2640 nave
260 2578 409 2638 conducta
424 2598 488 2638 sum
502 2588 644 2638 retentus.
684 2578 753 2638 darn
768 2597 842 2657 opus
857 2588 929 2652 erat,
943 2587 975 2636 ut
998 2577 1087 2636 etiam
1105 2577 1198 2638 fidem
1215 2579 1269 2638 ha·

138 2685 143 2698 “
168 2675 274 2732 herent
288 2671 424 2764 Philippo
438 2671 617 2742 Phocenses,
632 2690 722 2748 seque
732 2671 808 2731 ultro
822 2671 973 2744 dederent,
988 2677 1025 2730 ne
1036 2691 1082 2732 res
1097 2671 1269 2746 differretur,

167 2785 244 2826 nere
265 2758 441 2823 contrarium
457 2763 570 2822 avobis
594 2757 882 2823 senatusconsultum
905 2763 1076 2823 ederetur·
1092 2763 1218 2824 Proinde
1232 2767 1269 2828 ab

170 2856 394 2916 Atheniensium
408 2855 513 2933 legatis
522 2855 721 2915 nunciandum
734 2855 800 2926 fuit,
816 2855 984 2914 Phocenses
998 2868 1200 2917 conservatum
1215 2858 1269 2918 iri:

172 2958 219 3020 ut,
229 2949 357 3014 ¹tametsi
381 2947 487 3026 aliquis
510 2947 580 3006 mibi
602 2947 727 3020 diffidat,
741 2947 856 3006 illorum
868 2947 1133 3025 promissisfretus,
1154 2950 1270 3010 se-mihi

171 3041 280 3102 tradat.
321 3040 515 3100 Athenienses
529 3049 627 3100 auteur
640 3039 721 3118 ipsos
741 3057 924 3098 accensemus
942 3057 1004 3109 nos,
1026 3050 1066 3098 ut·
1082 3042 1191 3100 omnia
1203 3063 1271 3120 quae

169 3135 282 3205 volunt,
301 3134 356 3192 sihi
376 3143 481 3212 parata
504 3153 569 3194 esse
592 3131 803 3205 existimantes,
817 3131 890 3190 nihil
903 3132 1080 3192 contrarium
1101 3133 1269 3198 decernant.

171 3227 219 3286 Illi
229 3237 327 3286 autem
341 3248 361 3287 a
372 3227 457 3286 nobis
478 3227 549 3286 talia
571 3225 754 3286 nunciabunt
768 3234 799 3284 et
811 3223 991 3304 promittent,
1005 3233 1038 3284 ut
1051 3225 1191 3304 quicquid
1202 3239 1272 3290 tan·

171 3321 239 3379 dem
254 3322 316 3392 fiat,
330 3335 390 3380 ιιοιι
403 3328 682 3380 commoveantur.

212 3415 263 3472 91.
285 3412 334 3472 Ad
351 3413 431 3472 hunc
453 3412 573 3472 modum
596 3422 627 3472 et
649 3411 756 3472 talibus
781 3383 905 3483 technis,
927 3411 1048 3472 abistis
1069 3415 1270 3494 perditissimis

169 3506 344 3566 hominihus
351 3525 452 3566 omnes
465 3525 512 3565 res
527 3515 596 3566 sunt
608 3506 739 3586 perditoe.
782 3507 886 3586 ltaque
901 3505 1000 3566 statim
1014 3527 1074 3568 non
1088 3510 1229 3590 Thespias
1243 3523 1276 3572 et

127 3621 131 3627 ·
171 3602 301 3662 Plataeas
323 3601 479 3660 instaurari
498 3599 621 3672 vidistis,
646 3609 688 3660 ut
702 3599 844 3660 decebat:
867 3599 920 3660 sed
935 3599 1100 3662 Coroneam
1114 3613 1144 3662 et
1158 3605 1271 3664 Orcho-

171 3709 292 3754 menum
312 3713 428 3754 erersas
443 3712 509 3754 esse
524 3693 695 3754 audivistis:
718 3712 778 3752 non
792 3692 916 3753 Thebas.
931 3693 1094 3774 depressas,
1113 3715 1168 3754 nec
1191 3697 1271 3756 inso-

169 3787 292 3848 lentiam
320 3786 527 3846 Tbebauorum
554 3795 585 3846 et
606 3785 752 3846 'ferociam
779 3786 947 3860 cohibitam,
982 3789 1036 3847 sed
1065 3786 1271 3863 Phocensium,

169 3882 315 3942 sociorum
323 3891 495 3954 vestrorum,
505 3879 612 3940 moenia
620 3879 726 3952 diruta,
736 3881 829 3958 eaque
839 3881 937 3941 diruta
949 3900 967 3940 a
978 3880 1139 3951 Thebanis,
1151 3901 1274 3960 qnorum

169 3973 446 4032 urbem'AEschinis'
470 3974 558 4032 verba
580 3973 610 4031 in
632 3973 923 4052 pagosredegerunt
946 3971 1067 4030 scilicet.
1108 3967 1274 4038 Nonvobis

11 4041 15 4074 ³
97 4124 101 4132 ,
171 4065 287 4124 Euboea
299 4065 406 4124 tradita
420 4064 728 4144 esnp'roAmphipoli:
755 4064 809 4124 sed
831 4063 983 4141 Philippus
996 4063 1027 4121 in
1042 4063 1155 4124 Euboea
1173 4069 1274 4145 praesi.

169 4156 222 4224 dia
235 4156 381 4218 munitat
393 4158 504 4216 bellum
518 4157 606 4217 vohis
614 4158 682 4218 inde
696 4156 892 4225 inferendum,
907 4153 1080 4216 etGerasto
1095 4167 1125 4217 et
1144 4157 1274 4238 Megaris

167 4249 304 4308 insidiari
323 4269 381 4310 non
395 4250 519 4312 desistit.
559 4249 628 4310 Non
642 4239 725 4309 vobis
738 4249 857 4327 Oropus
877 4247 1056 4308 restituitur:
1078 4252 1132 4310 sed
1145 4253 1182 4311 de
1195 4253 1274 4332 Dry-

169 4361 233 4414 mo,
248 4352 279 4402 et
293 4358 365 4421 agro
386 4343 425 4401 ad
438 4343 602 4403 Panactum
617 4342 704 4401 armis
719 4340 899 4412 dimicamus,
914 4342 994 4420 quod
1009 4343 1098 4402 salvis
1112 4343 1274 4404 Phocensi-

166 4438 406 4516 bes-nunquam
419 4437 554 4501 fecimus.
596 4435 665 4514 Non
689 4432 774 4518 patrii
793 4434 865 4495 ritus
891 4433 920 4494 in
941 4435 1051 4514 templo
1064 4435 1208 4515 Delphico
1222 4439 1274 4498 oh·
