2886 4946
515 645 849 740 'AaUGERI

553 863 799 985 ausuras

392 1057 696 1130 PHILIPPIGAE
726 1063 950 1148 QUARTAE.
1004 1153 1006 1156 Ι

556 1309 566 1321 ¹
578 1245 762 1318 Propositum.

126 1409 130 1416 ·
145 1375 246 1442 ,Quuss
262 1376 293 1430 in
305 1373 423 1433 'l'hrania
434 1375 576 1451 Philippus
587 1378 698 1440 vinnere
710 1384 844 1452 pergeret,
855 1399 942 1454 quum
948 1385 1009 1455 jam
1018 1390 1228 1458 oppugnaturus

119 1467 191 1518 esset
199 1461 362 1516 Perinthum
374 1465 403 1514 et
414 1460 590 1529 Byzantium,
598 1462 795 1535 Euboeamque
807 1481 858 1522 suo
870 1468 1022 1524 addixisset
1033 1471 1156 1542 imperio,
1168 1473 1227 1528 De·

119 1545 278 1598 mosthenes
290 1543 475 1610 conniouatur,
487 1559 521 1598 oo
537 1542 705 1602 addunturus
717 1547 902 1606 Athenienses
915 1555 946 1606 ut
963 1552 1097 1610 torridam
1108 1559 1137 1612 et
1148 1556 1226 1620 inde-

118 1627 218 1682 tessam
230 1627 308 1681 itlius
319 1626 496 1697 eupiditatem
510 1627 671 1685 retundant.

608 1773 768 1834 Exordium.

150 1897 287 1962 Queritnr
303 1900 395 1949 orator
407 1897 442 1950 de
453 1894 560 1949 innuria
570 1895 782 1951 Atheniensium
799 1896 828 1950 in
839 1896 957 1967 puhlinis
968 1898 1060 1964 rebus,
1071 1899 1226 1970 quodsatis

115 1978 238 2034 habeant
249 1981 279 2032 in
298 1977 476 2031 concionibus
488 1973 583 2032 audire
601 1981 623 2033 si
641 1978 709 2049 quid
727 1979 912 2048 novidioitur,
928 1983 957 2034 et
975 1997 1057 2052 sequa
1069 1985 1225 2054 disceptare

116 2065 245 2118 sedentes
268 2065 297 2114 et
315 2061 404 2126 otiosi,
422 2061 488 2114 dum
500 2062 529 2114 in
541 2062 622 2115 armis
634 2062 778 2132 Philippus
796 2079 830 2116 ea
847 2079 911 2132 quse
931 2064 983 2133 sibi
995 2065 1151 2135 expediunt
1168 2068 1226 2138 agit

117 2148 254 2200 alacriter.
279 2144 409 2197 Ostendit
427 2159 511 2214 quem
528 2144 565 2198 oh
577 2161 690 2198 eausam
701 2149 730 2198 et
742 2145 844 2216 quibus
861 2146 950 2198 modis
961 2147 981 2200 ii
1000 2145 1177 2206 dominentur
1193 2151 1225 2207 iu

116 2230 278 2285 trinitatibus
289 2224 337 2297 qui
348 2226 475 2296 Philippo
487 2226 588 2292 lavent,
601 2233 630 2281 et
642 2228 716 2282 undo
728 2244 771 2282 res
787 2227 908 2282 ciuitatis
926 2243 985 2283 suae
996 2231 1027 2284 iu
1047 2231 1127 2301 pejus
1138 2236 1204 2286 aaut
1215 2253 1225 2299 3

86 2318 91 2368 ἲ
115 2329 148 2367 ee
167 2316 315 2382 postquam
328 2308 479 2378 explicavit
493 2325 550 2378 quo
561 2314 643 2379 panto
662 2309 840 2364 Maondouiae
858 2325 910 2364 rex
921 2313 1056 2380 paulatim
1072 2317 1102 2366 et
1122 2316 1223 2374 sensim

115 2395 260 2450 maximus
271 2391 397 2460 eremit,
409 2397 563 2461 premonet
574 2407 604 2446 so
617 2392 755 2446 dicturum
765 2392 823 2460 jam
832 2394 900 2464 qnid
911 2391 948 2448 sit
959 2395 1107 2461 agendum.

572 2536 754 2612 Confirmatio.

149 2667 188 2717 1⁰.
208 2659 388 2729 Demonstrat
400 2637 481 2726 paulo
494 2644 582 2712 saueius
595 2658 752 2728 Philippum
765 2673 862 2728 paoem
873 2655 999 2727 uiolasse,
1010 2658 1220 2738 Atheniensium

5 2789 8 2802 .
113 2743 223 2800 civitati
234 2742 337 2794 bellum
350 2740 457 2805 inferre,
468 2740 573 2810 ipsique
585 2740 690 2794 hostem
704 2745 732 2794 et
744 2740 909 2794 malevolum
921 2747 981 2795 esse
992 2746 1023 2796 et
1039 2745 1221 2810 sssedebere.

146 2833 187 2881 20.
212 2825 279 2878 Hac
290 2840 321 2876 re
331 2823 526 2886 demonstrata,
539 2823 605 2876 dieit
615 2822 830 2876 Atheniensibus
841 2839 898 2876 non
909 2840 969 2877 esse
979 2826 1172 2894 postulandum
1185 2829 1221 2882 ah
1290 2865 1295 2868 -

113 2918 221 2966 oratore
238 2913 270 2962 ut
287 2907 397 2960 decreto
410 2907 512 2959 bollum
524 2907 650 2974 suadeat,
663 2907 712 2960 sed
731 2907 797 2975 ipsis
815 2907 918 2960 bellurn
937 2907 1141 2977 suscipiendum
1161 2927 1222 2966 esse

113 2993 255 3063 gnaviter:
274 2990 368 3059 itaque
380 2989 573 3042 conterendam
585 2990 740 3058 pecuniam,
751 2985 949 3057 comparandos
956 2989 1103 3057 exereitus,
1116 2997 1144 3047 et
1152 2994 1221 3062 ipsis

112 3077 206 3131 omnia
217 3068 487 3143 suppeditandaquae
499 3073 655 3126 necessaria
663 3076 737 3127 sunt.
756 3072 831 3126 Hine
840 3073 931 3126 vivide
941 3075 1056 3143 exponit
1068 3075 1219 3132 socordiam

112 3174 219 3230 quares
227 3172 303 3236 nuno
314 3171 365 3207 sua
375 3153 472 3208 eivilas
484 3154 664 3220 administrat,
675 3157 704 3207 et
715 3169 778 3224 quae
789 3154 934 3208 commoda
945 3170 982 3210 ex
1000 3155 1054 3208 alia
1066 3157 1166 3224 agendi
1177 3174 1221 3212 ra-

112 3246 186 3297 tione
198 3241 410 3308 consequentur.

146 3330 187 3378 30.
207 3323 302 3388 Pergit
311 3318 480 3372 ostendendo
491 3318 595 3372 bellum
608 3305 717 3388 prorsus
728 3319 935 3387 suscipiendum
945 3334 1018 3385 esse,
1028 3335 1084 3372 non
1094 3322 1221 3379 conside·

111 3409 177 3460 ratis
189 3407 319 3471 sumptu,
316 3399 457 3454 molestiis
469 3402 497 3452 et
509 3400 617 3463 labore;
634 3403 716 3480 atque
729 3401 814 3454 instat
824 3400 1013 3455 vehementius
1025 3408 1057 3455 ut
1069 3417 1133 3457 suos
1145 3405 1219 3460 cives

111 3507 128 3542 e
139 3487 214 3556 turpi
226 3489 339 3556 veterno
352 3483 464 3547 excitet,
477 3497 561 3550 quum
576 3498 623 3535 eos
634 3487 741 3551 premat
758 3481 908 3536 nenessitas
919 3500 982 3553 quae
994 3483 1065 3537 uiros
1081 3486 1155 3554 cogit
1169 3487 1219 3542 ho·

40 3611 41 3618 .
110 3577 203 3626 nestos
213 3567 258 3622 et
250 3581 393 3636 ingenuos.
412 3564 483 3634 ipsis
494 3565 644 3634 exprobrat
654 3566 728 3635 quod
738 3582 773 3620 ne
784 3567 994 3637 velintquldom
1002 3585 1037 3622 ea
1046 3567 1141 3624 audire
1153 3587 1217 3640 quse

33 3669 36 3675 ·
110 3654 139 3708 in
152 3647 502 3712 deliberationemoadunt‚
520 3651 621 3718 etpost
634 3649 849 3704 deeisataudem
866 3651 979 3718 negotia
996 3653 1156 3720 praeposteri
1170 3653 1226 3706 de.

109 3737 304 3885 ,libffnlltlouat
313 3813 455 3868 audientes
467 3813 591 3887 pecuniis
603 3807 754 3884 praesertim
767 3813 925 3884 reipublioae
936 3795 1009 3884 opus
1021 3831 1089 3880 esse,
1101 3829 1135 3867 ao
1147 3817 1217 3870 tenn-

110 3919 161 3974 με
172 3917 234 3954 esse
250 3897 501 3952 commodissimum
513 3900 546 3950 ut
559 3912 623 3952 oum
642 3896 787 3952 Persarum
805 3913 870 3965 rege
880 3897 1083 3976 colloquantur,
1096 3913 1217 3969 eumque

108 3983 252 4040 adducant
263 3984 295 4034 ut
306 3996 336 4034 se
347 3979 467 4048 peounia
484 3983 512 4032 et
524 3979 605 4032 armis
618 3977 739 4046 adjuvet.
774 3977 924 4033 Contendit
936 3989 993 4030 nou
1008 3977 1153 4034 Persarum
1168 3983 1218 4038 sed

108 4063 285 4122 Macedoniae
298 4077 390 4130 regem
401 4077 462 4114 sere
472 4075 545 4113 nuno
556 4075 615 4114 esse
627 4059 816 4114 metuendum.

141 4153 183 4204 60.
203 4145 339 4214 Loquitur
349 4143 383 4194 de
394 4142 514 4210 paenula
525 4141 650 4195 theatrali
652 4157 736 4210 ‚quse
748 4142 840 4194 obstat
850 4157 886 4194 ne
898 4137 1011 4214 publiea
1027 4155 1071 4196 res
1083 4149 1157 4200 reete
1169 4125 1219 4200 ad·

108 4204 286 4288 ministretur.
305 4228 350 4280 De
361 4227 412 4278 han
425 4226 543 4296 pecunia
552 4225 653 4279 oratori
663 4223 840 4279 immutatam
850 4239 910 4277 essa
919 4225 1089 4282 uoluntatem
1100 4233 1218 4300 constat,

108 4323 136 4372 et
147 4328 235 4385 quum
248 4311 321 4364 nives
331 4326 395 4366 suos
406 4309 510 4364 videret
519 4305 711 4362 inflexibiles
682 4321 794 4375 ,ipsum
808 4306 879 4359 de
855 4308 1220 4378 r1a‚puhlioeeeausautili·

107 4400 180 4463 tatis,
191 4394 307 4488 paulum
319 4392 475 4448 deflexisse.
507 4392 564 4446 llio
582 4391 675 4462 itaque
693 4389 943 4461 saudetdivitihus‚
953 4407 994 4446 ne
1002 4379 1116 4446 moleste
1128 4393 1219 4452 reram

108 4481 179 4538 huno
191 4477 336 4550 penuniam
346 4476 473 4546 sonipero
482 4489 634 4548 pauperes,
654 4489 802 4546 rursusque
813 4474 994 4545 pauperibus,
1003 4479 1036 4532 ut
1046 4475 1217 4550 publicispn-

676 4575 695 4618 0
