2946 4954
482 237 702 348 anteusus
724 249 942 362 remmam.
1209 280 1270 340 aar
1372 314 1376 322 ,

156 421 530 523 juetalemlcgemgratam
555 421 744 524 habeatis-id
756 457 874 517 quoque
888 431 1274 516 paucis·demonstrareco-
1363 475 1367 492 .

165 528 509 620 ιιιιιοιχιιιιιιιιιιιιιιιίιιι
531 539 641 590 nostroe
662 532 744 591 urbis
760 531 928 616 exemplum
943 529 1080 588 attulero.
1106 529 1275 596 Dicuntur·

168 623 302 700 'l'riginte
313 622 424 698 tyranni
438 641 456 682 a
470 621 700 682 Lacedaemoniis
714 631 818 682 ιιιιιιιιο
833 620 980 700 accepisse
994 621 1148 700 pecuniam
1167 634 1270 682 contra

66 748 67 752 =
167 723 218 774 eos
232 715 326 792 quiin
341 713 484 774 Piraeeum
488 725 693 788 secesserant.
736 713 942 776 Reconciliatis
958 723 1055 779 autem
1067 714 1146 783 inter.
1155 735 1187 774 se
1201 715 1276 774 civl··

165 809 335 887 bus,eoque
349 805 479 866 tumultu
490 808 594 886 sopito,
609 806 823 868 Lacedoemonii
834 805 991 887 pecuniam
1002 805 1082 865 illam
1092 825 1144 885 per
1157 806 1275 886 legatos·
1324 815 1326 818 ’

125 915 127 917 ’
167 901 357 980 repetierunt.
379 898 453 959 Orta
465 918 551 978 porro
566 919 604 959 ex
617 919 655 960 ea
668 919 699 959 re
713 900 941 992 disputatione,
936 897 1044 958 cumbi
1056 916 1106 956 eos
1121 898 1170 977 qui
1181 899 1211 956 in
1222 919 1269 957 ur·
1271 920 1274 948 =

168 995 207 1052 be
220 1001 388 1052 manserant
401 1001 431 1050 et
435 1012 486 1063 aes
500 993 627 1052 alienum
641 993 813 1064 conflarant,
823 993 901 1051 idem
916 973 1005 1050 etiam
1011 989 1173 1050 dissolvere
1182 991 1269 1071 jube·
1342 1057 1345 1065 J

170 1096 266 1154 rent:¹
258 1084 319 1159 illi
330 1080 521 1145 communiter
535 1085 765 1145 Lacedaemoniis
782 1083 1023 1145 satisfaciendum
1035 1093 1187 1142 censerent
1188 1087 1269 1162 ,quo
1344 1069 1350 1081 ⁸

167 1177 198 1236 1d
208 1197 365 1260 primurn
347 1178 554 1237 concordioe‘
526 1197 632 1257 pignus
645 1187 742 1237 esset:
765 1177 848 1238 aiunt
871 1177 1016 1256 Populum
1034 1197 1095 1236 uon
1117 1195 1274 1240 recusasse

168 1269 206 1329 de
219 1289 274 1329 suo
287 1253 471 1329 contribuere
484 1278 515 1330 et
519 1278 698 1354 sumptuum
711 1279 825 1349 partem
839 1269 869 1327 in
884 1287 916 1328 se
933 1268 1083 1338 reclinare,
1096 1287 1134 1328 ne
1148 1268 1219 1348 quid
1233 1287 1274 1329 ex·

166 1361 202 1420 iis
217 1381 284 1439 quae
306 1363 710 1422 convenerantviolaretur.
726 1363 774 1421 An
796 1382 856 1423 non
878 1361 967 1440 igitur
992 1357 1152 1432 absurdum
1171 1363 1270 1438 suerit,

154 1451 383 1526 -Athenienses,
396 1471 449 1512 vos
463 1465 539 1524 tum,¹
549 1474 588 1513 ne
600 1454 805 1525 mentiremini,
816 1452 948 1514 conferre
962 1454 1115 1532 pecuniam
1129 1455 1273 1518 meorum

167 1565 255 1605 usum
269 1545 319 1623 qui
332 1563 384 1604 vos
396 1543 566 1606 affecerant
584 1536 690 1624 injurie
710 1545 856 1604 voluisse:
878 1564 960 1626 nunc
979 1565 1059 1616 vero,
1071 1565 1149 1632 'cum
1173 1547 1270 1621 liceat,

167 1639 310 1714 abrogata
322 1637 402 1716 lege,
416 1637 478 1696 sine
493 1645 611 1716 sumptu
621 1639 670 1718 jus
688 1657 774 1697 suum
794 1639 921 1705 tribuere
943 1637 990 1698 his
1010 1638 1059 1717 qui
1081 1640 1156 1698 bene
1175 1642 1270 1701 meriti

168 1739 249 1802 suut,
263 1729 351 1788 malle
365 1725 486 1788 lallerei
505 1729 563 1788 boc
578 1729 647 1787 mihi
660 1730 776 1808 quidem
799 1730 1040 1808 indignissimum·
1051 1729 1177 1790 videtur.
1220 1734 1273 1792 Ao

168 1841 265 1881 mores
279 1829 389 1881 nostrae
402 1821 536 1894 civitatis,
551 1820 756 1895 Athenienses,
770 1841 836 1882 cum
852 1843 889 1882 ex
903 1823 1003 1882 multis
1016 1822 1091 1896 aliis,
1101 1833 1171 1892 tum
1173 1842 1210 1882 ex
1222 1815 1268 1886 lris

167 1933 235 1995 quae
243 1913 391 1996 recensui,
404 1913 530 1994 perspici
552 1909 651 1992 potest
672 1934 737 1974 esse
761 1914 846 1987 tales,
861 1925 893 1974 ut
906 1935 943 1974 ea
956 1935 975 1974 ι
987 1915 1147 2010 mendaciis
1163 1916 1267 1992 abbor·
1360 1912 1362 1917 ’
1387 1903 1390 1911 ⁴

167 2017 275 2067 reat
244 2018 275 2067 e
291 1987 473 2066 humanat
435 2017 483 2078 ιιι,
497 2016 531 2066 ιιι
550 2027 609 2066 uon
623 2006 653 2065 id
667 2007 762 2066 solum
777 2016 890 2085 spectet
904 2007 1010 2086 quibus
1024 2017 1068 2076 rat
1056 1986 1183 2068 tionibus
1197 2031 1271 2070 asra·

167 2100 241 2158 rium
254 2099 460 2178 locupletetur,
474 2101 528 2160 sed
541 2099 630 2164 illud
639 2101 726 2158 etiam
741 2099 813 2178 quid
836 2100 925 2159 factu
930 2101 968 2160 sit
980 2088 1156 2161 honestum.
1178 2082 1273 2180 legis*
1354 2101 1363 2114 ⁸

167 2191 244 2252 lator
264 2205 362 2252 autem
375 2193 431 2252 iste
435 2213 582 2272 ,quonam
595 2192 680 2252 aliis
673 2213 702 2252 m
716 2191 828 2282 rebus
819 2193 940 2283 mgenio
955 2194 993 2252 sit
1006 2193 1140 2297 equidem
1155 2197 1267 2268 nescio,

166 2304 265 2363 neque
288 2284 445 2363 quicquam
466 2287 630 2364 improbum
655 2285 691 2373 de
716 2275 752 2344 eo
775 2277 852 2357 dico,
865 2303 960 2364 neque
975 2285 1129 2364 quicquam
1150 2277 1191 2345 illi
1208 2289 1274 2378 tale-

166 2377 317 2437 conscius
324 2397 406 2446 sum:
429 2378 482 2438 sed
501 2378 595 2456 legem
619 2377 683 2456 ejus
713 2378 841 2449 minens,
855 2378 942 2437 video
955 2396 1052 2436 mores
1077 2378 1141 2456 ejus
1163 2399 1181 2438 a
1204 2399 1273 2440 mo···
1353 2381 1355 2385 ’

166 2470 249 2530 ribus
271 2469 395 2530 civitatis
426 2470 551 2529 multum
578 2470 754 2530 dissidere·
771 2470 867 2536 Quod
888 2472 912 2530 si
940 2489 989 2537 me
1015 2470 1149 2548 audietis,
1178 2470 1265 2552 longe

167 2561 362 2639 praestabilius
375 2561 530 2634 videbitur,
544 2571 578 2620 ut
597 2562 621 2620 is
646 2562 676 2620 in
700 2553 870 2640 abroganda
892 2555 958 2641 lege
971 2562 1098 2622 vestram
1110 2565 1267 2646 auctorita

71 2649 73 2656 '
148 2665 151 2678 ·
168 2663 227 2713 tem
240 2654 338 2732 valere
352 2655 490 2737 potiatur,
500 2671 588 2730 quam
601 2662 636 2712 ut
649 2673 713 2711 eam
727 2654 831 2713 vestris
845 2653 990 2732 suffragiis
999 2651 1146 2732 perferati
1158 2653 1272 2740 etenum:

158 2764 235 2806 ‚cum
259 2746 313 2824 ipsi
338 2755 400 2804 tum
420 2744 589 2822 reipublicae
608 2745 824 2818 conducibilius
846 2747 910 2818 erit,
936 2755 970 2824 ut
990 2741 1126 2826 Leptines
1140 2769 1159 2808 a
1179 2742 1273 2834 repu-¹

164 2839 246 2897 blica
258 2837 423 2919 exemplum
430 2845 530 2915 ..petat
551 2855 651 2915 quam.
663 2847 696 2896 ut
718 2847 848 2896 nostram
872 2835 1018 2896 ciuitatem
1037 2837 1099 2916 ipse
1115 2842 1163 2900 sui
1186 2843 1265 2902 sinri-
1359 2884 1368 2902 .

166 2931 228 2989 lem
251 2931 406 2990 esse-velit.
449 2929 527 2989 Nam
541 2929 656 2990 etiamsi
670 2921 797 3008 optimus
822 2930 869 2998 sit,
883 2927 978 3008 qualis
1004 2949 1074 2990 sane
1097 2935 1270 2997 nonobsto·
1340 3005 1346 3016 ¹

165 3025 340 3105 quominus
363 3023 561 3103 perhibeatur,
574 3022 639 3102 ejus
657 3033 756 3086 ιιιιιιιι
776 3040 889 3081 mores
896 3021 1021 3102 publicis
1045 3022 1181 3084 institutis
1204 3046 1271 3116 non·

166 3117 454 3177 eruntanteferendi.
1219 3157 1221 3162 ,
1266 3133 1269 3170 ι

173 3211 237 3270 6
258 3211 367 3270 Verum
381 3231 447 3290 ego,
456 3195 584 3290 Judices,
597 3210 706 3270 rectius
720 3228 772 3270 vos
794 3209 831 3270 de
845 3209 908 3288 hoc
921 3209 1041 3288 negotro
1052 3209 1269 3276 deliberaturos·
1364 3231 1367 3238 ·

164 3301 299 3376 arbitror,
311 3323 338 3362 ιι
330 3301 615 3375 consideraveritis,
628 3321 695 3380 quar
710 3319 808 3361 causa
814 3303 870 3370 ιιι;
880 3320 945 3360 cur
957 3302 1083 3363 honores
1098 3324 1148 3382 qur
1141 3291 1270 3385 aliquis

162 3397 220 3454 bus
235 3395 362 3456 alibero
372 3395 488 3456 civitate
501 3395 647 3455 habentur
659 3394 751 3474 pluris
764 3394 846 3467 flant,
862 3413 951 3474 quom
962 3396 1013 3473 qul
1028 3397 1179 3472 coeteris
1171 3397 1268 3478 impe?

162 3486 224 3559 riis,
239 3505 305 3546 eam
317 3487 452 3568 haclege
462 3487 556 3547 tolli·-
583 3487 661 3546 Nam
676 3487 700 3546 si
714 3486 882 3566 accipientis
905 3485 1113 3566 compendium
1133 3481 1163 3550 et
1173 3491 1263 3564 ⁸utilif
1311 3543 1312 3550 ,

150 3584 241 3640 'tates
254 3591 432 3685 spectentur,
445 3595 515 3642 cum.
522 3580 654 3660 tyrannis
667 3593 698 3638 et
713 3579 878 3658 oligarchiis
888 3599 975 3640 nemo
987 3581 1159 3646 liberalitate
1169 3591 1264 3658 certa·
1331 3633 1339 3645 ,

159 3671 253 3739 verit;
276 3691 343 3732 cum
357 3673 400 3732 eis
414 3672 443 3731 in
458 3682 596 3751 promptu
610 3671 648 3732 sit
661 3691 729 3730 mox
742 3672 871 3749 quemvis
886 3672 1084 3758 locupletare:
1106 3653 1266 3735 liberarum·

160 3784 234 3825 vero
244 3765 344 3826 civitat
346 3785 392 3825 um
401 3767 538 3838 honores,
549 3765 636 3843 longe
647 3764 715 3843 plus
725 3774 755 3823 et
769 3763 920 3846 dignitatis
932 3775 963 3824 et
973 3756 1267 3840 constantiaehabere

161 3859 303 3918 censendi
316 3871 410 3920 sunt·
439 3858 517 3926 Quia
530 3867 561 3918 et
572 3857 647 3916 illud
664 3857 839 3936 praeclarum
853 3870 909 3944 est,
917 3843 1007 3926 nullo
1020 3875 1086 3916 cum
1107 3856 1267 3935 dedecore,

160 3955 214 4010 aut
237 3939 443 4012 assentationis
466 3951 633 4030 suspicione
655 3951 797 4030 accipere,
818 3950 872 4010 sed
894 3951 968 4008 inter
987 3968 1049 4020 eos,
1068 3967 1136 4008 cum
1155 3953 1261 4029 quibus
1309 3969 1312 3976 '

159 4061 249 4120 sequo
267 4044 382 4122 etpam
399 4045 467 4123 jure
489 4042 581 4116 rivas,
601 4044 639 4118 ob
659 4043 773 4103 virtutis
795 4042 1005 4124 praestantiam.
1018 4026 1118 4119 magni
1137 4043 1210 4120 fieri,
1222 4056 1266 4114 ¹et

123 4149 125 4152 “
159 4135 325 4214 aequalibus
348 4135 424 4196 ultro
444 4133 626 4196 admirationi
645 4155 728 4203 esse;
751 4134 989 4214 idtquodlonge
1012 4135 1181 4218 preclarius
1196 4129 1266 4214 est,
1296 4187 1303 4202 ,

154 4247 250 4306 quam
265 4248 283 4287 a
296 4225 416 4287 domino
428 4227 541 4306 quidvis
553 4227 710 4306 accepisse.
753 4224 831 4283 Nam
851 4236 884 4283 ut
907 4227 986 4304 apud
1004 4226 1078 4285 illos.
1090 4227 1259 4312 impenden-

156 4321 560 4400 tiumpericulorummetus
583 4318 672 4378 vincit
693 4317 845 4397 praesentis
860 4318 1001 4404 beneficii
1006 4315 1258 4405 magnitudinem:

138 4414 201 4478 -sic
216 4413 296 4493 apud
309 4433 372 4488 uos,
390 4413 529 4493 quicquid
549 4411 654 4501 aliquis
678 4411 851 4490 accepisset,
864 4429 966 4487 secure
988 4423 1105 4487 tenere,
1112 4415 1265 4502 superiore
