2912 4946
263 182 271 215 χ
349 153 352 162 ,

218 261 278 328 ιιι
394 219 408 266 ’
468 260 640 338 course
661 266 1010 332 rnrsrocrrouuru
1031 269 1072 338 ιι.

221 421 275 482 soli
285 421 339 483 tibi
349 424 385 484 erl
395 424 532 490 omnibus
544 425 658 486 civibus
668 423 817 487 licentiam
827 426 946 488 unua.
968 426 1047 487 lllud
1061 425 1101 488 ad
1111 425 1319 508 probiberidanr

220 533 285 574 eam
305 533 418 595 pacem,
442 537 502 596 qua
522 533 596 596 pace
617 535 696 588 uuus
719 517 871 578 dominatu
896 517 977 580 urbis
999 520 1162 600 potiretur:
1183 519 1262 580 istud
1288 539 1320 580 eo

220 621 347 688 spectat,
359 621 395 670 ut
406 631 497 692 supra
505 612 639 691 judicum
655 611 774 672 decreta
789 623 819 672 et
831 612 975 685 instituta,
989 624 1132 692 perpetua
1142 613 1217 672 serie
1230 632 1250 672 a
1262 633 1321 672 ma·

214 701 327 784 juribus
340 704 460 776 tradita,
475 703 526 763 tibi
543 705 598 763 soli
612 704 850 784 potestas·detur
863 705 1054 785 delinquendi
1068 715 1100 764 et
1119 705 1229 784 egendi
1243 705 1321 783 quic·

218 794 289 872 quid
303 795 416 856 libitum
431 797 527 857 fuerit.
561 795 708 875 Equidem
723 815 790 857 eurn
806 817 909 878 rogare
921 798 1021 878 cupio,
1034 808 1132 856 ιιιιιιιιι
1146 797 1280 877 legitima
1294 807 1322 858 et
1356 869 1360 875 .

139 947 141 954 ,
213 885 296 967 justa
315 890 427 949 ratione
442 889 592 950 decretum
606 889 680 949 illud
696 891 850 961 meuserit,
873 909 911 949 an
930 901 1035 950 contra
1053 908 1108 968 per
1126 889 1275 970 injuriam,
1293 898 1322 949 et

122 1044 125 1048 ,
217 978 334 1058 legibus
347 981 472 1042 violatia.
504 981 537 1042 si
551 983 628 1041 enim
646 981 789 1043 inutiliter
808 992 839 1042 et
851 983 882 1041 in
895 983 997 1063 populi
1009 982 1155 1054 fraudem,
1167 992 1321 1076 propterea

212 1070 280 1150 jure
291 1074 483 1134 occideretis.
506 1078 549 1152 sin
562 1075 671 1135 utiliter
683 1086 715 1136 et
727 1096 744 1135 e
754 1095 785 1136 re
799 1075 1005 1144 multitudiuis,
1018 1095 1073 1134 cur
1082 1093 1163 1134 nunc
1177 1065 1319 1152 postulas,

216 1173 250 1222 ut
263 1165 294 1224 iri
307 1167 425 1228 decreto
439 1177 490 1227 tuo
504 1169 649 1229 contraria
669 1168 851 1229 decernenti
873 1169 933 1230 Sed
946 1188 1043 1248 neque
1056 1167 1128 1228 illa
1115 1177 1212 1248 justa,
1225 1187 1318 1260 nequo

216 1255 282 1317 hac
296 1258 427 1350 legitima
436 1272 519 1334 sunt,
532 1271 583 1322 aut
596 1262 681 1324 utilia
693 1264 787 1323 vobis.

257 1353 287 1412 5.
310 1352 378 1432 Ego
397 1373 466 1414 vero
486 1374 537 1415 vos
551 1356 648 1426 video,
658 1355 809 1435 judices,
801 1367 843 1415 ιιι
859 1365 891 1415 et
910 1355 941 1415 in
959 1354 1156 1435 vosmetipsos
1176 1373 1246 1414 esse
1259 1356 1319 1415 ani-

217 1453 324 1503 matos.
346 1445 460 1506 Multos
479 1448 557 1518 enirn
566 1447 629 1528 jam
641 1447 820 1527 plebeiorum
833 1446 985 1508 bonduurir
1000 1447 1115 1507 delator
1128 1456 1221 1527 atque
1233 1467 1319 1508 accu-

218 1545 298 1597 satos
312 1539 544 1602 condemnastis.
576 1541 684 1600 Nonne
697 1559 767 1601 vero
782 1541 914 1622 iniquum
928 1551 986 1612 est,
1007 1549 1112 1601 coctra
1124 1539 1318 1620 vosmetipsos

98 1701 103 1710 q
215 1628 259 1688 ita
280 1630 380 1710 legum
399 1652 465 1692 esse
484 1635 683 1706 obsewautes,
703 1633 736 1694 in
755 1650 807 1694 eos
824 1651 893 1695 vero
905 1637 957 1714 qai
973 1633 1088 1694 curiose
1109 1632 1318 1714 supervacanei

217 1722 325 1802 aliquid
349 1736 452 1806 agunt,
472 1737 504 1786 et
526 1728 644 1806 publice
666 1727 803 1788 omnibus
823 1729 974 1808 negotium
995 1729 1158 1799 facessunt,
1179 1736 1211 1786 et
1233 1747 1320 1807 supra

215 1815 288 1876 elios
305 1837 376 1878 sese
390 1817 526 1891 efferunt,
540 1819 583 1880 ita
604 1839 670 1881 esse
684 1821 765 1882 lenes
781 1831 812 1880 et
835 1819 1017 1881 dissolutos?
1040 1820 1146 1898 Neque
1166 1819 1248 1878 enim
1269 1817 1319 1888 ulli

214 1919 345 1968 restrum
356 1909 398 1970 ita
408 1913 547 1985 ιειιιιιιιιι,
563 1912 607 1974 sic
619 1914 739 1992 quidem
747 1924 784 1974 ut
795 1933 853 1994 ego
864 1914 944 1986 dico,
955 1915 1018 1973 lieri
1027 1924 1170 1995 oportere,
1184 1914 1240 1974 sed
1253 1932 1319 1993 pro·

214 2011 281 2080 pter
295 2004 503 2085 Aristogitonis
517 2009 690 2082 bonitatem,
703 2018 734 2067 et
746 2010 873 2068 sructura
887 2027 974 2086 quem
986 2027 1027 2066 ex
1046 2025 1082 2066 eo
1098 2006 1233 2087 capietis,
1247 2027 1318 2067 eon-

216 2093 384 2170 niveudum,
397 2099 450 2158 etsi
464 2099 618 2179 paululum
636 2100 822 2160 deflexerita
841 2100 969 2180 legibue.
998 2099 1075 2158 Nam
1094 2115 1162 2159 ειιιιι
1182 2119 1248 2159 sae
1265 2100 1318 2158 iru-

214 2189 350 2265 probum,
364 2199 395 2250 et
412 2193 521 2270 injusto
535 2192 690 2272 praeditum
707 2191 838 2271 ingenio,
861 2193 933 2252 satir
951 2193 1046 2264 vobis,
1067 2201 1103 2250 ιιι
1122 2191 1261 2270 equidem
1271 2211 1319 2251 ar-

214 2279 317 2353 bitror,
332 2283 367 2344 iis
381 2303 447 2362 quae
462 2295 529 2345 ante
549 2286 629 2346 dicta
653 2295 733 2360 sunt,
749 2286 902 2370 Lycurgus
928 2284 1076 2345 ostendit:
1096 2289 1160 2359 jam
1175 2289 1232 2343 irco
1253 2303 1318 2344 esse

215 2379 328 2452 utilem,
342 2399 378 2440 ex
389 2381 452 2461 ejus
462 2370 537 2442 a'ctis
549 2381 580 2440 in
593 2382 745 2460 republica
751 2380 936 2460 perspicitur.
957 2379 1054 2447 Quem
1067 2380 1145 2438 enim
1156 2379 1318 2440 adductum

214 2469 244 2528 in
253 2469 409 2550 judicium,
423 2491 549 2551 quorum
565 2473 719 2534 criminum
738 2471 966 2552 arguit-eorum
983 2470 1110 2530 convicit
1128 2469 1319 2532 accumulet

215 2565 313 2629 Quem
326 2566 410 2625 vobis
424 2565 549 2625 reditum
564 2565 769 2648 comparavit?
791 2563 881 2630 Quod
901 2563 1052 2624 decretum
1068 2563 1150 2634 fecit,
1164 2554 1248 2640 quod
1270 2583 1319 2622 ros

215 2665 333 2716 secutos
348 2677 484 2717 essenon
498 2657 692 2737 penituerit?
714 2658 794 2732 Nam
804 2666 913 2736 praeter
929 2665 1037 2728 cetera,
1049 2654 1137 2716 etiam
1150 2655 1195 2716 ita
1207 2677 1319 2717 vaecors

215 2758 270 2819 est,
292 2759 322 2808 et
333 2751 460 2810 barbaro
472 2750 601 2830 ingenio,
620 2761 654 2810 ιιι
668 2751 692 2810 si
712 2749 820 2836 quibus
842 2768 896 2810 vos
920 2749 1053 2809 iratiores
1072 2767 1138 2808 esse
1150 2748 1270 2822 viderit,
1289 2759 1319 2810 et

188 2881 193 2900 .
214 2840 293 2901 ultra
314 2857 401 2921 quarn
414 2861 474 2922 par
496 2853 543 2902 est
563 2842 737 2915 concitatos,
752 2852 814 2901 tum
837 2839 942 2902 vestris
965 2841 1179 2914 voluntatibus,
1200 2861 1241 2900 ex
1262 2844 1317 2902 ica·

214 2934 323 2995 cundia
334 2935 526 3009 animandis,
540 2936 745 2996 occasionibus
758 2934 938 2998 adverseorr.
961 2933 1057 2994 Decet
1070 2943 1169 2994 antem
1185 2954 1257 2994 eum
1271 2935 1318 3015 qui

214 3028 297 3088 vobis
317 3029 484 3089 consultum
497 3030 577 3103 velit,
587 3049 649 3089 ¹non
663 3029 769 3089 subitis
784 3027 948 3100 affectibus,
962 3027 1068 3106 quibus
1082 3026 1239 3086 iracundia
1254 3047 1317 3107 per·

214 3121 286 3179 moti
298 3129 368 3180 suut
382 3121 469 3181 animi
485 3121 572 3181 vestri
574 3122 773 3200 ‚indulgere,
769 3120 827 3181 sed
840 3119 948 3180 rationi
960 3129 992 3179 et
1005 3118 1157 3198 negotiis,
1158 3129 1191 3178 et
1203 3127 1316 3199 tempo·

215 3213 296 3275 ribus
310 3215 443 3293 obsequi.
465 3214 543 3273 Nam
554 3215 605 3274 illa
617 3215 714 3273 cubito
727 3214 901 3274 intercidere
914 3210 1029 3272 solent:
1056 3211 1124 3271 hac
1136 3231 1317 3290 permanere,

215 3313 246 3366 et
259 3306 440 3366 diuturniora
451 3325 527 3366 esse.
549 3286 680 3372 Quorum
695 3307 751 3364 iste
757 3297 842 3364 nihil
862 3305 1008 3385 cogitans,
1021 3304 1316 3384 occultareipubbcae

213 3397 285 3458 vitia
305 3400 428 3478 profert,
447 3410 481 3458 ut
501 3410 624 3478 cogatur
645 3398 750 3460 eadem
772 3398 892 3479 negotia
913 3406 945 3459 et
967 3408 1031 3458 rata
1050 3398 1171 3471 habere,
1188 3407 1225 3458 et
1239 3398 1316 3458 irrito

214 3491 322 3552 facere.
781 3529 783 3536 ,
955 3533 958 3540 1

215 3605 218 3612 ¹
249 3587 285 3646 -6,
306 3585 347 3646 At
357 3584 424 3645 ideo
436 3585 571 3646 senessia
582 3586 662 3664 quod
671 3585 701 3644 iu
712 3604 814 3644 omnes
827 3593 969 3664 perpetuo
979 3583 1077 3643 studet
1089 3582 1225 3644 convicia
1238 3584 1316 3646 dice·

126 3733 129 3739 .
215 3703 257 3754 re,
269 3689 299 3740 et
308 3680 472 3761 quiritatu,
486 3689 518 3739 et
526 3679 675 3739 orationes
690 3677 885 3759 interrumpit,
901 3695 1058 3737 nuneeunr
1072 3678 1241 3738 conservari
1248 3699 1316 3742 oon·

214 3774 318 3836 reniti
340 3774 411 3842 Sed,
426 3773 467 3833 ita
481 3791 529 3832 me
552 3772 686 3831 Minerva
706 3782 795 3843 amet,
812 3791 878 3850 quae
895 3790 975 3831 nunc
995 3791 1049 3851 pro
1067 3772 1214 3831 concione
1233 3774 1316 3846 fiunt,

214 3867 354 3928 dedecori
368 3877 437 3926 eunt
448 3865 636 3945 reipublicoe:
658 3874 688 3924 et
700 3875 819 3944 propter
832 3865 956 3924 istorum
969 3883 1024 3944 pro
1034 3875 1185 3944 ,suggesto
1195 3861 1316 3934 temeri·

215 3971 306 4021 tatem
320 3971 351 4021 et
364 3960 608 4040 desperationem,
627 3947 851 4037 ignominiosum
860 3955 990 4017 babetur
1000 3957 1061 4037 jani
1077 3977 1095 4016 a
1112 3954 1198 4017 bonis
1217 3959 1317 4020 virise

213 4062 314 4114 vestro
336 4071 470 4124 numero,
484 4051 591 4112 versari
606 4052 636 4109 iu
655 4051 814 4130 republica.
856 4051 982 4118 Quodsi
995 4069 1074 4111 nunc
1087 4050 1317 4112 alionivestruru

141 4219 146 4228 .
214 4150 272 4207 ista
284 4146 427 4224 voluptati
438 4154 519 4217 sunt,
532 4163 592 4203 non
604 4145 699 4214 deerit
712 4143 909 4224 copiosorum
922 4145 973 4222 qui
986 4144 1215 4204 talia‘factitent.
1239 4143 1317 4204 Nam

213 4241 303 4300 etiarn
322 4257 399 4298 nunc
413 4238 448 4297 iis
464 4239 602 4297 refertum
616 4249 663 4298 est
680 4247 865 4316 suggestum.
901 4233 1008 4318 Neque
1029 4238 1108 4298 enirn
1132 4238 1253 4297 difficile
1272 4247 1317 4298 ert
1429 4289 1430 4298 ,

213 4332 425 4412 reprehendere
436 4331 568 4402 consilia,
576 4331 629 4392 sed
638 4330 763 4391 suadere
770 4331 893 4408 aliquid,
902 4344 932 4392 et
941 4331 1118 4413 persuadere
1128 4333 1226 4401 vobis,
1239 4341 1273 4391 ιιι
1282 4351 1316 4392 er

215 4443 282 4502 quse
291 4433 407 4503 oportet
417 4425 594 4497 decernetis,
604 4426 634 4485 id
648 4445 717 4486 vero
726 4425 845 4486 difficile
859 4436 913 4488 est.
936 4426 983 4486 Ad
994 4425 1059 4486 baec
1068 4425 1123 4486 nisi
1132 4425 1215 4504 prius
1225 4425 1314 4486 etiam
