2932 4952
337 575 493 634 LlBANll
513 571 817 636 ARGUMENTUM
838 575 1073 652 ORATJONIS
1095 577 1267 639 CONTRA

481 667 485 678 '
630 667 968 731 ARISTOCRATEM.

282 846 472 896 Gnenrunreum
481 847 703 910 Oritnm,peregrini
712 847 891 906 militleduoem‚
898 850 1165 912 cersohleptie'l'hreoiae
1172 849 1234 914 regis
1245 845 1343 910 tmpore

248 926 330 979 torem,
341 921 436 970 civitate
456 925 567 972 donarant
581 923 743 980 Athenienses,
759 927 842 986 partim
861 927 922 986 quod
940 927 1020 974 utilem
1036 927 1096 988 reip.
1115 943 1209 988 operum
1227 931 1341 980 neeesset,

248 995 331 1058 pertim
348 999 409 1059 quod
427 1000 495 1061 plure
515 1003 543 1047 nb
563 1016 591 1048 eo
609 1001 721 1048 beneficis
739 1008 909 1063 exspectarent.
930 1004 967 1050 De
986 1003 1031 1050 hoc
1043 1004 1270 1051 senatusconsultum
1287 1002 1341 1048 feeit

248 1073 404 1122 Aristocraten
415 1077 562 1137 hujusmodi:
578 1077 603 1123 si
620 1077 692 1138 quis
710 1077 930 1125 Cheridemnm
947 1078 1122 1134 occiderit,
1139 1079 1341 1139 eomprehen-

248 1150 280 1196 di
305 1166 369 1197 enm
391 1154 442 1212 jus
468 1152 803 1215 lesqueestoinomni
826 1154 957 1202 ditione
981 1157 1235 1216 conjnnoteoum
1251 1154 1340 1200 Athe·

248 1225 437 1288 nieusihns;
461 1229 542 1289 quod
568 1230 593 1277 si
616 1229 685 1291 qnia
707 1230 964 1290 comprehensum
986 1230 1168 1289 asseruerit
1185 1231 1250 1277 slve
1271 1229 1340 1275 ciri·

249 1310 293 1349 tes
311 1304 376 1352 eise
393 1305 477 1354 homo
494 1307 642 1372 privatus,
660 1307 685 1354 is
707 1307 849 1354 t‘oedernm
872 1323 981 1371 expers
997 1314 1071 1354 esto.
1104 1307 1340 1372 HuJ'uussenetusoou·

147 1411 153 1426 .
248 1379 302 1426 sulti
315 1388 434 1428 accusator
446 1382 582 1444 Euthycles,
595 1369 758 1431 Demosthenis
771 1399 827 1430 neus
837 1375 950 1441 cretione,
962 1383 996 1431 eit
1011 1384 1109 1445 primum
1119 1383 1340 1430 sertetnsoonsultnm

247 1471 298 1502 esse
309 1463 390 1504 contre
397 1459 471 1520 leges,
480 1459 535 1520 quie
546 1459 702 1522 cognitionem
715 1465 739 1506 et
750 1459 839 1520 judicie
850 1461 926 1518 tollet,
937 1468 962 1508 et
972 1460 1096 1508 sindiotsru
1108 1467 1161 1507 ente
1172 1459 1259 1508 crimen
1270 1457 1341 1505 couti-

210 1567 213 1574 -
244 1540 298 1580 neat
308 1535 433 1595 scriptem:
451 1535 536 1582 deinde
547 1551 591 1582 non
603 1551 656 1583 esse
673 1545 686 1582 e
701 1537 727 1582 r‘e
742 1537 927 1592 Atheniensium,
938 1538 984 1584 tale
993 1537 1131 1584 Charidemo
1143 1537 1269 1583 decernere
1280 1549 1338 1596 prse-

161 1655 172 1670 μ
247 1609 327 1666 mium,
338 1625 380 1671 per
393 1611 455 1673 qnod
465 1611 621 1660 Chersonesus
632 1611 759 1658 emittendo
769 1612 801 1659 sit
810 1613 885 1676 (quod
897 1629 942 1675 qno
953 1621 1022 1672 puoto
1032 1611 1064 1659 sit
1074 1612 1185 1666 luturum,
1195 1611 1248 1670 ipss
1265 1616 1339 1657 osten·

246 1687 396 1750 detorntio)=
414 1687 532 1735 examinet
543 1689 611 1736 etiem
628 1702 733 1749 personne
744 1688 888 1749 qualitatem,
909 1688 1032 1746 affirmans,
1053 1703 1098 1736 non
1115 1688 1229 1736 meruisse
1246 1686 1339 1749 praemia

247 1761 418 1821 Cheridemnns,
428 1764 482 1813 tolie
493 1766 631 1826 praeeertim.

716 1936 880 2014 ALlTER.

279 2105 378 2155 lineos
387 2101 463 2150 insule
471 2105 508 2150 est
518 2115 531 2148 e
543 2100 637 2163 regione
648 2101 733 2149 Atticae
744 2109 852 2164 protense
860 2118 904 2164 per
913 2102 1030 2150 Boeotium
1045 2107 1070 2150 et
1087 2095 1214 2150 Phocidem
1226 2114 1300 2162 usqne
1311 2100 1339 2148 ed

247 2179 360 2244 Aphetes‚
371 2178 496 2226 'l'heeselies
506 2179 592 2224 locum.
624 2177 716 2225 Scimus
733 2185 809 2228 eutem
828 2179 916 2240 oppido
926 2181 1022 2226 lluboeee
1033 2193 1087 2226 esse
1096 2178 1177 2233 multe,
1188 2179 1250 2226 inter
1257 2194 1308 2239 ane
1317 2184 1340 2223 et

247 2261 324 2307 Orous
339 2266 383 2316 est,
393 2258 453 2304 unde
470 2255 569 2316 patrium
587 2271 670 2302 nomen
692 2255 780 2304 Orites.
813 2257 850 2303 lla
861 2271 889 2302 eo
900 2255 987 2318 oppido
999 2255 1043 2302 ruit
1054 2253 1207 2302 Charidemus
1219 2254 1340 2307 oriundns,

244 2336 362 2398 peregrini
373 2335 491 2381 exercitus
502 2347 544 2393 pro
554 2332 685 2379 defensione
695 2330 866 2379 Atheniensium
878 2339 902 2380 et
918 2331 1031 2382 sociorum
1042 2330 1134 2387 ductor,
1144 2345 1216 2390 gener
1224 2329 1307 2390 Cotyis
1318 2337 1341 2374 et

245 2412 379 2474 imperetur,
389 2409 503 2456 'l'hrecnrh
514 2408 586 2468 regis,
598 2408 638 2468 qni
649 2407 771 2468 eliquendo
781 2408 960 2464 Chersonesum,
969 2423 1023 2454 oum
1033 2414 1096 2454 esset
1107 2405 1291 2462 Atheniensium,
1302 2421 1339 2452 oe-

244 2498 386 2551 oupnret,so
394 2487 494 2536 moriens
504 2487 568 2548 regni
580 2501 738 2534 successorem
748 2487 925 2547 cersobleptem
944 2502 972 2534 ee
991 2485 1122 2534 conditione
1133 2485 1268 2546 reliqueret,
1280 2493 1306 2533 nt
1316 2485 1339 2531 id

245 2583 298 2614 cum
310 2566 420 2613 Berissde
431 2571 455 2612 et
465 2563 584 2610 Amadoco
596 2562 707 2609 frutribus
718 2563 852 2624 pertinetur.
885 2563 974 2610 Ducem
987 2577 1054 2625 porro
1065 2562 1232 2622 Gersohloptes
1243 2563 1340 2608 hebehet

243 2643 341 2690 sdliuem
359 2641 530 2694 Charidemum,
547 2639 672 2686 Berisedes
684 2639 857 2686 Athenodorum
874 2640 988 2700 quendam
1008 2655 1093 2700 genere
1112 2639 1290 2695 Atheniensem,
1311 2653 1339 2685 ex

206 2753 208 2760 ι
245 2718 387 2782 Alopecensi
397 2717 532 2776 municipio,
543 2716 674 2762 Arnadocus
686 2731 741 2762 vero
752 2717 820 2771 duos,
832 2717 947 2762 Simonem
965 2721 988 2762 et
1003 2715 1137 2768 Bienorem,
1169 2713 1340 2777 singuttporro

137 2787 149 2808 ⁰
243 2812 312 2858 reges
322 2793 501 2843 Atheniensibus
510 2790 634 2852 gretiliceri
646 2792 778 2851 cupiebant,
788 2797 813 2838 ut
824 2807 864 2838 eos
874 2792 903 2838 ed
920 2807 987 2853 opem
1006 2791 1051 2837 eibi
1067 2791 1184 2838 serendam
1197 2799 1293 2853 peretos
1303 2794 1341 2840 lte-

242 2875 333 2929 berent,
345 2877 484 2931 auotorcque
504 2867 641 2916 cnertdomn
656 2869 823 2915 Chersonesum
844 2869 995 2916 communiter
1014 2869 1195 2916 Atheniensibus
1217 2871 1340 2918 dederent.

244 2952 333 3009 Quare
350 2947 451 3008 cognite,
465 2945 489 2992 hi
505 2945 579 3001 illum,
596 2952 621 2992 nt
631 2946 690 2992 bene
702 2945 732 2991 de
743 2945 894 3000 sementum,
905 2960 973 2991 enree
984 2959 1068 2992 corone
1077 2953 1100 2992 et
1109 2945 1207 2994 civitate
1219 2948 1339 2994 donarunt.

159 3037 167 3059 ⁹
244 3027 300 3090 Qui,
311 3033 337 3074 nt
346 3024 426 3072 eminis
436 3023 484 3071 snis
495 3038 538 3084 per
549 3020 733 3068 Aristomechnm
745 3021 857 3082 quendem
870 3020 1018 3083 signifioeyit,
1030 3022 1049 3068 si
1068 3022 1117 3068 vite
1133 3033 1183 3078 sue,
1194 3024 1292 3094 dempto
1308 3027 1341 3072 in-

243 3107 354 3156 sidiarum
365 3109 486 3163 metn,per
495 3101 550 3147 illos
561 3098 583 3145 io
596 3106 647 3147 tuto
656 3096 817 3155 collocaretur,
826 3115 851 3146 ee
862 3099 1020 3159 Amphipolim
1032 3098 1143 3159 Philippo
1152 3100 1287 3162 ademptum
1296 3102 1340 3150 illis
1382 3123 1384 3128 ·

243 3184 305 3234 celle
317 3180 448 3230 restituere.
482 3175 559 3236 Igitur
566 3174 722 3222 Aristocraten
731 3177 822 3237 qnidam
830 3175 980 3222 Atheniensis
988 3179 1065 3222 oretor
1077 3175 1194 3223 decretum
1207 3179 1339 3240 hujusmodi

136 3229 155 3284 l*
244 3258 352 3322 scripsit:
378 3254 431 3318 qni
455 3251 667 3302 Charidemum
692 3251 911 3299 interfecerint
936 3253 971 3298 ed
997 3252 1190 3314 supplicium
1214 3259 1339 3319 neptun.

145 3369 148 3376 ·
243 3345 307 3395 tor;
323 3332 549 3382 interfectorem
566 3342 633 3375 vero
650 3328 700 3390 qni
724 3327 912 3376 asseruerint
936 3327 1003 3374 eise
1020 3327 1141 3388 publice
1158 3330 1225 3377 sire
1242 3335 1339 3393 prin.

242 3415 303 3470 tim,
329 3405 552 3459 Atheniensium
574 3405 689 3453 loedere
713 3405 917 3451 exeluduntur.
951 3404 1059 3452 Ceterum
1083 3403 1214 3466 Euthynico
1236 3411 1340 3470 quidem,

242 3485 363 3537 'l'lnriesins
380 3481 507 3542 rnunioepe,
518 3482 540 3528 ei
552 3482 646 3552 decreto
656 3479 796 3535 intercessit,
812 3485 838 3527 nt
854 3477 922 3534 melo,
931 3486 957 3526 ut
972 3479 1058 3540 iniquo.
1070 3485 1097 3528 nt
1108 3479 1194 3537 inutili,
1205 3491 1232 3531 ut
1242 3483 1338 3548 indigeo

241 3563 329 3614 homini
340 3559 435 3620 scripto.
468 3559 494 3604 le
508 3573 563 3605 euro
574 3559 629 3604 deto
641 3563 781 3618 ecceptsqnc
800 3556 843 3603 heo
854 3571 868 3603 s
878 3556 1033 3604 Demosthene
1048 3555 1160 3614 cretione,
1171 3570 1268 3609 eoouset
1286 3561 1341 3611 Ari.

241 3649 375 3690 stooretem.
397 3634 443 3681 Sed
455 3634 509 3695 quia
519 3634 697 3681 videbatoretsr
707 3632 938 3694 einrplieem'quidem
946 3647 1037 3679 oensem
1047 3632 1247 3694 selerelegitimo,
1259 3639 1301 3686 sed
1313 3655 1341 3687 eo

239 3720 354 3770 leborsre,
366 3711 427 3774 qnod
446 3710 469 3757 in
487 3709 640 3757 decernendis
650 3709 752 3771 preemiis
763 3709 891 3770 pleresque
907 3723 952 3755 non
974 3713 1020 3754 tam
1040 3708 1160 3769 dignitatis
1174 3713 1341 3773 accipientium

242 3809 310 3856 quem
322 3788 429 3840 utilitatis
439 3786 551 3833 rationem
565 3786 652 3832 ducere
667 3785 765 3839 soleeut,
774 3785 902 3845 proesentim
914 3783 933 3831 si
946 3785 1085 3839 olesiduces
1095 3786 1150 3842 sint,
1161 3794 1186 3834 et
1196 3790 1258 3851 reip.
1272 3795 1342 3840 hm.

240 3869 335 3924 lseieut,
352 3864 428 3927 qualis
444 3861 476 3909 eit
486 3861 646 3916 Charidemus,
657 3860 816 3921 Gersobleptee
827 3867 851 3908 et
862 3861 910 3906 dux
922 3867 947 3907 et
958 3861 1068 3915 sororius,
1078 3863 1110 3908 ch
1120 3863 1256 3914 restitutam
1266 3863 1342 3916 ‘Cher-

242 3958 360 3998 sonesnm,
370 3939 430 4002 greti
441 3936 511 3986 enimi
521 3952 578 3996 ergo
590 3936 694 3983 delectus
706 3936 832 3998 imperetur
849 3936 1033 3992 Atheniensium,
1043 3937 1106 3983 eliud
1116 3951 1282 4002 argumentum
1300 3962 1344 3993 es.

242 4018 362 4080 cogitarit,
373 4031 419 4076 qno
435 4013 595 4062 intertexendo
613 4014 729 4073 perturbet
743 4012 879 4066 auditorem,
889 4027 941 4058 curn
954 4011 1011 4058 dicit
1023 4013 1134 4075 scriptum
1153 4025 1206 4064 etse
1220 4020 1347 4068 decretum

239 4089 265 4141 in
279 4093 383 4139 fraudem
399 4089 537 4138 chersonesi
555 4089 620 4136 fundi
631 4088 772 4149 reipublice.
804 4088 886 4147 ltaque
899 4087 1066 4134 Demosthenes
1075 4089 1143 4148 huJus'
1152 4095 1299 4144 mentionem
1309 4098 1346 4144 in-
1401 4145 1405 4152 ,

241 4165 343 4223 terserit,
354 4171 380 4212 ut
390 4164 643 4228 suspicioneminjiciat
653 4164 762 4219 enditori,
772 4170 893 4222 utrumqne
905 4171 950 4208 tem
962 4163 1135 4227 Cersohleptem
1146 4184 1217 4228 quern
1229 4172 1346 4220 Charide.

243 4259 306 4292 mum
323 4256 405 4288 munus
419 4242 462 4287 hoo
480 4240 605 4300 impetrare
614 4241 716 4295 studere,
727 4240 789 4286 illius
801 4238 927 4302 provincie
939 4239 1015 4286 denuo
1026 4240 1153 4302 eripiendas
1164 4259 1233 4306 ergo,
1243 4263 1344 4308 quorum

243 4317 366 4380 cupiditeti
377 4316 421 4362 hoo
434 4317 529 4364 decreto
548 4317 631 4364 collide
642 4317 782 4378 suffrepetnr
790 4316 955 4370 Aristomenes,
967 4322 992 4364 nt
1002 4322 1082 4365 neuter
1091 4333 1173 4380 regum
1186 4330 1253 4370 metu
1266 4325 1345 4386 reipu-

241 4395 309 4442 bliere
320 4407 400 4441 suenus
411 4390 491 4442 efferet
500 4392 647 4442 Charidemo.
679 4393 759 4455 Atque
769 4393 818 4440 here
826 4394 856 4441 de
864 4400 1005 4455 argumento.
