2920 4950
203 281 205 285 ⁸
231 327 276 386 aa
305 357 307 362 ,
368 381 375 390 ,
553 291 829 414 obturamus
849 328 897 390 ru
923 327 1011 408 (nu

136 519 138 524 -
175 531 186 540 .
233 479 354 546 nevos
365 499 450 564 opem
463 483 575 546 resin.
604 485 653 546 aa
666 485 741 552 uus
754 447 920 567 qaupnmr
941 485 987 545 nr
998 481 1226 548 hennenses,
1260 482 1346 549 one

235 573 317 634 nium
330 585 411 636 certe
425 578 663 640 absurdissimum
676 577 773 652 fuerit,
787 578 823 652 si,
838 598 905 661 qum
921 576 1106 644 nuncetiam
1117 596 1186 640 cum
1204 576 1352 640 stultitiae.

234 669 458 748 reprehensione
468 681 567 734 tamen
576 671 732 752 eloquitur,
745 692 781 733 ea
788 671 859 732 data
869 670 1212 752 potestatenoat'aceret.
1233 668 1352 738 Qum,

235 770 299 824 tum
319 773 418 825 autem
432 765 557 840 intersit,
574 767 623 828 hic
641 785 682 852 an
698 765 765 828 illic.
777 766 887 828 bellum
907 776 1033 846 geratur,
1053 765 1149 826 aerbis
1170 762 1339 842 nibilopus

237 857 467 925 essearbitror„
494 859 526 918 Si
547 860 624 920 enim
643 868 791 940 oporteret
804 877 857 920 vos
878 860 957 940 ipsos
970 859 1089 940 triginta
1109 856 1254 926 duntaxat
1275 854 1340 916 dies

237 946 313 1008 foris
326 967 403 1022 esse,
418 961 529 1030 etque
548 951 656 1012 alendo
673 961 742 1012 sunt
759 951 911 1024 exercitui,
924 969 990 1012 eae
1008 951 1100 1014 nostri
1115 949 1178 1029 agri
1190 945 1354 1028 prorsum.

238 1040 294 1102 bus
306 1051 417 1121 petere,
432 1042 598 1104 etsinullus
611 1044 729 1123 inquam
739 1043 839 1104 hostis
860 1044 891 1104 iu
909 1063 947 1104 eo
965 1041 1249 1121 versaretur,majus
1263 1038 1353 1108 arbi-,-

236 1139 299 1194 tror
311 1133 450 1194 danicum
463 1144 636 1213 accepturos
654 1129 718 1196 fore
737 1153 788 1195 eos
801 1145 928 1196 restrum
942 1136 995 1215 qui¹
1011 1153 1099 1216 agros
1117 1131 1231 1203 colum,
1250 1150 1355 1211 quarn,

239 1243 278 1286 ex
290 1225 432 1296 universis
444 1227 586 1302 meepistia
597 1224 668 1286 belli
681 1225 837 1304 superioris
851 1227 999 1304 impensis.
1040 1225 1129 1298 Quod
1151 1226 1265 1305 sique
1284 1225 1342 1292 bo-

239 1314 321 1375 stiles
334 1315 427 1395 copim
440 1315 583 1390 venerint,
596 1324 740 1394 quantum
752 1314 1082 1388 exindedaprnumfore
1101 1317 1226 1396 putetist
1246 1317 1344 1380 Acce·
1358 1365 1360 1371 .

240 1403 294 1466 det
312 1406 491 1468 contumelia
510 1417 597 1486 atque
612 1406 738 1490 ,insuper
757 1406 851 1485 ipsius
864 1405 906 1467 rei
920 1406 1061 1483 dedecus,
1076 1407 1157 1488 quod
1173 1407 1248 1468 nulli
1261 1407 1351 1476 cedit¹

241 1501 395 1582 malorum,
409 1502 585 1582 sapientium
599 1501 704 1562 saltem
709 1498 835 1576 judicio.

264 1628 268 1634 ι
286 1595 332 1654 11.
354 1594 452 1664 Quare
466 1595 564 1654 omnia
575 1593 641 1654 hec
661 1601 730 1655 ante
748 1593 851 1666 oculos
863 1591 1007 1667 habentes
1021 1593 1148 1654 universi
1168 1613 1253 1674 opem
1267 1595 1344 1656 ferre

242 1695 274 1748 et
284 1686 396 1748 bellum
408 1688 479 1747 illuc
493 1685 605 1748 amoliri
615 1685 732 1758 debent,
750 1685 865 1756 diriter,
876 1697 910 1746 ut
920 1707 973 1766 pro
982 1685 1081 1770 multis
1098 1706 1166 1767 quae
1186 1686 1277 1750 deum
1290 1689 1344 1754 be·

243 1780 386 1860 nignitate
406 1780 574 1860 possident,¹
589 1799 686 1862 pauco
702 1779 914 1859 impendentes,
937 1779 1180 1859 reliquis-secure
1200 1781 1352 1855 fruantur,

241 1872 378 1952 juvenes,
391 1883 425 1934 ut
438 1873 469 1934 in
483 1872 610 1955 Philippi
622 1891 715 1953 regno
734 1883 819 1954 parta
831 1873 961 1934 bellandi
973 1873 1075 1953 peritia
1088 1873 1284 1936 formidabiles
1297 1876 1352 1944 in-¹

245 1965 369 2028 columis
382 1967 485 2046 patriae
503 1967 640 2028 custodes
661 1965 742 2040 fiant,
763 1973 902 2038 oratores,
918 1965 996 2026 utin
1010 1965 1169 2032 reddendis
1183 1967 1346 2031 rationibus

246 2057 526 2122 administrationem
543 2078 627 2121 suam
639 2059 727 2121 facile
745 2059 820 2119 tueri
841 2059 1052 2138 possint,na1n
1070 2069 1105 2118 ut
1125 2078 1169 2120 eae
1186 2079 1234 2120 res
1256 2071 1346 2123 erunt

247 2171 314 2234 qum
327 2154 411 2216 vobis
424 2155 567 2228 evenient,
580 2153 623 2214 ita
634 2161 666 2214 et
676 2171 730 2213 vos
743 2151 781 2212 de
790 2152 866 2216 actis
879 2170 980 2214 eorum
988 2150 1167 2231 judicabitis.
1199 2153 1275 2220 Quoe
1287 2153 1347 2218 uti·

246 2266 315 2308 nam
327 2249 414 2312 boue
428 2249 488 2308 sint
500 2246 731 2328 uniuscujusque
744 2247 849 2325 gratia

281 2401 328 2467 ’θ
345 2403 487 2475 Philippus
499 2419 571 2459 anno
582 2403 740 2478 insequenti
753 2402 903 2473 Olynthum
918 2401 1001 2473 cepit.
1037 2401 1109 2458 Eam
1126 2401 1220 2460 omnia
1230 2395 1350 2460 Atheni-

249 2487 354 2542 ensium
374 2487 496 2540 subsidia
512 2491 542 2541 et
553 2491 668 2542 conatus
679 2503 697 2540 a
712 2485 869 2540 domesticis
883 2486 969 2558 ipsius
984 2485 1107 2541 hostibus
1119 2487 1190 2541 tueri
1202 2503 1257 2541 uon
1270 2493 1349 2558 potc-

249 2573 327 2624 rant:
348 2570 405 2622 duo
417 2569 490 2622 enim
503 2569 564 2637 ejus
576 2569 659 2637 cives,
674 2569 859 2638 Euthycrates
870 2572 900 2622 et
915 2567 1077 2627 Lasthenes,
1093 2584 1153 2623 eam
1165 2570 1353 2639 prodiderunt.

249 2651 295 2706 lta
306 2649 459 2720 Philippus,
476 2651 667 2718 largitionibus
679 2650 723 2706 aia
734 2651 817 2717 iacta,
832 2651 959 2705 miseram
971 2650 1066 2704 urbem
1078 2649 1238 2719 ingreditur,
1253 2653 1351 2708 diruit·

249 2749 320 2804 que;
339 2737 445 2804 partem
465 2733 565 2796 civium
585 2731 708 2788 servituti
727 2733 838 2799 addicit,
858 2736 963 2804 partem
977 2728 1147 2799 venumdat3
1165 2749 1255 2804 neque
1271 2737 1352 2792 aliter

250 2829 335 2884 quam
346 2812 492 2870 crudeliori
504 2813 601 2869 mortis
610 2805 710 2885 genere
722 2814 875 2886 proditores
887 2816 1019 2870 acaateris
1029 2814 1184 2884 distinguit.
1215 2817 1354 2886 Olynthii,

249 2896 333 2955 riouti
348 2897 408 2966 jam
423 2897 623 2965 annotavimus,
639 2897 758 2968 Philippi
780 2896 998 2968 indignationem
1016 2898 1163 2964 subierant,
1184 2901 1261 2970 quod
1280 2903 1355 2958 duos
1455 2965 1456 2972 ἵ

249 2981 344 3036 naues
356 2980 425 3048 ejus,
436 2980 484 3050 qui
496 2981 629 3036 exaltem
639 2980 793 3051 conjugio·
804 2981 831 3035 ei
842 2984 1012 3050 supererant,
1024 2997 1073 3052 per
1088 2982 1299 3038 misericordiam
1310 3002 1354 3040 re·

251 3066 392 3134 ceperant.
427 3062 532 3116 Eorum
546 3062 660 3130 seilicet,
672 3063 750 3135 quasi
768 3063 989 3132 competitorum,
1002 3066 1145 3131 pertesus,
1160 3064 1262 3134 quippe
1280 3083 1352 3138 quos

250 3148 279 3201 in
290 3151 394 3217 partem
406 3145 484 3213 regni
495 3143 671 3199 Macedonici
686 3145 746 3217 ipra
757 3145 960 3215 quodammodo
982 3148 1079 3198 natura
1089 3161 1185 3201 vocare
1197 3147 1352 3217 videbatur,

254 3245 283 3282 se
294 3243 404 3299 prorsus
416 3227 450 3280 ab
462 3227 496 3280 iis
506 3226 618 3282 liberare
630 3227 725 3293 voluit,
738 3226 820 3279 sicuti
832 3229 913 3279 antea
921 3225 1035 3279 tertium
1045 3227 1080 3279 de
1090 3226 1180 3281 medio
1189 3232 1353 3300 sustulerat;

254 3315 338 3380 atque
349 3309 389 3364 ita
400 3310 511 3363 demum
519 3309 590 3362 ieras
600 3306 684 3363 animi
694 3309 737 3363 sui
747 3307 916 3378 suspiciones
928 3307 1121 3377 tranquillavit.
1164 3310 1254 3379 Igitur
1264 3314 1353 3384 Olyn.

254 3393 333 3447 thum
347 3391 463 3456 obsidet,
476 3395 630 3462 expugnat,
648 3393 856 3461 exscinditque;
874 3390 971 3444 fratres
981 3391 1048 3444 olim
1066 3392 1205 3446 destinato
1216 3397 1356 3466 supplicio

254 3475 350 3539 tradit;
367 3473 515 3545 praedaque
526 3473 630 3543 ingenti
642 3474 743 3542 pariter
754 3478 783 3526 et
793 3471 929 3543 parricidii
941 3473 1122 3530 voufinitur.

1138 3567 1314 3644 Touuanu,
1359 3603 1361 3608 ·

286 3693 427 3761 l’Amyntas
438 3694 543 3760 Philippi
551 3701 618 3759 pater
631 3711 663 3745 ex
673 3695 792 3759 Eurydica
816 3705 891 3755 trem;
904 3693 974 3742 fllium
995 3696 1066 3745 etiam
1082 3699 1228 3760 Bnryouem:
1253 3717 1284 3750 ax
1306 3705 1356 3768 cy.

257 3770 308 3812 tres
317 3763 378 3812 tilica
389 3760 504 3824 suscepit,
516 3761 685 3820 Alexandrum&
693 3761 792 3810 Perdic·
815 3768 954 3824 gnsaammn
962 3763 1110 3822 Archelaum,
1116 3765 1268 3826 Archidsam,
1274 3769 1360 3820 hiens.

255 3843 316 3889 sarr,
328 3836 354 3878 st
367 3827 505 3892 Philippum
514 3826 643 3878 Alexandri
655 3827 736 3890 Magni
749 3840 792 3888 pa·
812 3828 883 3896 lanpa·
909 3825 1003 3902 Srucrr.
