2886 4946
537 345 594 406 DE
617 343 804 407 CORONA:
1163 335 1219 400 183

126 507 229 572 omnia
237 504 425 570 ritefiebnnt.
467 501 506 563 Et
517 499 709 584 profectavel
721 501 778 560 hoc
796 497 911 558 nomine
927 497 991 558 lans
1005 494 1075 584 mihi
1088 496 1220 568 debetur,

110 599 404 680 ,quod.1istas:,rsip..
418 590 805 676 gerendoerationcsunice
827 601 946 650 secutus
967 609 1043 662 sum,
1057 605 1094 650 ex
1115 588 1222 669 quibus

128 691 214 756 simul
233 691 326 770 gloria
338 699 378 752 ,et
390 689 516 747 honores
530 683 682 764 sopitaque
694 684 733 744 ad
750 680 894 742 civitatem
916 682 1129 742 redundarent:
1150 680 1223 742 invi·

129 781 206 845 dum.
214 800 284 842 vero
295 788 347 840 au't
357 779 499 838 acerbum
505 786 557 837 aut
572 775 749 835 malitiosum
763 772 841 832 iniis
855 791 923 850 quoe
936 773 1052 852 publice
1061 771 1224 850 gessidihil

128 871 291 945 ast-‚nihil
305 869 452 950 abjectum
478 873 574 946 neque
587 865 749 946 ‚republica
774 864 937 944 indignum.
966 865 1074 942 ¹Atque
1086 861 1224 925 -emdem

116 965 218 1044 ‚plane
230 963 359 1028 indolem
370 979 502 1026 serrasse
509 958 709 1022 mesconstabit
721 957 798 1018 etim
805 956 920 1018 urbanis
931 956 1225 1018 administrationibus

130 1067 164 1121 et
176 1057 206 1115 in
218 1055 388 1116 Graecorum
401 1052 525 1132 negotiis
536 1070 633 1116 :snam
646 1070 741 1130 neque
754 1052 785 1110 in
798 1051 914 1111 civitate
927 1049 1111 1128 locupletum·
1119 1051 1232 1128 gratiss¹

116 1149 224 1230 pluris
234 1166 321 1228 quam
330 1143 526 1210 multitudinis
531 1142 670 1223 jurafeci‚
679 1142 997 1223 nequeinGrsecanici
1006 1143 1092 1202 rebus
1100 1141 1227 1222 Philippi

115 1301 118 1304 ,
129 1248 353 1317 moneremque
367 1234 1226 1315 hospitium,unirersaesGroeciaecommoditatibus-antetuli.

136 1397 140 1404 ,
171 1335 222 1392 32.
235 1332 312 1399 dam
326 1330 413 1410 igitur
425 1329 495 1390 mihi
507 1329 651 1408 reliquum
664 1347 729 1388 esse
737 1328 872 1388 ‚arbitror
882 1337 916 1387 ut
925 1329 962 1388 de
975 1323 1227 1407 praconiodicam

131 1435 163 1485 et
177 1423 216 1483 de
228 1422 390 1484 rationibus
403 1420 580 1482 referendis:
601 1440 726 1500 namque
739 1435 828 1482 meet
840 1420 948 1498 optime
958 1419 1064 1480 fecisse
1071 1429 1102 1480 et
1112 1439 1228 1501 semper

131 1535 205 1596 erga
215 1535 269 1576 vos
277 1513 451 1575 benevolum
464 1532 531 1574 esse
545 1521 575 1572 et
583 1512 755 1572 benefacere
769 1522 914 1591 paratum,
922 1513 992 1573 satis
1006 1532 1044 1571 ex
1057 1513 1248 1592 supradictis

131 1629 212 1670 ame
226 1617 378 1669 ostensum
392 1616 551 1684 esseputo.
592 1605 777 1685 Quamquam
796 1604 916 1684 quidem
937 1603 1094 1665 maximam
1114 1615 1229 1684 partem
1315 1627 1318 1642 ι

130 1721 230 1761 rernm
245 1719 319 1760 ame
327 1697 465 1779 publice
458 1698 666 1758 mstitutarum
671 1707 702 1756 et
710 1708 846 1758 actarum
856 1696 1054 1776 praetermitto,
1064 1697 1145 1775 quod
1154 1697 1230 1757 arbi·

131 1804 193 1852 trer
205 1791 343 1871 primum,
354 1790 425 1850 mihi
439 1789 476 1849 de
491 1767 608 1850 crimine
619 1789 683 1869 ipso
694 1788 803 1850 decreti
812 1801 914 1851 contra
923 1787 1010 1870 leges
1013 1787 1084 1849 facti
1098 1809 1161 1850 esse
1171 1789 1232 1850 dis-

131 1883 301 1956 serendum,
316 1881 431 1952 deinde,
443 1881 556 1942 etiamsi
575 1881 647 1940 nihil
664 1882 703 1940 de
717 1881 832 1977 reliquis
847 1881 1010 1942 actionibus
1024 1881 1096 1942 meis
1100 1880 1232 1961 publicis

133 1979 244 2051 dicam,
263 1996 364 2038 earum
379 1987 487 2042 ,tamen
494 1971 678 2048 adfuturam
699 1975 769 2036 mihi
790 1986 896 2038 testem
912 1977 1232 2057 vestram-singulorum

133 2070 358 2134 conscientiam.
447 2125 449 2130 ,

176 2165 226 2221 33.
248 2160 357 2220 Eorum
371 2160 458 2240 igitur
471 2180 735 2241 sermonum,¹qnos
750 2161 934 2223 istesursurn
954 2182 989 2224 ac
1009 2163 1146 2224 deorsum
1161 2161 1233 2244 pe'r-

133 2253 239 2315 mistos
261 2252 365 2313 habuit
387 2252 424 2312 dc
450 2253 564 2332 legibus
577 2254 771 2334 exceptoris,
791 2273 886 2334 neque
905 2255 1070 2316 mehercule
1089 2275 1141 2316 ros
1162 2267 1235 2334 puto

135 2365 276 2424 magnam
289 2353 402 2426 partem
416 2343 603 2418 intellexisse,
617 2364 712 2424 neque
731 2346 793 2424 ipse
813 2347 909 2408 animo
922 2347 1165 2430 comprehendere
1180 2368 1235 2428 po-
1330 2354 1332 2362 ’

136 2439 204 2498 tui:
226 2457 290 2522 ego
294 2456 365 2499 vero
379 2437 547 2516 simpliciter
560 2457 595 2497 ac
616 2448 696 2496 recta
708 2437 757 2495 via
774 2436 835 2497 de''
825 2457 888 2518 Jure
909 2438 1072 2526 disputabo.
1094 2439 1235 2500 Tantum

140 2530 220 2590 enirn
241 2531 320 2592 abest
333 2539 367 2590 ut
380 2529 476 2590 dicam
490 2549 536 2589 me
549 2525 705 2588 referendis
725 2529 884 2590 rationibus
904 2551 963 2589 non
984 2551 1048 2590 esse
1068 2531 1235 2608 obnoxium,

74 2639 89 2702 ‚¹
137 2620 241 2702 quod
231 2632 287 2680 rste
296 2642 391 2701 nuper
400 2619 546 2682 multoties
560 2621 607 2700 obj
610 2621 715 2682 iciebat
726 2621 802 2684 falso
811 2630 851 2694 et
858 2623 1055 2697 asseverabat,
1068 2632 1104 2689 ut
1112 2644 1165 2703 par
1174 2643 1238 2686 om

137 2733 207 2774 nem
228 2713 319 2774 vitam
341 2731 441 2773 eorum
458 2713 620 2776 marmori
632 2712 791 2774 reddendoe
810 2714 965 2773 obnoxium
979 2733 1045 2774 esse
1063 2716 1237 2796 fatear-quse

139 2805 222 2885 apud
235 2823 289 2864 vos
301 2803 613 2885 publice-veltraetavi
625 2805 673 2864 rel
685 2805 892 2866 administrari.
905 2806 975 2866 *Sed
984 2826 1051 2885 quse
1065 2806 1103 2866 de
1114 2805 1243 2888 propriis¹
1313 2875 1317 2888 Ι

137 2896 432 2976 bonispollicituset
443 2896 566 2976 largitus
580 2915 644 2958 sum
656 2897 778 2977 populo,
799 2916 899 2958 eorum
916 2899 1055 2958 rationem
1073 2901 1153 2960 nullo
1165 2899 1239 2959 tem-

140 3010 217 3070 pore
234 3009 253 3048 a
265 3009 312 3048 me
325 2988 514 3054 ,referendam
534 2989 802 3052 essedico-audis
821 2989 1117 3070 AEschinef--neque
1131 2992 1240 3052 abalio

140 3101 301 3161 quoquam,
317 3099 354 3142 ne
368 3081 443 3143 sien
457 3100 561 3141 novem
574 3080 967 3160 quidemtsitdrchcutihus.
985 3082 1155 3161 Numquae
1170 3091 1240 3143 tan·

141 3175 212 3250 dem
226 3174 276 3233 lex
289 3183 337 3232 est
356 3183 439 3234 tanta
452 3173 592 3251 injustitia
605 3184 694 3254 atque
714 3174 923 3236 inhumanitate
946 3174 1043 3255 plena,
1057 3182 1092 3234 ut
1103 3179 1240 3257 ¹eumqui

141 3267 180 3327 de
205 3285 261 3326 sun
285 3265 323 3325 sit
345 3265 466 3344 largitus
491 3266 617 3345 fecitque
636 3266 748 3326 facinus
767 3265 985 3346 benignarum
1004 3266 1120 3329 liberale
1132 3269 1241 3348 grate

141 3359 266 3438 quidem
279 3357 379 3418 fructu
393 3358 548 3438 privetad
560 3358 895 3420 calumniatoresautem
918 3358 1052 3438 abripiat,
1066 3360 1177 3441 hosque
1191 3383 1243 3424 :ra-

140 3450 275 3528 tionibus
297 3469 396 3529 eorum
417 3469 484 3528 qum
500 3450 592 3514 dedit
611 3450 797 3530 reposcendis
817 3449 980 3530 preficiat?
995 3451 1092 3531 *Nulla
1110 3455 1242 3534 profecto
1297 3487 1300 3495 ,

139 3556 198 3608 est.
229 3544 331 3622 Autsi
339 3563 428 3622 qnam
441 3544 496 3604 iste
514 3545 684 3617 essedicat,
698 3544 846 3616 ostendat,
861 3553 950 3624 atque
959 3547 1243 3625 regoconqniescam

139 3649 173 3700 st
182 3639 304 3698 tacebo.
339 3637 399 3698 Sed
422 3638 504 3698 nulla
516 3649 574 3717 est,
586 3638 797 3712 Athenienses,
819 3637 924 3700 abisse
946 3639 1145 3710 calumniator,
1164 3640 1244 3716 quod

139 3751 214 3800 cum
222 3743 285 3809 ,ego
298 3730 431 3791 theatrali
443 3733 577 3811 pecunias
593 3731 751 3812 prefectus
761 3751 866 3796 testem
878 3752 1013 3794 nummos
1023 3752 1096 3792 :sum
1110 3731 1243 3810 largitus,

139 3821 428 3892 laudaviteum
447 3822 543 3902 inquit
564 3834 722 3885 senatus
746 3823 977 3886 rationibus
1005 3823 1243 3884 referendis

140 3914 380 3980 obnoxium.
407 3916 524 3976 Noneb
538 3914 1250 3997 ullamremcujusnationemreferredebni,sed·

140 4008 185 4073 cb
206 4025 323 4084 eaquae
335 4005 458 4086 largitus
469 4008 753 4088 sum,sycophsnts‚

189 4099 239 4158 34.
263 4097 341 4159 Sed
366 4109 405 4159 et
430 4099 555 4160 muris
578 4101 826 4168 reficiendis.
844 4109 1114 4162 curator-eras
1135 4101 1245 4180 inquit.

139 4195 248 4270 Atque
262 4191 300 4252 ob
310 4191 369 4251 hoc
382 4193 479 4272 ipsum
493 4193 594 4255 merito
614 4192 765 4266 laudabar,
787 4193 866 4271 quod
887 4210 923 4252 ea
937 4212 1003 4271 quae
1016 4193 1165 4277 insumpta
1178 4207 1246 4256 sunt

139 4284 257 4346 donavi
271 4301 368 4363 neque
380 4301 510 4364 expensa
522 4285 585 4346 tuli.
628 4285 707 4346 Nam
721 4283 840 4364 expensi
859 4284 932 4345 latio
953 4285 1097 4346 rationum
1117 4287 1246 4346 calculos

31 4441 34 4464 ,
137 4387 174 4464 et
186 4375 377 4458 inquisitores
393 4375 550 4450 desiderat,
572 4376 690 4438 donatio
703 4395 772 4436 vcro
792 4377 915 4454 gratiam
941 4377 1114 4458 laudemque
1134 4395 1247 4455 prome·

32 4469 34 4526 ἶ
139 4481 251 4538 retur:
271 4489 361 4550 quam
369 4472 413 4534 cb
421 4491 547 4534 causam
559 4469 623 4532 hoec
636 4471 677 4532 de
685 4489 733 4531 me
748 4469 865 4549 scripsit
877 4471 1048 4551 Ctesiphon.
1068 4474 1171 4549 -A'tque
1183 4470 1248 4530 haec
