<?xml version="1.0" encoding="UTF-8"?>
<!DOCTYPE html PUBLIC "-//W3C//DTD XHTML 1.0 Transitional//EN"
    "http://www.w3.org/TR/xhtml1/DTD/xhtml1-transitional.dtd">
<html xmlns="http://www.w3.org/1999/xhtml" xml:lang="en" lang="en">
 <head>
  <title>
</title>
<meta http-equiv="Content-Type" content="text/html;charset=utf-8" />
  <meta name='ocr-system' content='tesseract 3.04.00' />
  <meta name='ocr-capabilities' content='ocr_page ocr_carea ocr_par ocr_line ocrx_word'/>
</head>
<body>
  <div class='ocr_page' id='page_1' title='image "./demosthenisetsc08ulpigoog/demosthenisetsc08ulpigoog_0118.png"; bbox 0 0 2886 4946; ppageno 0'>
   <div class='ocr_carea' id='block_1_1' title="bbox 512 347 1218 422">
    <p class='ocr_par' dir='ltr' id='par_1_1' title="bbox 512 347 1218 422">
     <span class='ocr_line' id='line_1_1' title="bbox 512 347 1218 422; baseline -0.014 -2"><span class='ocrx_word' id='word_1_1' title='bbox 512 356 753 422; x_wconf 69' lang='lat' dir='ltr'>Parmenion</span> <span class='ocrx_word' id='word_1_2' title='bbox 774 355 826 418; x_wconf 81' lang='lat' dir='ltr'>IV</span> <span class='ocrx_word' id='word_1_3' title='bbox 1159 347 1218 411; x_wconf 83' lang='lat' dir='ltr'>tot</span> 
     </span>
    </p>
   </div>
   <div class='ocr_carea' id='block_1_2' title="bbox 8 505 1217 679">
    <p class='ocr_par' dir='ltr' id='par_1_2' title="bbox 8 505 1217 670">
     <span class='ocr_line' id='line_1_2' title="bbox 114 505 1217 630; baseline -0.003 -58.351"><span class='ocrx_word' id='word_1_4' title='bbox 114 529 238 590; x_wconf 82' lang='lat' dir='ltr'>quorum</span> <span class='ocrx_word' id='word_1_5' title='bbox 253 513 376 592; x_wconf 74' lang='lat' dir='ltr'>singulis</span> <span class='ocrx_word' id='word_1_6' title='bbox 386 511 502 576; x_wconf 69' lang='lat' dir='ltr'>onnus</span> <span class='ocrx_word' id='word_1_7' title='bbox 505 533 634 588; x_wconf 31' lang='lat' dir='ltr'>funum,</span> <span class='ocrx_word' id='word_1_8' title='bbox 638 513 803 592; x_wconf 78' lang='lat' dir='ltr'>quoumnra</span> <span class='ocrx_word' id='word_1_9' title='bbox 812 511 956 585; x_wconf 83' lang='lat' dir='ltr'>tendunt</span> <span class='ocrx_word' id='word_1_10' title='bbox 957 505 1217 630; x_wconf 63' lang='lat' dir='ltr'>dirumpamus</span> 
     </span>
     <span class='ocr_line' id='line_1_3' title="bbox 8 605 991 679; baseline 0.004 -19"><span class='ocrx_word' id='word_1_11' title='bbox 8 611 10 660; x_wconf 71' lang='grc' dir='ltr'>ι</span> <span class='ocrx_word' id='word_1_12' title='bbox 113 623 133 663; x_wconf 88' lang='lat' dir='ltr'>a</span> <span class='ocrx_word' id='word_1_13' title='bbox 149 605 244 679; x_wconf 80' lang='lat' dir='ltr'>vobis,</span> <span class='ocrx_word' id='word_1_14' title='bbox 260 606 286 664; x_wconf 90' lang='lat' dir='ltr'>si</span> <span class='ocrx_word' id='word_1_15' title='bbox 298 626 378 669; x_wconf 81' lang='lat' dir='ltr'>vera</span> <span class='ocrx_word' id='word_1_16' title='bbox 375 606 469 672; x_wconf 79' lang='lat' dir='ltr'>libere</span> <span class='ocrx_word' id='word_1_17' title='bbox 479 607 593 679; x_wconf 81' lang='lat' dir='ltr'>dixero,</span> <span class='ocrx_word' id='word_1_18' title='bbox 607 625 654 666; x_wconf 91' lang='lat' dir='ltr'>ne</span> <span class='ocrx_word' id='word_1_19' title='bbox 650 606 729 666; x_wconf 85' lang='lat' dir='ltr'>mrlu</span> <span class='ocrx_word' id='word_1_20' title='bbox 745 606 991 666; x_wconf 81' lang='lat' dir='ltr'>succeniuutis.¹</span> 
     </span>
    </p>
   </div>
   <div class='ocr_carea' id='block_1_3' title="bbox 109 639 1217 869">
    <p class='ocr_par' dir='ltr' id='par_1_3' title="bbox 109 639 1217 869">
     <span class='ocr_line' id='line_1_4' title="bbox 153 639 1216 780; baseline -0.005 -22"><span class='ocrx_word' id='word_1_21' title='bbox 153 700 205 758; x_wconf 80' lang='lat'>14.</span> <span class='ocrx_word' id='word_1_22' title='bbox 220 699 403 768; x_wconf 73' lang='lat' dir='ltr'>Divenditae</span> <span class='ocrx_word' id='word_1_23' title='bbox 416 708 486 760; x_wconf 86' lang='lat' dir='ltr'>sunt</span> <span class='ocrx_word' id='word_1_24' title='bbox 499 699 628 760; x_wconf 85' lang='lat' dir='ltr'>omnium</span> <span class='ocrx_word' id='word_1_25' title='bbox 637 700 699 780; x_wconf 88' lang='lat' dir='ltr'>jam</span> <span class='ocrx_word' id='word_1_26' title='bbox 712 701 881 778; x_wconf 85' lang='lat' dir='ltr'>temporum</span> <span class='ocrx_word' id='word_1_27' title='bbox 892 639 1146 777; x_wconf 72' lang='grc' dir='ltr'>ὀρροιιιιιιιιιιιει,</span> <span class='ocrx_word' id='word_1_28' title='bbox 1169 703 1216 758; x_wconf 73' lang='lat' dir='ltr'>at·</span> 
     </span>
     <span class='ocr_line' id='line_1_5' title="bbox 109 787 1217 869; baseline -0.003 -20"><span class='ocrx_word' id='word_1_29' title='bbox 109 789 170 868; x_wconf 84' lang='lat' dir='ltr'>qria</span> <span class='ocrx_word' id='word_1_30' title='bbox 183 791 277 850; x_wconf 89' lang='lat' dir='ltr'>otium</span> <span class='ocrx_word' id='word_1_31' title='bbox 289 792 409 869; x_wconf 79' lang='lat' dir='ltr'>quidem</span> <span class='ocrx_word' id='word_1_32' title='bbox 422 802 453 852; x_wconf 88' lang='lat' dir='ltr'>et</span> <span class='ocrx_word' id='word_1_33' title='bbox 465 810 559 852; x_wconf 84' lang='lat' dir='ltr'>rerum</span> <span class='ocrx_word' id='word_1_34' title='bbox 573 793 756 856; x_wconf 79' lang='lat' dir='ltr'>vacationem</span> <span class='ocrx_word' id='word_1_35' title='bbox 770 811 824 851; x_wconf 85' lang='lat' dir='ltr'>vos</span> <span class='ocrx_word' id='word_1_36' title='bbox 844 789 1145 868; x_wconf 76' lang='lat' dir='ltr'>arripuiitis,.·quibus</span> <span class='ocrx_word' id='word_1_37' title='bbox 1166 787 1217 846; x_wconf 86' lang='lat' dir='ltr'>de·</span> 
     </span>
    </p>
   </div>
   <div class='ocr_carea' id='block_1_4' title="bbox 8 879 1218 1058">
    <p class='ocr_par' dir='ltr' id='par_1_4' title="bbox 8 879 1218 1058">
     <span class='ocr_line' id='line_1_6' title="bbox 8 879 1218 974; baseline -0.002 -31"><span class='ocrx_word' id='word_1_38' title='bbox 8 911 9 916; x_wconf 43' lang='lat'>¹</span> <span class='ocrx_word' id='word_1_39' title='bbox 110 882 196 955; x_wconf 88' lang='lat' dir='ltr'>liniti,</span> <span class='ocrx_word' id='word_1_40' title='bbox 219 880 269 944; x_wconf 84' lang='lat' dir='ltr'>his</span> <span class='ocrx_word' id='word_1_41' title='bbox 282 885 333 962; x_wconf 90' lang='lat' dir='ltr'>qui</span> <span class='ocrx_word' id='word_1_42' title='bbox 354 904 407 946; x_wconf 90' lang='lat' dir='ltr'>vos</span> <span class='ocrx_word' id='word_1_43' title='bbox 430 885 543 946; x_wconf 78' lang='lat' dir='ltr'>loedunt</span> <span class='ocrx_word' id='word_1_44' title='bbox 555 904 616 946; x_wconf 89' lang='lat' dir='ltr'>non</span> <span class='ocrx_word' id='word_1_45' title='bbox 634 883 759 964; x_wconf 81' lang='lat' dir='ltr'>grauiter</span> <span class='ocrx_word' id='word_1_46' title='bbox 771 882 951 958; x_wconf 71' lang='lat' dir='ltr'>irascimini:</span> <span class='ocrx_word' id='word_1_47' title='bbox 972 879 1099 942; x_wconf 84' lang='lat' dir='ltr'>honores</span> <span class='ocrx_word' id='word_1_48' title='bbox 1118 887 1218 974; x_wconf 76' lang='lat' dir='ltr'>autem</span> 
     </span>
     <span class='ocr_line' id='line_1_7' title="bbox 8 975 1218 1058; baseline 0 -24"><span class='ocrx_word' id='word_1_49' title='bbox 8 975 9 1022; x_wconf 64' lang='grc' dir='ltr'>ι</span> <span class='ocrx_word' id='word_1_50' title='bbox 111 975 160 1051; x_wconf 75' lang='lat' dir='ltr'>ulii</span> <span class='ocrx_word' id='word_1_51' title='bbox 171 977 370 1039; x_wconf 79' lang='lat' dir='ltr'>abstulerunt.</span> <span class='ocrx_word' id='word_1_52' title='bbox 383 994 386 998; x_wconf 82' lang='lat'>·</span> <span class='ocrx_word' id='word_1_53' title='bbox 398 978 442 1038; x_wconf 86' lang='lat' dir='ltr'>Ac</span> <span class='ocrx_word' id='word_1_54' title='bbox 457 998 524 1058; x_wconf 83' lang='lat' dir='ltr'>quoe</span> <span class='ocrx_word' id='word_1_55' title='bbox 538 979 576 1038; x_wconf 90' lang='lat' dir='ltr'>ad</span> <span class='ocrx_word' id='word_1_56' title='bbox 587 989 693 1038; x_wconf 74' lang='lat' dir='ltr'>caetera</span> <span class='ocrx_word' id='word_1_57' title='bbox 704 977 822 1056; x_wconf 72' lang='lat' dir='ltr'>quidem</span> <span class='ocrx_word' id='word_1_58' title='bbox 834 977 1020 1052; x_wconf 66' lang='lat' dir='ltr'>attinentes</span> <span class='ocrx_word' id='word_1_59' title='bbox 1033 984 1092 1038; x_wconf 83' lang='grc' dir='ltr'>ιιοιι</span> <span class='ocrx_word' id='word_1_60' title='bbox 1107 985 1218 1035; x_wconf 81' lang='lat' dir='ltr'>estex-</span> 
     </span>
    </p>
   </div>
   <div class='ocr_carea' id='block_1_5' title="bbox 109 1067 1313 4496">
    <p class='ocr_par' dir='ltr' id='par_1_5' title="bbox 109 1067 1313 2450">
     <span class='ocr_line' id='line_1_8' title="bbox 112 1067 1219 1151; baseline 0.001 -25"><span class='ocrx_word' id='word_1_61' title='bbox 112 1068 946 1151; x_wconf 76' lang='lat' dir='ltr'>quirerenuncoperm&#39;pretiumz&#39;sedubieliqua&#39;Philippi</span> <span class='ocrx_word' id='word_1_62' title='bbox 955 1067 1219 1143; x_wconf 71' lang='lat' dir='ltr'>mentiozinciderit,</span> 
     </span>
     <span class='ocr_line' id='line_1_9' title="bbox 111 1161 1218 1242; baseline -0.003 -20"><span class='ocrx_word' id='word_1_63' title='bbox 111 1161 212 1222; x_wconf 85' lang='lat' dir='ltr'>stetim</span> <span class='ocrx_word' id='word_1_64' title='bbox 223 1162 480 1242; x_wconf 83' lang='lat' dir='ltr'>quidamsurgens</span> <span class='ocrx_word' id='word_1_65' title='bbox 494 1164 576 1236; x_wconf 85' lang='lat' dir='ltr'>dicit,</span> <span class='ocrx_word' id='word_1_66' title='bbox 589 1184 649 1224; x_wconf 84' lang='lat' dir='ltr'>uon</span> <span class='ocrx_word' id='word_1_67' title='bbox 662 1183 728 1228; x_wconf 83' lang='lat' dir='ltr'>esse</span> <span class='ocrx_word' id='word_1_68' title='bbox 743 1161 922 1241; x_wconf 79' lang='lat' dir='ltr'>negandum,</span> <span class='ocrx_word' id='word_1_69' title='bbox 933 1161 1218 1234; x_wconf 71' lang='lat' dir='ltr'>neodecernendum</span> 
     </span>
     <span class='ocr_line' id='line_1_10' title="bbox 111 1251 1218 1338; baseline 0.005 -24"><span class='ocrx_word' id='word_1_70' title='bbox 111 1254 235 1328; x_wconf 90' lang='lat' dir='ltr'>bellum,</span> <span class='ocrx_word' id='word_1_71' title='bbox 251 1257 392 1336; x_wconf 77' lang='lat' dir='ltr'><strong>deinceps</strong></span> <span class='ocrx_word' id='word_1_72' title='bbox 407 1257 503 1320; x_wconf 82' lang='lat' dir='ltr'>statim</span> <span class='ocrx_word' id='word_1_73' title='bbox 518 1259 612 1331; x_wconf 85' lang='lat' dir='ltr'>addit,</span> <span class='ocrx_word' id='word_1_74' title='bbox 622 1257 858 1338; x_wconf 52' lang='lat' dir='ltr'>in-pacevvivere</span> <span class='ocrx_word' id='word_1_75' title='bbox 870 1276 962 1334; x_wconf 75' lang='lat' dir='ltr'>quam</span> <span class='ocrx_word' id='word_1_76' title='bbox 975 1251 1141 1328; x_wconf 77' lang='lat' dir='ltr'>bonum‚³et</span> <span class='ocrx_word' id='word_1_77' title='bbox 1156 1275 1218 1319; x_wconf 78' lang='lat' dir='ltr'>ma·</span> 
     </span>
     <span class='ocr_line' id='line_1_11' title="bbox 109 1347 1220 1430; baseline 0 -22"><span class='ocrx_word' id='word_1_78' title='bbox 109 1369 207 1426; x_wconf 83' lang='lat' dir='ltr'>gnum</span> <span class='ocrx_word' id='word_1_79' title='bbox 224 1349 303 1410; x_wconf 90' lang='lat' dir='ltr'>alere</span> <span class='ocrx_word' id='word_1_80' title='bbox 316 1350 476 1410; x_wconf 82' lang='lat' dir='ltr'>exercitum</span> <span class='ocrx_word' id='word_1_81' title='bbox 489 1371 576 1430; x_wconf 84' lang='lat' dir='ltr'>quarn</span> <span class='ocrx_word' id='word_1_82' title='bbox 591 1370 688 1429; x_wconf 76' lang='lat' dir='ltr'>graue,</span> <span class='ocrx_word' id='word_1_83' title='bbox 705 1360 743 1410; x_wconf 54' lang='lat' dir='ltr'>ct*</span> <span class='ocrx_word' id='word_1_84' title='bbox 756 1347 879 1428; x_wconf 75' lang='lat' dir='ltr'>diripere</span> <span class='ocrx_word' id='word_1_85' title='bbox 894 1349 1157 1428; x_wconf 70' lang='lat' dir='ltr'>quidamTaerarium</span> <span class='ocrx_word' id='word_1_86' title='bbox 1170 1369 1220 1408; x_wconf 86' lang='lat' dir='ltr'>vo-</span> 
     </span>
     <span class='ocr_line' id='line_1_12' title="bbox 111 1429 1313 1523; baseline -0.002 -21"><span class='ocrx_word' id='word_1_87' title='bbox 111 1442 187 1516; x_wconf 88' lang='lat' dir='ltr'>lunt,</span> <span class='ocrx_word' id='word_1_88' title='bbox 203 1442 322 1521; x_wconf 83' lang='lat' dir='ltr'>aliaque</span> <span class='ocrx_word' id='word_1_89' title='bbox 334 1441 536 1517; x_wconf 89' lang='lat' dir='ltr'>hujuscemodi</span> <span class='ocrx_word' id='word_1_90' title='bbox 548 1443 699 1523; x_wconf 74' lang='lat' dir='ltr'>proderunt</span> <span class='ocrx_word' id='word_1_91' title='bbox 713 1451 746 1500; x_wconf 83' lang='lat' dir='ltr'>ut</span> <span class='ocrx_word' id='word_1_92' title='bbox 755 1441 916 1523; x_wconf 70' lang='lat' dir='ltr'>opinaptur</span> <span class='ocrx_word' id='word_1_93' title='bbox 930 1440 1090 1501; x_wconf 80' lang='lat' dir='ltr'>verissima.</span> <span class='ocrx_word' id='word_1_94' title='bbox 1112 1442 1220 1500; x_wconf 82' lang='lat' dir='ltr'>Verum</span> <span class='ocrx_word' id='word_1_95' title='bbox 1308 1429 1313 1440; x_wconf 52' lang='lat'>⁸</span> 
     </span>
     <span class='ocr_line' id='line_1_13' title="bbox 112 1533 1261 1615; baseline -0.003 -20"><span class='ocrx_word' id='word_1_96' title='bbox 112 1555 218 1615; x_wconf 87' lang='lat' dir='ltr'>pacem</span> <span class='ocrx_word' id='word_1_97' title='bbox 232 1535 320 1606; x_wconf 88' lang='lat' dir='ltr'>tueri,</span> <span class='ocrx_word' id='word_1_98' title='bbox 332 1553 391 1594; x_wconf 89' lang='lat' dir='ltr'>non</span> <span class='ocrx_word' id='word_1_99' title='bbox 405 1537 487 1596; x_wconf 88' lang='lat' dir='ltr'>vobis</span> <span class='ocrx_word' id='word_1_100' title='bbox 502 1535 604 1614; x_wconf 90' lang='lat' dir='ltr'>utique</span> <span class='ocrx_word' id='word_1_101' title='bbox 619 1534 803 1596; x_wconf 87' lang='lat' dir='ltr'>suadendum</span> <span class='ocrx_word' id='word_1_102' title='bbox 817 1542 872 1606; x_wconf 86' lang='lat' dir='ltr'>est,</span> <span class='ocrx_word' id='word_1_103' title='bbox 888 1533 937 1613; x_wconf 91' lang='lat' dir='ltr'>qui</span> <span class='ocrx_word' id='word_1_104' title='bbox 946 1533 1007 1612; x_wconf 89' lang='lat' dir='ltr'>jam</span> <span class='ocrx_word' id='word_1_105' title='bbox 1021 1534 1153 1612; x_wconf 82' lang='lat' dir='ltr'>persuasi</span> <span class='ocrx_word' id='word_1_106' title='bbox 1167 1533 1220 1592; x_wconf 83' lang='lat' dir='ltr'>do·</span> <span class='ocrx_word' id='word_1_107' title='bbox 1256 1561 1261 1568; x_wconf 84' lang='lat'>·</span> 
     </span>
     <span class='ocr_line' id='line_1_14' title="bbox 113 1623 1219 1708; baseline -0.004 -18"><span class='ocrx_word' id='word_1_108' title='bbox 113 1629 226 1702; x_wconf 84' lang='lat' dir='ltr'>sidetis,</span> <span class='ocrx_word' id='word_1_109' title='bbox 238 1629 294 1688; x_wconf 88' lang='lat' dir='ltr'>sed</span> <span class='ocrx_word' id='word_1_110' title='bbox 305 1628 348 1688; x_wconf 88' lang='lat' dir='ltr'>illi</span> <span class='ocrx_word' id='word_1_111' title='bbox 362 1629 533 1708; x_wconf 57' lang='lat' dir='ltr'>persequi</span> <span class='ocrx_word' id='word_1_112' title='bbox 550 1628 668 1688; x_wconf 87' lang='lat' dir='ltr'>hostilia</span> <span class='ocrx_word' id='word_1_113' title='bbox 680 1628 770 1690; x_wconf 85' lang='lat' dir='ltr'>facit:</span> <span class='ocrx_word' id='word_1_114' title='bbox 784 1627 832 1688; x_wconf 87' lang='lat' dir='ltr'>cui</span> <span class='ocrx_word' id='word_1_115' title='bbox 854 1627 882 1687; x_wconf 81' lang='grc' dir='ltr'>ει</span> <span class='ocrx_word' id='word_1_116' title='bbox 891 1623 1175 1706; x_wconf 77' lang='lat' dir='ltr'>persuasumfuerit,</span> <span class='ocrx_word' id='word_1_117' title='bbox 1189 1627 1219 1686; x_wconf 88' lang='lat' dir='ltr'>in</span> 
     </span>
     <span class='ocr_line' id='line_1_15' title="bbox 113 1719 1219 1799; baseline -0.001 -18"><span class='ocrx_word' id='word_1_118' title='bbox 113 1723 196 1782; x_wconf 81' lang='lat' dir='ltr'>vobis</span> <span class='ocrx_word' id='word_1_119' title='bbox 222 1721 308 1783; x_wconf 90' lang='lat' dir='ltr'>nulla</span> <span class='ocrx_word' id='word_1_120' title='bbox 328 1741 409 1782; x_wconf 87' lang='lat' dir='ltr'>mora</span> <span class='ocrx_word' id='word_1_121' title='bbox 429 1731 483 1782; x_wconf 88' lang='lat' dir='ltr'>est.</span> <span class='ocrx_word' id='word_1_122' title='bbox 518 1719 631 1784; x_wconf 80' lang='lat' dir='ltr'>Gravia</span> <span class='ocrx_word' id='word_1_123' title='bbox 651 1731 748 1783; x_wconf 82' lang='lat' dir='ltr'>eutem</span> <span class='ocrx_word' id='word_1_124' title='bbox 768 1719 1062 1794; x_wconf 73' lang='lat' dir='ltr'>existimandasunt,</span> <span class='ocrx_word' id='word_1_125' title='bbox 1074 1723 1134 1780; x_wconf 83' lang='lat' dir='ltr'>ndu</span> <span class='ocrx_word' id='word_1_126' title='bbox 1153 1731 1219 1799; x_wconf 83' lang='lat' dir='ltr'>quet</span> 
     </span>
     <span class='ocr_line' id='line_1_16' title="bbox 114 1807 1221 1910; baseline 0.001 -38"><span class='ocrx_word' id='word_1_127' title='bbox 114 1815 238 1876; x_wconf 83' lang='lat' dir='ltr'>tuendae</span> <span class='ocrx_word' id='word_1_128' title='bbox 253 1814 358 1884; x_wconf 85' lang='lat' dir='ltr'>salutis</span> <span class='ocrx_word' id='word_1_129' title='bbox 382 1834 472 1874; x_wconf 88' lang='lat' dir='ltr'>causa</span> <span class='ocrx_word' id='word_1_130' title='bbox 491 1813 815 1893; x_wconf 84' lang='lat' dir='ltr'>insumpserimus,·&#39;sed</span> <span class='ocrx_word' id='word_1_131' title='bbox 828 1833 866 1874; x_wconf 88' lang='lat' dir='ltr'>ea</span> <span class='ocrx_word' id='word_1_132' title='bbox 880 1831 947 1892; x_wconf 84' lang='lat' dir='ltr'>quse</span> <span class='ocrx_word' id='word_1_133' title='bbox 961 1813 1151 1910; x_wconf 79' lang='lat' dir='ltr'>perferemus,</span> <span class='ocrx_word' id='word_1_134' title='bbox 1165 1807 1221 1873; x_wconf 88' lang='lat' dir='ltr'>nisi</span> 
     </span>
     <span class='ocr_line' id='line_1_17' title="bbox 112 1903 1221 1992; baseline 0.001 -26"><span class='ocrx_word' id='word_1_135' title='bbox 112 1905 179 1966; x_wconf 82' lang='lat' dir='ltr'>haec</span> <span class='ocrx_word' id='word_1_136' title='bbox 191 1907 297 1966; x_wconf 80' lang='lat' dir='ltr'>i&#39;aoere</span> <span class='ocrx_word' id='word_1_137' title='bbox 306 1905 510 1976; x_wconf 81' lang='lat' dir='ltr'>voluerimus;</span> <span class='ocrx_word' id='word_1_138' title='bbox 533 1927 568 1968; x_wconf 83' lang='lat' dir='ltr'>ec</span> <span class='ocrx_word' id='word_1_139' title='bbox 582 1907 705 1986; x_wconf 81' lang='lat' dir='ltr'>direptio</span> <span class='ocrx_word' id='word_1_140' title='bbox 717 1906 821 1992; x_wconf 65' lang='lat' dir='ltr'>mitrii,</span> <span class='ocrx_word' id='word_1_141' title='bbox 838 1906 1006 1968; x_wconf 76' lang='lat' dir='ltr'>custodiam</span> <span class='ocrx_word' id='word_1_142' title='bbox 1025 1903 1086 1985; x_wconf 81' lang='lat' dir='ltr'>qua&#39;</span> <span class='ocrx_word' id='word_1_143' title='bbox 1102 1919 1221 1967; x_wconf 82' lang='lat' dir='ltr'>conset-</span> 
     </span>
     <span class='ocr_line' id='line_1_18' title="bbox 113 1997 1220 2106; baseline 0.002 -48"><span class='ocrx_word' id='word_1_144' title='bbox 113 1999 403 2104; x_wconf 70' lang='lat' dir='ltr'>retrrrnssignando,</span> <span class='ocrx_word' id='word_1_145' title='bbox 417 1999 667 2106; x_wconf 61' lang='lat' dir='ltr'>prohibendam,</span> <span class='ocrx_word' id='word_1_146' title='bbox 682 2019 742 2059; x_wconf 86' lang='lat' dir='ltr'>non</span> <span class='ocrx_word' id='word_1_147' title='bbox 760 1999 925 2058; x_wconf 78' lang='lat' dir='ltr'>desertione</span> <span class='ocrx_word' id='word_1_148' title='bbox 944 1997 1087 2059; x_wconf 77' lang='lat' dir='ltr'>utilitatis.</span> <span class='ocrx_word' id='word_1_149' title='bbox 1119 1999 1220 2090; x_wconf 87' lang='lat' dir='ltr'>Quan-</span> 
     </span>
     <span class='ocr_line' id='line_1_19' title="bbox 115 2083 1221 2196; baseline 0 -44"><span class='ocrx_word' id='word_1_150' title='bbox 115 2111 205 2172; x_wconf 84' lang='lat' dir='ltr'>quam</span> <span class='ocrx_word' id='word_1_151' title='bbox 226 2091 369 2172; x_wconf 81' lang='lat' dir='ltr'>idipsum</span> <span class='ocrx_word' id='word_1_152' title='bbox 391 2093 490 2172; x_wconf 91' lang='lat' dir='ltr'>iniquo</span> <span class='ocrx_word' id='word_1_153' title='bbox 506 2092 689 2164; x_wconf 78' lang='lat' dir='ltr'>animosam,</span> <span class='ocrx_word' id='word_1_154' title='bbox 709 2092 733 2152; x_wconf 91' lang='lat' dir='ltr'>si</span> <span class='ocrx_word' id='word_1_155' title='bbox 746 2101 875 2152; x_wconf 85' lang='lat' dir='ltr'>vestrum</span> <span class='ocrx_word' id='word_1_156' title='bbox 894 2089 1077 2196; x_wconf 75' lang='lat' dir='ltr'>quibusdam</span> <span class='ocrx_word' id='word_1_157' title='bbox 1088 2083 1221 2170; x_wconf 79' lang='lat' dir='ltr'>pecuniae</span> 
     </span>
     <span class='ocr_line' id='line_1_20' title="bbox 114 2183 1222 2266; baseline 0.001 -22"><span class='ocrx_word' id='word_1_158' title='bbox 114 2184 243 2265; x_wconf 85' lang='lat' dir='ltr'>direptio</span> <span class='ocrx_word' id='word_1_159' title='bbox 256 2193 304 2245; x_wconf 85' lang='lat' dir='ltr'>est</span> <span class='ocrx_word' id='word_1_160' title='bbox 315 2185 469 2258; x_wconf 87' lang='lat' dir='ltr'>molesta,</span> <span class='ocrx_word' id='word_1_161' title='bbox 465 2203 559 2264; x_wconf 89' lang='lat' dir='ltr'>quarn</span> <span class='ocrx_word' id='word_1_162' title='bbox 574 2195 608 2244; x_wconf 88' lang='lat' dir='ltr'>ut</span> <span class='ocrx_word' id='word_1_163' title='bbox 624 2184 710 2257; x_wconf 86' lang='lat' dir='ltr'>tueri,</span> <span class='ocrx_word' id='word_1_164' title='bbox 729 2183 771 2266; x_wconf 81' lang='lat' dir='ltr'>sic</span> <span class='ocrx_word' id='word_1_165' title='bbox 790 2183 988 2262; x_wconf 86' lang='lat' dir='ltr'>peculatores</span> <span class='ocrx_word' id='word_1_166' title='bbox 995 2184 1110 2262; x_wconf 84' lang='lat' dir='ltr'>punire,</span> <span class='ocrx_word' id='word_1_167' title='bbox 1130 2203 1222 2263; x_wconf 83' lang='lat' dir='ltr'>penes</span> 
     </span>
     <span class='ocr_line' id='line_1_21' title="bbox 116 2275 1223 2396; baseline -0.001 -58"><span class='ocrx_word' id='word_1_168' title='bbox 116 2298 169 2340; x_wconf 80' lang='lat' dir='ltr'>ros</span> <span class='ocrx_word' id='word_1_169' title='bbox 189 2289 259 2338; x_wconf 87' lang='lat' dir='ltr'>est:</span> <span class='ocrx_word' id='word_1_170' title='bbox 282 2277 435 2358; x_wconf 80' lang='lat' dir='ltr'>Philippus</span> <span class='ocrx_word' id='word_1_171' title='bbox 449 2288 559 2352; x_wconf 88' lang='lat' dir='ltr'>autem,</span> <span class='ocrx_word' id='word_1_172' title='bbox 579 2278 630 2356; x_wconf 92' lang='lat' dir='ltr'>qui</span> <span class='ocrx_word' id='word_1_173' title='bbox 645 2287 735 2337; x_wconf 87' lang='lat' dir='ltr'>totam</span> <span class='ocrx_word' id='word_1_174' title='bbox 751 2275 890 2357; x_wconf 79' lang='lat' dir='ltr'>deinceps</span> <span class='ocrx_word' id='word_1_175' title='bbox 903 2275 1059 2336; x_wconf 73' lang='lat' dir='ltr'>Graeciam.</span> <span class='ocrx_word' id='word_1_176' title='bbox 1066 2275 1173 2396; x_wconf 83' lang='lat' dir='ltr'>diripit,</span> <span class='ocrx_word' id='word_1_177' title='bbox 1192 2291 1223 2394; x_wconf 77' lang='lat' dir='ltr'>et</span> 
     </span>
     <span class='ocr_line' id='line_1_22' title="bbox 114 2370 803 2450; baseline -0.004 -19"><span class='ocrx_word' id='word_1_178' title='bbox 114 2381 219 2432; x_wconf 78' lang='lat' dir='ltr'>restro</span> <span class='ocrx_word' id='word_1_179' title='bbox 232 2370 313 2434; x_wconf 82' lang='lat' dir='ltr'>malo</span> <span class='ocrx_word' id='word_1_180' title='bbox 323 2370 432 2450; x_wconf 76' lang='lat' dir='ltr'>diripit,</span> <span class='ocrx_word' id='word_1_181' title='bbox 446 2390 505 2432; x_wconf 87' lang='lat' dir='ltr'>nou</span> <span class='ocrx_word' id='word_1_182' title='bbox 518 2381 564 2432; x_wconf 88' lang='lat' dir='ltr'>est</span> <span class='ocrx_word' id='word_1_183' title='bbox 574 2370 726 2431; x_wconf 81' lang='lat' dir='ltr'>molestus</span> <span class='ocrx_word' id='word_1_184' title='bbox 800 2418 803 2428; x_wconf 68' lang='grc'><strong>.</strong></span> 
     </span>
    </p>

    <p class='ocr_par' dir='ltr' id='par_1_6' title="bbox 109 2463 1301 4496">
     <span class='ocr_line' id='line_1_23' title="bbox 160 2463 1222 2546; baseline 0.001 -22"><span class='ocrx_word' id='word_1_185' title='bbox 160 2468 212 2524; x_wconf 84' lang='grc'>15.</span> <span class='ocrx_word' id='word_1_186' title='bbox 233 2463 291 2534; x_wconf 80' lang='lat' dir='ltr'>Qut</span> <span class='ocrx_word' id='word_1_187' title='bbox 302 2464 362 2524; x_wconf 86' lang='lat' dir='ltr'>tit</span> <span class='ocrx_word' id='word_1_188' title='bbox 353 2464 454 2542; x_wconf 82' lang='lat' dir='ltr'>igitur,</span> <span class='ocrx_word' id='word_1_189' title='bbox 470 2463 678 2538; x_wconf 86' lang='lat' dir='ltr'>Athenienses,</span> <span class='ocrx_word' id='word_1_190' title='bbox 699 2473 734 2525; x_wconf 88' lang='lat' dir='ltr'>ut</span> <span class='ocrx_word' id='word_1_191' title='bbox 743 2484 825 2534; x_wconf 86' lang='lat' dir='ltr'>eum</span> <span class='ocrx_word' id='word_1_192' title='bbox 847 2466 898 2544; x_wconf 89' lang='lat' dir='ltr'>qui</span> <span class='ocrx_word' id='word_1_193' title='bbox 912 2473 976 2524; x_wconf 80' lang='lat' dir='ltr'>tam</span> <span class='ocrx_word' id='word_1_194' title='bbox 985 2474 1099 2545; x_wconf 84' lang='lat' dir='ltr'>aperte</span> <span class='ocrx_word' id='word_1_195' title='bbox 1104 2466 1222 2546; x_wconf 67' lang='lat' dir='ltr'>injuriae</span> 
     </span>
     <span class='ocr_line' id='line_1_24' title="bbox 114 2551 1223 2656; baseline 0.002 -38"><span class='ocrx_word' id='word_1_196' title='bbox 114 2557 203 2630; x_wconf 71' lang='lat' dir='ltr'>iacit,</span> <span class='ocrx_word' id='word_1_197' title='bbox 216 2565 246 2616; x_wconf 89' lang='lat' dir='ltr'>et</span> <span class='ocrx_word' id='word_1_198' title='bbox 259 2558 353 2618; x_wconf 86' lang='lat' dir='ltr'>urbes</span> <span class='ocrx_word' id='word_1_199' title='bbox 359 2568 495 2637; x_wconf 76' lang='lat' dir='ltr'>occupet,</span> <span class='ocrx_word' id='word_1_200' title='bbox 506 2576 593 2618; x_wconf 88' lang='lat' dir='ltr'>nemo</span> <span class='ocrx_word' id='word_1_201' title='bbox 605 2577 734 2637; x_wconf 80' lang='lat' dir='ltr'>unquam</span> <span class='ocrx_word' id='word_1_202' title='bbox 745 2557 866 2618; x_wconf 80' lang='lat' dir='ltr'>istorum</span> <span class='ocrx_word' id='word_1_203' title='bbox 876 2559 984 2656; x_wconf 83' lang='lat' dir='ltr'>injuste¹</span> <span class='ocrx_word' id='word_1_204' title='bbox 993 2551 1090 2618; x_wconf 80' lang='lat' dir='ltr'>facere</span> <span class='ocrx_word' id='word_1_205' title='bbox 1099 2569 1150 2624; x_wconf 86' lang='lat' dir='ltr'>aut</span> <span class='ocrx_word' id='word_1_206' title='bbox 1160 2579 1223 2620; x_wconf 70' lang='lat' dir='ltr'>mo«</span> 
     </span>
     <span class='ocr_line' id='line_1_25' title="bbox 115 2649 1224 2731; baseline 0.004 -23.004"><span class='ocrx_word' id='word_1_207' title='bbox 115 2669 196 2710; x_wconf 76' lang='lat' dir='ltr'>‚vere</span> <span class='ocrx_word' id='word_1_208' title='bbox 193 2649 313 2710; x_wconf 81' lang='lat' dir='ltr'>bellum</span> <span class='ocrx_word' id='word_1_209' title='bbox 330 2650 453 2713; x_wconf 84' lang='lat' dir='ltr'>dixerit.</span> <span class='ocrx_word' id='word_1_210' title='bbox 474 2650 524 2730; x_wconf 91' lang='lat' dir='ltr'>qui</span> <span class='ocrx_word' id='word_1_211' title='bbox 545 2661 615 2713; x_wconf 79' lang='lat' dir='ltr'>vern</span> <span class='ocrx_word' id='word_1_212' title='bbox 637 2671 696 2712; x_wconf 88' lang='lat' dir='ltr'>non</span> <span class='ocrx_word' id='word_1_213' title='bbox 713 2651 914 2721; x_wconf 84' lang='lat' dir='ltr'>concedenda,</span> <span class='ocrx_word' id='word_1_214' title='bbox 928 2651 1035 2729; x_wconf 80' lang='lat' dir='ltr'>neque</span> <span class='ocrx_word' id='word_1_215' title='bbox 1032 2651 1224 2731; x_wconf 78' lang='lat' dir='ltr'>negligenda</span> 
     </span>
     <span class='ocr_line' id='line_1_26' title="bbox 114 2742 1223 2824; baseline 0.002 -22"><span class='ocrx_word' id='word_1_216' title='bbox 114 2743 183 2804; x_wconf 79' lang='lat' dir='ltr'>lroec</span> <span class='ocrx_word' id='word_1_217' title='bbox 196 2761 263 2802; x_wconf 88' lang='lat' dir='ltr'>esse</span> <span class='ocrx_word' id='word_1_218' title='bbox 286 2743 420 2816; x_wconf 81' lang='lat' dir='ltr'>suadent,</span> <span class='ocrx_word' id='word_1_219' title='bbox 434 2762 486 2804; x_wconf 89' lang='lat' dir='ltr'>eos</span> <span class='ocrx_word' id='word_1_220' title='bbox 499 2743 607 2804; x_wconf 86' lang='lat' dir='ltr'>bellum</span> <span class='ocrx_word' id='word_1_221' title='bbox 622 2743 716 2806; x_wconf 81' lang='lat' dir='ltr'>lacere</span> <span class='ocrx_word' id='word_1_222' title='bbox 729 2742 851 2804; x_wconf 79' lang='lat' dir='ltr'>dicanti</span> <span class='ocrx_word' id='word_1_223' title='bbox 870 2743 972 2824; x_wconf 51' lang='lat' dir='ltr'>⁸Quod</span> <span class='ocrx_word' id='word_1_224' title='bbox 987 2742 1108 2822; x_wconf 77' lang='lat' dir='ltr'>cuipam</span> <span class='ocrx_word' id='word_1_225' title='bbox 1122 2763 1223 2804; x_wconf 83' lang='lat' dir='ltr'>earum</span> 
     </span>
     <span class='ocr_line' id='line_1_27' title="bbox 113 2831 1300 2914; baseline 0.001 -19"><span class='ocrx_word' id='word_1_226' title='bbox 113 2855 183 2914; x_wconf 71' lang='lat' dir='ltr'>quse</span> <span class='ocrx_word' id='word_1_227' title='bbox 198 2855 237 2896; x_wconf 85' lang='lat' dir='ltr'>ex</span> <span class='ocrx_word' id='word_1_228' title='bbox 248 2834 329 2896; x_wconf 88' lang='lat' dir='ltr'>bello</span> <span class='ocrx_word' id='word_1_229' title='bbox 343 2835 459 2896; x_wconf 81' lang='lat' dir='ltr'>orituroe</span> <span class='ocrx_word' id='word_1_230' title='bbox 480 2846 553 2900; x_wconf 84' lang='lat' dir='ltr'>sunt-</span> <span class='ocrx_word' id='word_1_231' title='bbox 562 2835 1031 2907; x_wconf 46' lang='lat' dir='ltr'>‹lifficrdtatumwecets&#39;e&#39;enim</span> <span class='ocrx_word' id='word_1_232' title='bbox 1045 2831 1165 2897; x_wconf 81' lang='lat' dir='ltr'>necesse</span> <span class='ocrx_word' id='word_1_233' title='bbox 1177 2849 1224 2898; x_wconf 85' lang='lat' dir='ltr'>est</span> <span class='ocrx_word' id='word_1_234' title='bbox 1268 2888 1273 2892; x_wconf 80' lang='grc'><strong>.</strong></span> <span class='ocrx_word' id='word_1_235' title='bbox 1297 2889 1300 2896; x_wconf 89' lang='grc'><strong>.</strong></span> 
     </span>
     <span class='ocr_line' id='line_1_28' title="bbox 114 2927 1223 3010; baseline -0.001 -20"><span class='ocrx_word' id='word_1_236' title='bbox 114 2930 227 2990; x_wconf 87' lang='lat' dir='ltr'>multas</span> <span class='ocrx_word' id='word_1_237' title='bbox 243 2928 312 2988; x_wconf 90' lang='lat' dir='ltr'>oriri</span> <span class='ocrx_word' id='word_1_238' title='bbox 329 2927 439 3010; x_wconf 70' lang='lat' dir='ltr'>citello</span> <span class='ocrx_word' id='word_1_239' title='bbox 457 2929 673 3007; x_wconf 80' lang='lat' dir='ltr'>molestias-in</span> <span class='ocrx_word' id='word_1_240' title='bbox 693 2951 753 2991; x_wconf 77' lang='lat' dir='ltr'>eor·</span> <span class='ocrx_word' id='word_1_241' title='bbox 766 2931 1156 3009; x_wconf 82' lang='lat' dir='ltr'>qui.vestra·causa.optima</span> <span class='ocrx_word' id='word_1_242' title='bbox 1178 2930 1223 2989; x_wconf 90' lang='lat' dir='ltr'>di-</span> 
     </span>
     <span class='ocr_line' id='line_1_29' title="bbox 115 3005 1273 3102; baseline -0.002 -18"><span class='ocrx_word' id='word_1_243' title='bbox 115 3023 305 3094; x_wconf 61' lang='lat' dir='ltr'>ceresolent‘,</span> <span class='ocrx_word' id='word_1_244' title='bbox 315 3023 443 3084; x_wconf 81' lang='lat' dir='ltr'>universi</span> <span class='ocrx_word' id='word_1_245' title='bbox 456 3023 735 3102; x_wconf 78' lang='lat' dir='ltr'>conferreeupiunt:</span> <span class='ocrx_word' id='word_1_246' title='bbox 757 3033 880 3084; x_wconf 86' lang='lat' dir='ltr'>censent</span> <span class='ocrx_word' id='word_1_247' title='bbox 889 3022 982 3095; x_wconf 81' lang='lat' dir='ltr'>enim,</span> <span class='ocrx_word' id='word_1_248' title='bbox 997 3021 1022 3081; x_wconf 88' lang='lat' dir='ltr'>si</span> <span class='ocrx_word' id='word_1_249' title='bbox 1035 3040 1086 3082; x_wconf 85' lang='lat' dir='ltr'>ros</span> <span class='ocrx_word' id='word_1_250' title='bbox 1101 3041 1223 3082; x_wconf 86' lang='lat' dir='ltr'>concor·</span> <span class='ocrx_word' id='word_1_251' title='bbox 1267 3005 1273 3020; x_wconf 44' lang='lat'>³</span> 
     </span>
     <span class='ocr_line' id='line_1_30' title="bbox 116 3115 1288 3196; baseline -0.001 -20"><span class='ocrx_word' id='word_1_252' title='bbox 116 3116 334 3194; x_wconf 69' lang='lat' dir='ltr'>ditarunoque</span> <span class='ocrx_word' id='word_1_253' title='bbox 349 3116 446 3176; x_wconf 88' lang='lat' dir='ltr'>animo</span> <span class='ocrx_word' id='word_1_254' title='bbox 460 3115 635 3196; x_wconf 60' lang='lat' dir='ltr'>Philippum«</span> <span class='ocrx_word' id='word_1_255' title='bbox 647 3116 838 3188; x_wconf 82' lang='lat' dir='ltr'>ulciscamini,</span> <span class='ocrx_word' id='word_1_256' title='bbox 856 3125 893 3175; x_wconf 60' lang='lat' dir='ltr'>et*</span> <span class='ocrx_word' id='word_1_257' title='bbox 904 3115 986 3173; x_wconf 89' lang='lat' dir='ltr'>illum</span> <span class='ocrx_word' id='word_1_258' title='bbox 1004 3125 1172 3194; x_wconf 88' lang='lat' dir='ltr'>superatum</span> <span class='ocrx_word' id='word_1_259' title='bbox 1191 3116 1225 3176; x_wconf 90' lang='lat' dir='ltr'>iri</span> <span class='ocrx_word' id='word_1_260' title='bbox 1286 3131 1288 3140; x_wconf 59' lang='lat'>¹</span> 
     </span>
     <span class='ocr_line' id='line_1_31' title="bbox 115 3205 1226 3288; baseline 0 -20"><span class='ocrx_word' id='word_1_261' title='bbox 115 3228 136 3268; x_wconf 85' lang='lat' dir='ltr'>a</span> <span class='ocrx_word' id='word_1_262' title='bbox 157 3209 258 3281; x_wconf 85' lang='lat' dir='ltr'>vobis,</span> <span class='ocrx_word' id='word_1_263' title='bbox 272 3218 302 3267; x_wconf 90' lang='lat' dir='ltr'>et</span> <span class='ocrx_word' id='word_1_264' title='bbox 322 3208 393 3288; x_wconf 80' lang='lat' dir='ltr'>ipsis</span> <span class='ocrx_word' id='word_1_265' title='bbox 410 3207 537 3270; x_wconf 84' lang='lat' dir='ltr'>faciendi</span> <span class='ocrx_word' id='word_1_266' title='bbox 559 3218 690 3287; x_wconf 79' lang='lat' dir='ltr'>quaestus</span> <span class='ocrx_word' id='word_1_267' title='bbox 711 3208 825 3268; x_wconf 85' lang='lat' dir='ltr'>nullum</span> <span class='ocrx_word' id='word_1_268' title='bbox 844 3208 941 3266; x_wconf 88' lang='lat' dir='ltr'>locum</span> <span class='ocrx_word' id='word_1_269' title='bbox 956 3205 1035 3265; x_wconf 83' lang='lat' dir='ltr'>fore:</span> <span class='ocrx_word' id='word_1_270' title='bbox 1048 3208 1103 3265; x_wconf 54' lang='lat' dir='ltr'>*sin</span> <span class='ocrx_word' id='word_1_271' title='bbox 1124 3207 1226 3268; x_wconf 83' lang='lat' dir='ltr'>oblato</span> 
     </span>
     <span class='ocr_line' id='line_1_32' title="bbox 117 3299 1229 3382; baseline -0.003 -20"><span class='ocrx_word' id='word_1_272' title='bbox 117 3302 218 3382; x_wconf 84' lang='lat' dir='ltr'>aliquo</span> <span class='ocrx_word' id='word_1_273' title='bbox 234 3301 376 3371; x_wconf 86' lang='lat' dir='ltr'>tumultu,</span> <span class='ocrx_word' id='word_1_274' title='bbox 392 3300 579 3360; x_wconf 79' lang='lat' dir='ltr'>criminantes</span> <span class='ocrx_word' id='word_1_275' title='bbox 599 3300 753 3379; x_wconf 86' lang='lat' dir='ltr'>quosdam,</span> <span class='ocrx_word' id='word_1_276' title='bbox 769 3300 807 3360; x_wconf 90' lang='lat' dir='ltr'>ad</span> <span class='ocrx_word' id='word_1_277' title='bbox 821 3299 977 3359; x_wconf 88' lang='lat' dir='ltr'>tribunalia</span> <span class='ocrx_word' id='word_1_278' title='bbox 990 3299 1143 3371; x_wconf 84' lang='lat' dir='ltr'>devoletis‚</span> <span class='ocrx_word' id='word_1_279' title='bbox 1162 3310 1229 3359; x_wconf 83' lang='lat' dir='ltr'>tum</span> 
     </span>
     <span class='ocr_line' id='line_1_33' title="bbox 109 3391 1301 3471; baseline -0.006 -12"><span class='ocrx_word' id='word_1_280' title='bbox 109 3412 148 3459; x_wconf 70' lang='lat' dir='ltr'>se</span> <span class='ocrx_word' id='word_1_281' title='bbox 158 3395 196 3455; x_wconf 89' lang='lat' dir='ltr'>iis</span> <span class='ocrx_word' id='word_1_282' title='bbox 208 3393 385 3471; x_wconf 75' lang='lat' dir='ltr'>accusandis</span> <span class='ocrx_word' id='word_1_283' title='bbox 400 3403 793 3470; x_wconf 80' lang='lat' dir='ltr'>utrumque-consecuturos,</span> <span class='ocrx_word' id='word_1_284' title='bbox 806 3401 837 3450; x_wconf 86' lang='lat' dir='ltr'>et</span> <span class='ocrx_word' id='word_1_285' title='bbox 846 3391 1044 3452; x_wconf 79' lang='lat' dir='ltr'>laudationem</span> <span class='ocrx_word' id='word_1_286' title='bbox 1059 3394 1180 3466; x_wconf 85' lang='lat' dir='ltr'>avobis,</span> <span class='ocrx_word' id='word_1_287' title='bbox 1195 3404 1226 3452; x_wconf 85' lang='lat' dir='ltr'>et</span> <span class='ocrx_word' id='word_1_288' title='bbox 1299 3395 1301 3398; x_wconf 78' lang='grc'><strong>’</strong></span> 
     </span>
     <span class='ocr_line' id='line_1_34' title="bbox 116 3484 1225 3574; baseline -0.005 -24"><span class='ocrx_word' id='word_1_289' title='bbox 116 3485 306 3574; x_wconf 79' lang='lat' dir='ltr'>largitionem</span> <span class='ocrx_word' id='word_1_290' title='bbox 327 3485 455 3544; x_wconf 86' lang='lat' dir='ltr'>abillo:</span> <span class='ocrx_word' id='word_1_291' title='bbox 478 3494 539 3544; x_wconf 88' lang='lat' dir='ltr'>turn</span> <span class='ocrx_word' id='word_1_292' title='bbox 560 3504 624 3558; x_wconf 88' lang='lat' dir='ltr'>vos,</span> <span class='ocrx_word' id='word_1_293' title='bbox 645 3487 687 3545; x_wconf 86' lang='lat' dir='ltr'>ob</span> <span class='ocrx_word' id='word_1_294' title='bbox 704 3494 878 3562; x_wconf 83' lang='lat' dir='ltr'>eapropter</span> <span class='ocrx_word' id='word_1_295' title='bbox 901 3485 1046 3564; x_wconf 81' lang='lat' dir='ltr'>quaeipsi</span> <span class='ocrx_word' id='word_1_296' title='bbox 1064 3484 1225 3545; x_wconf 82' lang='lat' dir='ltr'>mulctandi</span> 
     </span>
     <span class='ocr_line' id='line_1_35' title="bbox 116 3572 1224 3658; baseline -0.002 -20"><span class='ocrx_word' id='word_1_297' title='bbox 116 3590 230 3651; x_wconf 88' lang='lat' dir='ltr'>essent,</span> <span class='ocrx_word' id='word_1_298' title='bbox 248 3597 352 3658; x_wconf 71' lang='lat' dir='ltr'>poenas</span> <span class='ocrx_word' id='word_1_299' title='bbox 367 3572 451 3637; x_wconf 88' lang='lat' dir='ltr'>de</span> <span class='ocrx_word' id='word_1_300' title='bbox 433 3598 492 3652; x_wconf 80' lang='grc' dir='ltr'>ιιι,</span> <span class='ocrx_word' id='word_1_301' title='bbox 505 3579 566 3655; x_wconf 91' lang='lat' dir='ltr'>qui</span> <span class='ocrx_word' id='word_1_302' title='bbox 572 3597 626 3657; x_wconf 92' lang='lat' dir='ltr'>pro</span> <span class='ocrx_word' id='word_1_303' title='bbox 640 3587 705 3638; x_wconf 85' lang='lat' dir='ltr'>vest</span> <span class='ocrx_word' id='word_1_304' title='bbox 706 3577 744 3636; x_wconf 86' lang='lat' dir='ltr'>ris</span> <span class='ocrx_word' id='word_1_305' title='bbox 693 3575 922 3638; x_wconf 87' lang='lat' dir='ltr'>tcommodis</span> <span class='ocrx_word' id='word_1_306' title='bbox 936 3577 1028 3637; x_wconf 86' lang='lat' dir='ltr'>locuti</span> <span class='ocrx_word' id='word_1_307' title='bbox 1044 3589 1123 3650; x_wconf 85' lang='lat' dir='ltr'>sunt,</span> <span class='ocrx_word' id='word_1_308' title='bbox 1142 3597 1224 3636; x_wconf 89' lang='lat' dir='ltr'>sum·</span> 
     </span>
     <span class='ocr_line' id='line_1_36' title="bbox 116 3669 1259 3763; baseline 0.003 -33"><span class='ocrx_word' id='word_1_309' title='bbox 116 3681 232 3752; x_wconf 89' lang='lat' dir='ltr'>pturos.</span> <span class='ocrx_word' id='word_1_310' title='bbox 257 3670 303 3730; x_wconf 86' lang='lat' dir='ltr'>Ac</span> <span class='ocrx_word' id='word_1_311' title='bbox 317 3689 385 3749; x_wconf 89' lang='lat' dir='ltr'>spes</span> <span class='ocrx_word' id='word_1_312' title='bbox 401 3669 549 3763; x_wconf 81' lang='lat' dir='ltr'>quidem</span> <span class='ocrx_word' id='word_1_313' title='bbox 542 3681 674 3729; x_wconf 80' lang='lat' dir='ltr'>istorum</span> <span class='ocrx_word' id='word_1_314' title='bbox 671 3670 733 3728; x_wconf 75' lang='lat' dir='ltr'>hm</span> <span class='ocrx_word' id='word_1_315' title='bbox 754 3678 852 3738; x_wconf 87' lang='lat' dir='ltr'>sunt;</span> <span class='ocrx_word' id='word_1_316' title='bbox 865 3679 1121 3748; x_wconf 84' lang='lat' dir='ltr'>commentumque</span> <span class='ocrx_word' id='word_1_317' title='bbox 1136 3686 1225 3750; x_wconf 82' lang='lat' dir='ltr'>super</span> <span class='ocrx_word' id='word_1_318' title='bbox 1255 3723 1259 3734; x_wconf 83' lang='lat'>.</span> 
     </span>
     <span class='ocr_line' id='line_1_37' title="bbox 116 3759 1224 3844; baseline -0.002 -20"><span class='ocrx_word' id='word_1_319' title='bbox 116 3765 200 3844; x_wconf 75' lang='lat' dir='ltr'>quod</span> <span class='ocrx_word' id='word_1_320' title='bbox 214 3772 403 3826; x_wconf 83' lang='lat' dir='ltr'>exstruuntur</span> <span class='ocrx_word' id='word_1_321' title='bbox 420 3764 651 3837; x_wconf 86' lang='lat' dir='ltr'>criminationes,</span> <span class='ocrx_word' id='word_1_322' title='bbox 668 3765 799 3834; x_wconf 75' lang='lat' dir='ltr'>illudent,</span> <span class='ocrx_word' id='word_1_323' title='bbox 821 3760 898 3822; x_wconf 85' lang='lat' dir='ltr'>valle</span> <span class='ocrx_word' id='word_1_324' title='bbox 916 3763 1073 3823; x_wconf 78' lang='lat' dir='ltr'>nonmrllos</span> <span class='ocrx_word' id='word_1_325' title='bbox 1092 3759 1224 3822; x_wconf 85' lang='lat' dir='ltr'>homines</span> 
     </span>
     <span class='ocr_line' id='line_1_38' title="bbox 117 3855 1225 3935; baseline -0.002 -17"><span class='ocrx_word' id='word_1_326' title='bbox 117 3857 347 3931; x_wconf 81' lang='lat' dir='ltr'>bellumiacere</span> <span class='ocrx_word' id='word_1_327' title='bbox 369 3856 436 3935; x_wconf 69' lang='lat' dir='ltr'>Ego</span> <span class='ocrx_word' id='word_1_328' title='bbox 448 3873 516 3916; x_wconf 82' lang='lat' dir='ltr'>vero</span> <span class='ocrx_word' id='word_1_329' title='bbox 524 3857 705 3935; x_wconf 82' lang='lat' dir='ltr'>exploratum</span> <span class='ocrx_word' id='word_1_330' title='bbox 715 3857 821 3929; x_wconf 82' lang='lat' dir='ltr'>haben,</span> <span class='ocrx_word' id='word_1_331' title='bbox 831 3876 898 3918; x_wconf 78' lang='lat' dir='ltr'>oum</span> <span class='ocrx_word' id='word_1_332' title='bbox 907 3855 1127 3917; x_wconf 71' lang='lat' dir='ltr'>Atheniensium</span> <span class='ocrx_word' id='word_1_333' title='bbox 1138 3875 1225 3916; x_wconf 87' lang='lat' dir='ltr'>neme</span> 
     </span>
     <span class='ocr_line' id='line_1_39' title="bbox 118 3947 1225 4032; baseline 0 -22"><span class='ocrx_word' id='word_1_334' title='bbox 118 3951 230 4014; x_wconf 85' lang='lat' dir='ltr'>bellum</span> <span class='ocrx_word' id='word_1_335' title='bbox 248 3949 437 4022; x_wconf 83' lang='lat' dir='ltr'>decrevisset,</span> <span class='ocrx_word' id='word_1_336' title='bbox 456 3960 518 4008; x_wconf 85' lang='lat' dir='ltr'>tum</span> <span class='ocrx_word' id='word_1_337' title='bbox 536 3949 594 4008; x_wconf 84' lang='lat' dir='ltr'>alia</span> <span class='ocrx_word' id='word_1_338' title='bbox 613 3949 706 4014; x_wconf 85' lang='lat' dir='ltr'>multa</span> <span class='ocrx_word' id='word_1_339' title='bbox 727 3968 794 4028; x_wconf 74' lang='lat' dir='ltr'>quea</span> <span class='ocrx_word' id='word_1_340' title='bbox 813 3959 922 4012; x_wconf 74' lang='lat' dir='ltr'>nostum</span> <span class='ocrx_word' id='word_1_341' title='bbox 937 3947 1025 4032; x_wconf 69' lang='lat' dir='ltr'>urnis</span> <span class='ocrx_word' id='word_1_342' title='bbox 1037 3957 1107 4006; x_wconf 90' lang='lat' dir='ltr'>sunt</span> <span class='ocrx_word' id='word_1_343' title='bbox 1125 3958 1225 4010; x_wconf 89' lang='lat' dir='ltr'>tenere</span> 
     </span>
     <span class='ocr_line' id='line_1_40' title="bbox 120 4039 1225 4122; baseline -0.001 -21"><span class='ocrx_word' id='word_1_344' title='bbox 120 4042 302 4122; x_wconf 90' lang='lat' dir='ltr'>Philippum,</span> <span class='ocrx_word' id='word_1_345' title='bbox 312 4047 379 4102; x_wconf 75' lang='lat' dir='ltr'>&#39;tum</span> <span class='ocrx_word' id='word_1_346' title='bbox 392 4060 471 4102; x_wconf 89' lang='lat' dir='ltr'>nunc</span> <span class='ocrx_word' id='word_1_347' title='bbox 491 4041 599 4108; x_wconf 81' lang='lat' dir='ltr'>auxilia</span> <span class='ocrx_word' id='word_1_348' title='bbox 610 4040 888 4116; x_wconf 26' lang='lat' dir='ltr'>misissovssardiam.</span> <span class='ocrx_word' id='word_1_349' title='bbox 920 4039 1011 4106; x_wconf 74' lang='lat' dir='ltr'>,Quod</span> <span class='ocrx_word' id='word_1_350' title='bbox 1024 4040 1049 4098; x_wconf 86' lang='lat' dir='ltr'>si</span> <span class='ocrx_word' id='word_1_351' title='bbox 1070 4059 1125 4100; x_wconf 86' lang='lat' dir='ltr'>nos</span> <span class='ocrx_word' id='word_1_352' title='bbox 1139 4041 1225 4102; x_wconf 79' lang='lat' dir='ltr'>diesi·</span> 
     </span>
     <span class='ocr_line' id='line_1_41' title="bbox 120 4127 1224 4214; baseline -0.001 -18"><span class='ocrx_word' id='word_1_353' title='bbox 120 4127 232 4196; x_wconf 88' lang='lat' dir='ltr'>mulare</span> <span class='ocrx_word' id='word_1_354' title='bbox 251 4134 469 4196; x_wconf 85' lang='lat' dir='ltr'>volumus-eum</span> <span class='ocrx_word' id='word_1_355' title='bbox 481 4133 590 4194; x_wconf 89' lang='lat' dir='ltr'>bellum</span> <span class='ocrx_word' id='word_1_356' title='bbox 611 4149 713 4214; x_wconf 81' lang='lat' dir='ltr'>gerere</span> <span class='ocrx_word' id='word_1_357' title='bbox 725 4135 890 4202; x_wconf 85' lang='lat' dir='ltr'>nobiscum,</span> <span class='ocrx_word' id='word_1_358' title='bbox 911 4131 1076 4191; x_wconf 83' lang='lat' dir='ltr'>urortalium</span> <span class='ocrx_word' id='word_1_359' title='bbox 1095 4135 1224 4195; x_wconf 87' lang='lat' dir='ltr'>omnium</span> 
     </span>
     <span class='ocr_line' id='line_1_42' title="bbox 119 4214 1224 4308; baseline -0.005 -16"><span class='ocrx_word' id='word_1_360' title='bbox 119 4229 328 4292; x_wconf 80' lang='lat' dir='ltr'>stolidissimus</span> <span class='ocrx_word' id='word_1_361' title='bbox 342 4223 432 4299; x_wconf 79' lang='lat' dir='ltr'>esset,</span> <span class='ocrx_word' id='word_1_362' title='bbox 454 4229 826 4308; x_wconf 71' lang='lat' dir='ltr'>sildcoargueretnnam</span> <span class='ocrx_word' id='word_1_363' title='bbox 847 4225 872 4289; x_wconf 86' lang='lat' dir='ltr'>si</span> <span class='ocrx_word' id='word_1_364' title='bbox 891 4224 990 4284; x_wconf 87' lang='lat' dir='ltr'>violati</span> <span class='ocrx_word' id='word_1_365' title='bbox 1010 4214 1130 4304; x_wconf 77' lang='lat' dir='ltr'>negant,</span> <span class='ocrx_word' id='word_1_366' title='bbox 1153 4229 1224 4304; x_wconf 89' lang='lat' dir='ltr'>quid</span> 
     </span>
     <span class='ocr_line' id='line_1_43' title="bbox 121 4318 1224 4399; baseline -0.005 -16"><span class='ocrx_word' id='word_1_367' title='bbox 121 4333 168 4384; x_wconf 86' lang='lat' dir='ltr'>ast</span> <span class='ocrx_word' id='word_1_368' title='bbox 185 4322 307 4390; x_wconf 85' lang='lat' dir='ltr'>violanti</span> <span class='ocrx_word' id='word_1_369' title='bbox 321 4321 508 4392; x_wconf 74' lang='lat' dir='ltr'>faciendum?</span> <span class='ocrx_word' id='word_1_370' title='bbox 529 4321 590 4382; x_wconf 88' lang='lat' dir='ltr'>Sed</span> <span class='ocrx_word' id='word_1_371' title='bbox 605 4322 654 4382; x_wconf 92' lang='lat' dir='ltr'>ubi</span> <span class='ocrx_word' id='word_1_372' title='bbox 669 4321 819 4398; x_wconf 76' lang='lat' dir='ltr'>nosipsos</span> <span class='ocrx_word' id='word_1_373' title='bbox 841 4318 1078 4399; x_wconf 83' lang='lat' dir='ltr'>invaserit,.quid</span> <span class='ocrx_word' id='word_1_374' title='bbox 1095 4330 1158 4395; x_wconf 85' lang='lat' dir='ltr'>tum</span> <span class='ocrx_word' id='word_1_375' title='bbox 1179 4320 1224 4378; x_wconf 89' lang='lat' dir='ltr'>di·</span> 
     </span>
     <span class='ocr_line' id='line_1_44' title="bbox 120 4409 1222 4496; baseline -0.005 -18"><span class='ocrx_word' id='word_1_376' title='bbox 120 4415 242 4490; x_wconf 62' lang='lat' dir='ltr'>cemus?</span> <span class='ocrx_word' id='word_1_377' title='bbox 265 4415 318 4476; x_wconf 85' lang='lat' dir='ltr'>Ille</span> <span class='ocrx_word' id='word_1_378' title='bbox 332 4409 628 4496; x_wconf 60' lang='lat' dir='ltr'>quidcm÷sebelli1m</span> <span class='ocrx_word' id='word_1_379' title='bbox 642 4413 745 4494; x_wconf 76' lang='lat' dir='ltr'>gerere</span> <span class='ocrx_word' id='word_1_380' title='bbox 759 4412 888 4495; x_wconf 77' lang='lat' dir='ltr'>negabit,</span> <span class='ocrx_word' id='word_1_381' title='bbox 904 4411 1222 4494; x_wconf 80' lang='lat' dir='ltr'>quemadmodumnoe</span> 
     </span>
    </p>
   </div>
   <div class='ocr_carea' id='block_1_6' title="bbox 0 0 1459 4946">
    <p class='ocr_par' dir='ltr' id='par_1_7' title="bbox 0 0 1459 4946">
     <span class='ocr_line' id='line_1_45' title="bbox 0 0 1459 4946; baseline 0 0"><span class='ocrx_word' id='word_1_382' title='bbox 0 0 1459 4946; x_wconf 95' lang='lat' dir='ltr'> </span> 
     </span>
    </p>
   </div>
  </div>
 </body>
</html>
