2948 4954
192 333 249 395 196
610 325 868 405 nu'coaouh.

188 481 367 568 jurib'us'
391 481 764 567 suis‘dis'ceptaie,
802 508 888 550 cum
927 477 1193 576 perspectum
1229 493 1295 575 ha·

191 573 375 650 tuerint,
392 573 732 658 quemadmodum
754 581 806 642 iis
831 583 894 662 qui
912 575 1084 662 patriam
1104 583 1296 666 Philippo

193 670 377 730 venduut
400 671 540 732 aderit
563 667 675 752 opem
698 673 866 734 laturus
889 674 1107 735 exercitus
1136 675 1296 750 Elateae,

195 762 255 820 ita
295 761 349 820 iis
386 764 453 841 qui
494 782 567 842 pro
603 764 808 826 libertate
845 767 1005 826 conniti
1040 767 1185 828 volunt
1220 790 1295 830 vos

196 863 354 932 praes‘to
379 873 481 928 esse,
507 853 709 916 auxilium
738 856 846 918 ferre
873 869 1056 939 paratos,
1079 862 1113 920 si
1136 863 1229 941 quis
1253 863 1295 922 in

196 964 263 1005 eos
290 946 504 1007 invaserit.
544 947 737 1010 Posthac
763 951 900 1010 creari
921 954 1047 1026 jubeo
1075 954 1212 1013 decem
1241 956 1294 1015 le-

196 1038 332 1118 gatos,
357 1048 483 1118 atque
504 1038 569 1099 his
593 1037 758 1120 pariter
783 1042 868 1102 cum
888 1045 1213 1123 imperatoribus
1234 1067 1297 1127 po-

196 1131 387 1194 testatem
412 1133 598 1213 permitti
624 1143 662 1194 et
683 1127 908 1196 'statuendi
931 1159 1004 1218 quo
1026 1150 1200 1219 tompore
1230 1142 1295 1201 mi·

196 1223 299 1285 lites
322 1224 427 1286 illuc
452 1227 667 1304 proficisci
692 1236 892 1306 oporteat
912 1242 953 1289 et
975 1251 1049 1309 quo
1071 1232 1184 1292 modo
1207 1233 1297 1292 edu·

197 1317 352 1376 centur.
399 1316 616 1396 Postquam
644 1338 741 1378 vero
762 1319 887 1398 legati
917 1323 1076 1383 Thebas
1102 1344 1297 1403 pervene-

196 1410 294 1482 rint,
314 1411 506 1488 quomodo
532 1411 636 1471 hanc
660 1431 729 1472 vos
756 1433 836 1472 rem
865 1423 1055 1477 tractare
1080 1419 1298 1499 praecipio?

199 1491 291 1562 huic
316 1503 429 1581 parti
453 1501 542 1562 mem
565 1502 877 1582 disputationis
897 1507 1140 1587 diligentius
1164 1519 1297 1571 atten-

91 1665 96 1674 .
201 1594 301 1654 dite.
342 1593 457 1654 Nihil
480 1594 697 1674 quicquam
723 1615 742 1655 a
767 1596 972 1660 Thebanis
999 1601 1296 1683 petite—turpe

195 1687 307 1748 enim
328 1697 487 1767 tempus
511 1696 621 1765 θεῖ-η
647 1687 714 1746 sed
739 1706 810 1749 vos
834 1691 1023 1751 auxilium
1056 1693 1106 1754 iis
1128 1693 1298 1768 laturos,

198 1780 233 1839 'si
266 1778 495 1854 jusserint,
528 1777 772 1859 promittite,
806 1791 995 1863 tanquam
1027 1785 1097 1845 illi
1130 1788 1297 1866 quidem

202 1887 348 1930 summo
372 1871 409 1928 iu
433 1869 664 1930 discrimine
687 1885 908 1950 versentur,
932 1897 999 1937 nos
1023 1879 1164 1940 melius
1186 1901 1297 1960 quam

203 1960 268 2020 illi
290 1979 420 2020 rerum
446 1975 630 2022 eventurn
657 1967 971 2046 prospiciamus:
1005 1980 1056 2044 ut,
1083 1972 1116 2031 si
1142 1974 1297 2050 quidem

204 2053 282 2111 hoec
315 2054 540 2131 approbent
578 2055 773 2136 nobisque
809 2062 1103 2136 assentiantur,
1140 2076 1219 2125 tum
1255 2087 1298 2127 ea

203 2165 285 2223 qum
308 2145 540 2224 expetimus
562 2152 783 2210 consecuti
806 2151 1009 2228 fuerimus,
1033 2166 1105 2216 tum
1126 2157 1207 2218 ista
1226 2179 1298 2238 pro

203 2237 407 2316 dignitate
428 2239 590 2298 'nostrae
617 2241 849 2321 reipublicae
880 2241 1193 2319 confecerimus3
1231 2252 1297 2312 sin

203 2329 314 2390 votis
346 2327 491 2390 eadere
515 2332 755 2412 contigerit,
781 2337 856 2397 isti
879 2340 1042 2418 quidem
1067 2362 1108 2402 se
1135 2343 1216 2424 ipsi
1242 2365 1299 2404 ac-

206 2431 365 2492 cusent,
391 2421 425 2480 si
460 2421 556 2500 quid
590 2444 696 2486 nunc
728 2427 997 2504 offenderint,
1031 2453 1050 2492 a
1079 2436 1200 2496 nobis
1235 2457 1299 2498 au-

206 2523 283 2573 tem
313 2512 416 2570 nihil
440 2522 664 2594 turpe'aut
689 2519 841 2581 humile
870 2524 928 2583 sit
959 2525 1179 2588 admissum

246 2608 295 2663 55.
316 2604 391 2662 Haec
405 2613 493 2683 atque
513 2607 559 2663 his
578 2607 683 2668 similia
695 2612 760 2670 cum
779 2614 927 2689 dixissem,
941 2616 1088 2680 descendi.
1131 2622 1206 2690 Quae
1230 2644 1297 2684 cum

204 2695 422 2756 callaudassent
439 2714 544 2755 omnes
557 2706 589 2756 et
609 2718 693 2758 nemo
713 2702 870 2783 quicquam
887 2719 990 2770 contra
1010 2713 1139 2788 dixisset,
1160 2730 1225 2776 non·
1241 2717 1300 2778 dixi

207 2789 272 2846 haec
291 2787 418 2865 quidem,
432 2807 492 2846 non
506 2799 602 2848 autem
624 2793 736 2871 scripsi,
748 2793 803 2854 nec
817 2798 918 2878 scripsi
932 2802 1059 2880 quidem,
1080 2825 1139 2866 non
1152 2809 1302 2888 proiectus

204 2901 272 2942 sum
295 2891 391 2940 autem
406 2881 445 2940 ad
459 2882 643 2960 legationem,
657 2881 712 2946 nec
726 2889 871 2968 profectus
885 2895 1013 2972 quidem,
1027 2918 1086 2957 non
1104 2903 1235 2980 persuasi
1248 2926 1299 2966 au-

192 2983 194 2988 ‘
205 2973 528 3044 tem‘Thebanisjsed'a
540 2976 681 3057 principio
689 2982 786 3041 omnia
795 3003 859 3042 sum
869 2985 906 3044 ad
916 3007 1010 3066 usque
1021 2989 1108 3050 finem
1118 3008 1298 3073 persecutus,

208 3074 418 3146 mequetotum
432 3066 512 3125 vobis
527 3068 557 3126 in
572 3070 741 3148 urgentibus
754 3077 962 3153 rempublicam
975 3081 1110 3159 periculis
1128 3087 1215 3165 plane
1228 3109 1301 3152 con·

206 3160 291 3219 cessi.
326 3159 400 3238 Age,
420 3159 517 3239 profer
537 3161 606 3222 mihi
627 3163 784 3238 decretum,
799 3171 878 3248 quod
897 3181 959 3232 tum
979 3176 1090 3238 factum
1110 3185 1301 3264 est—Atqui

207 3271 294 3328 quem
307 3251 405 3323 teris,
420 3251 572 3326 AEschinc,
584 3273 669 3332 quem
685 3259 828 3338 meipsum
847 3263 938 3324 fuisse
950 3266 1002 3326 illo
1015 3268 1062 3329 dio
1075 3275 1203 3348 ponam-l
1231 3277 1299 3336 Vin‘

208 3361 256 3401 me
269 3341 386 3420 quidem
402 3362 478 3417 eum,
493 3365 579 3424 quem
593 3355 626 3405 tu
641 3368 694 3427 per
709 3353 870 3414 conuicium
886 3366 917 3416 et
935 3362 1140 3422 contumeliam
1163 3367 1300 3429 Batslum

207 3433 407 3514 appellaveris,
422 3445 451 3494 te
466 3447 563 3497 autem
577 3459 638 3500 non
650 3441 722 3503 forte
736 3445 853 3510 fortuna
863 3451 992 3511 oblatum
1004 3439 1101 3531 heroa,
1111 3459 1163 3520 sed
1174 3461 1300 3540 aliquem

206 3546 245 3586 ex
257 3525 302 3587 his
315 3525 352 3583 de
367 3539 464 3599 scena,
481 3529 690 3608 Cresphontem
710 3547 761 3596 aut
781 3539 935 3600 Creontem
953 3555 1004 3604 aut
1023 3566 1110 3625 quem
1131 3561 1162 3610 tu
1183 3553 1252 3613 olim
1272 3556 1303 3615 in

204 3619 326 3698 Collyto
340 3616 434 3676 malus
448 3619 523 3684 male
538 3621 607 3680 dum
621 3644 722 3703 ageres
737 3630 877 3690 obtrivisti
890 3634 1088 3699 OEnomauml
1108 3642 1191 3704 Tunc
1203 3646 1301 3725 igitur,

143 3727 148 3736 ·
205 3713 256 3772 illo
270 3713 380 3789 inquam
399 3720 538 3790 tempore,
552 3714 731 3780 Paeaniensis
749 3741 805 3801 ego
826 3724 946 3787 Batalus
970 3729 1119 3794 OEnomao
1139 3737 1302 3800 Cothocide

208 3817 236 3866 te
250 3806 346 3868 utilior
358 3807 460 3886 patria
475 3806 545 3868 civis
560 3824 725 3890 compertus
740 3836 813 3876 sum.
857 3819 901 3877 Tu
923 3822 999 3880 enim
1019 3845 1163 3904 nusquam
1184 3831 1302 3892 omnino

207 3900 350 3976 profuisti,
360 3917 416 3978 ego
425 3918 493 3958 vero
504 3900 600 3960 omnia
609 3903 790 3986 quaecunque
801 3910 911 3970 bonum
922 3914 1013 3974 civem
1026 3917 1141 3994 decent,
1150 3924 1297 4003 peregi.—

211 3989 314 4050 Recita
327 3992 484 4051 decretum.
570 4013 573 4016 ·
613 4020 614 4024 ¹

473 4179 707 4252 oscannum
727 4178 1036 4263 annueramus.

175 4329 182 4344 ,
240 4297 357 4372 Archonte
367 4301 489 4366 Nauslole,
501 4306 563 4354 tribu
575 4309 683 4370 AEsntide
696 4313 844 4382 presidente,
854 4317 1040 4380 Scirophoriouis
1057 4323 1147 4372 decimo
1166 4333 1243 4386 sexto,
1255 4331 1303 4378 Do·

206 4373 350 4462 ‘mosthene-s·
356 4377 522 4463 Demosthenis
533 4383 551 4428 f.
561 4384 705 4463 Pamisnsis
716 4390 795 4460 retulit
800 4407 814 4454 a,
824 4394 937 4452 Quoniam
950 4387 1074 4460 Philippus
1083 4401 1238 4452 Macedonum
1248 4420 1302 4464 rex,

209 4463 262 4498 oum
273 4455 499 4512 sumorrbmporo
511 4457 576 4516 pasis
587 4461 734 4526 tensaque
744 4467 890 4530 interipsum
905 4478 930 4518 et
946 4473 1058 4534 populum
1075 4476 1241 4528 Atheniensem
1248 4493 1304 4541 per·
