2948 4954
628 261 683 318 DE
707 261 889 320 CORONA.

668 477 841 540 LITERAE.
881 513 884 518 ,

203 653 205 658 ·
225 611 227 620 '
250 621 301 677 62.
321 617 470 678 concione
480 617 568 698 igitur
581 618 734 692 advocate,
744 620 864 678 Thebani
873 619 983 698 priores
992 616 1058 677 illos
1071 617 1309 693 introduxerunt,

208 713 289 789 quod
303 711 446 772 sociorum
458 711 555 770 locum
569 711 648 790 apud
661 711 740 790 ipsos
753 712 933 771 obtinebant.
965 710 1105 770 Producti
1118 711 1216 788 itaque
1231 730 1305 772 con-

208 804 408 878 cionabantur,
433 805 557 864 multum
580 803 697 882 quidem
719 803 884 883 Philippum
912 803 1077 875 laudantes,
1104 802 1229 860 multum
1249 822 1304 862 vos

158 931 160 934 -
205 895 395 976 insectantes,
413 897 510 956 omnia
530 914 713 974 quaecunque
738 915 866 974 unquam
887 895 1010 955 adversa
1027 894 1136 954 fecistis
1157 894 1306 953 Thebanis

206 988 345 1047 memoria
362 997 539 1067 repetentes.
581 987 633 1046 Ad
649 1007 802 1070 summam,
816 1007 932 1066 aequum
942 1006 1007 1046 esse
1021 987 1190 1059 censebant,
1205 1000 1240 1045 ut
1251 1007 1305 1066 pro

205 1081 332 1157 acceptis
353 1099 372 1139 a
394 1079 530 1158 Philippo
545 1079 692 1140 beneficiis
708 1081 829 1158 gratiam
845 1079 982 1160 sibi-ipsis
998 1078 1172 1157 rependant,
1186 1079 1304 1158 injuria·

205 1189 347 1231 rumvero
360 1190 432 1250 quas
447 1191 466 1230 a
478 1171 561 1230 nobis
576 1172 759 1251 accepissent
771 1191 883 1250 peenas,
892 1245 895 1253 Ι
904 1180 1086 1249 utrocunque
1100 1170 1192 1228 velint
1204 1171 1305 1244 modo,

206 1271 358 1340 expetant,
372 1262 419 1321 vel
443 1261 513 1322 dato
533 1263 568 1322 iis
591 1263 716 1344 transitu
739 1263 777 1322 ad
801 1267 866 1337 nos,
880 1261 926 1323 vel
948 1262 1034 1322 armis
1060 1281 1118 1320 una
1131 1262 1162 1320 in
1175 1261 1307 1323 Atticam

206 1352 303 1439 illatis.
314 1393 317 1402 ·
345 1354 491 1414 Praeterea
504 1354 752 1428 demonstrabant,
775 1365 810 1414 ut
821 1356 875 1416 sibi
889 1353 1008 1432 quidem
1022 1355 1206 1427 videbantur,
1219 1375 1256 1414 ex
1269 1351 1306 1415 iis

205 1463 275 1523 quaa
299 1444 354 1524 ipsi
381 1446 547 1519 suaderent,
571 1467 679 1527 pecora
702 1459 732 1508 et
755 1447 899 1526 mancipia
922 1447 1036 1525 aliaque
1056 1446 1306 1507 Atticoebonain

208 1534 349 1596 Boeotiam
362 1547 553 1620 perventura,
569 1558 606 1597 ex
619 1541 654 1598 iis
667 1559 735 1600 vero
750 1558 815 1618 quae
838 1557 892 1598 nos
915 1558 1043 1600 essemus
1056 1537 1172 1610 dicturi,
1185 1538 1309 1599 Boeotioe

204 1626 318 1688 fruetus
337 1648 439 1690 omnes
462 1650 481 1690 a
501 1631 580 1690 bello
601 1633 745 1711 direptum
758 1633 801 1690 iri.
843 1631 998 1710 Multaque
1013 1630 1074 1690 alia
1085 1641 1237 1709 proeterea,
1252 1633 1306 1692 sed

207 1739 274 1798 quse
286 1721 344 1780 huc
357 1732 455 1782 tamen
469 1724 565 1781 omnia
579 1732 753 1801 spectarent,
773 1723 921 1806 dicebant,
962 1725 1042 1789 Quoe
1056 1732 1153 1782 autern
1167 1742 1223 1782 nos
1234 1742 1306 1782 oon-

207 1821 254 1871 tra
277 1812 443 1882 dixerimus,
465 1813 612 1891 sigillatim
631 1815 713 1874 vobis
735 1833 880 1893 exponere
901 1816 989 1875 licere
1012 1832 1073 1894 pree
1097 1814 1231 1873 omnibns
1250 1835 1307 1895 ego

207 1901 326 1978 quidem
339 1904 505 1986 aestimarim
518 1905 633 1984 opibus,
648 1906 701 1964 sed
716 1924 815 1966 vereor
825 1927 863 1966 ne
876 1926 940 1979 vos,
952 1906 1104 1984 precarios
1114 1905 1177 1984 jam
1191 1913 1307 1986 tempo-

205 1991 296 2065 ribus,
309 1995 391 2072 quasi
410 1994 573 2055 eluvionem
586 1997 735 2074 quandam
748 2015 842 2056 rerum
858 1987 1002 2056 accidisse
1014 1995 1226 2068 existimantes,
1241 1997 1307 2079 ina-

203 2075 272 2143 nem
282 2089 435 2171 verborum
450 2079 601 2166 strepitum
615 2106 730 2146 omnem
751 2107 816 2147 esse
828 2089 875 2148 bis
890 2087 928 2146 de
941 2090 1029 2147 rebus
1042 2086 1202 2146 orationem
1215 2089 1306 2172 duca-

205 2176 263 2234 tis:
285 2197 350 2256 qure
363 2178 451 2256 igitur
469 2179 696 2257 persuaserimus
717 2199 771 2238 nos
795 2190 826 2239 et
845 2169 913 2258 quae
932 2178 1016 2238 nobis
1032 2178 1073 2236 illi
1092 2180 1307 2257 responderint,

209 2257 330 2330 audite,
347 2257 441 2350 vCape
453 2272 510 2330 hoc
521 2279 552 2330 et
562 2270 662 2331 recita.
1324 2260 1330 2274 ⁴

461 2465 1049 2540 responsunransnnounn.

249 2611 298 2668 63.
321 2607 375 2666 His
395 2607 483 2684 igitur
504 2607 589 2676 actis,
609 2619 752 2665 vocarunt
764 2629 815 2666 vos
830 2611 872 2666 illi
885 2621 916 2668 et
939 2621 1136 2671 arcesserunt.
1177 2613 1306 2688 Exiistis,

207 2719 292 2779 opem
306 2697 424 2772 tulistis,
435 2706 468 2754 ut
479 2715 514 2753 ea
527 2715 593 2773 quae
605 2696 636 2753 in
651 2697 746 2755 medio
755 2708 823 2757 sunt
831 2703 1062 2777 praeterrnittam,
1077 2704 1117 2762 ita
1129 2704 1307 2768 familiariter

206 2811 260 2850 vos
276 2795 463 2867 exceperunt,
476 2797 509 2845 ut
522 2805 589 2844 cum
608 2786 676 2844 toris
691 2799 790 2847 essent
813 2791 927 2868 pedites
950 2792 1130 2870 equitesque,
1145 2799 1305 2857 exercitum

205 2891 334 2944 vestrum
347 2880 377 2938 in
390 2888 469 2940 tecta
482 2887 570 2955 atque
583 2879 614 2936 in
634 2880 736 2952 urbem
749 2881 922 2960 reciperent,
938 2884 977 2943 ad
996 2883 1114 2954 liberos,
1132 2887 1170 2944 ad
1186 2907 1304 2962 uxores,

208 2973 247 3034 ad
260 2971 358 3033 omnia
370 2969 528 3030 carissima.
569 2969 660 3048 Atqui
673 2979 731 3029 tres
745 2971 796 3031 illo
810 2972 856 3032 die
874 2983 1001 3035 vestrum
1016 2975 1197 3048 laudationes
1212 2985 1304 3043 omni·

204 3067 258 3125 bus
274 3062 441 3124 mortalibus
463 3060 648 3120 declararunt
669 3062 800 3123 Thebani
822 3066 1045 3143 pulcherrimas,
1059 3088 1149 3128 unam
1162 3072 1307 3135 fortitudi-

207 3158 263 3228 nis,
281 3155 403 3216 alteram
418 3153 549 3232 justitie,
564 3154 678 3212 tertiam
691 3157 863 3235 temperanti
871 3177 907 3216 aa.
950 3159 1106 3219 Nemeum
1121 3173 1198 3224 stare
1213 3170 1307 3230 vobis.

205 3266 272 3307 cum
290 3246 321 3304 in
343 3246 406 3305 acie
422 3241 507 3322 qu'am
522 3252 625 3304 contra
637 3264 689 3304 vos
703 3247 877 3319 maluerunt,
888 3259 918 3308 et
931 3249 1067 3310 fortiores
1083 3271 1135 3312 vos
1149 3275 1214 3316 esse
1223 3259 1304 3337 judi·

208 3347 313 3400 carnut
334 3349 364 3398 et
385 3339 511 3416 aequiora
532 3338 676 3417 postulare
698 3359 784 3418 quam
800 3342 965 3422 Philippum
980 3364 988 3412 ;
1011 3355 1043 3404 et
1057 3365 1124 3404 eum
1138 3367 1182 3424 ea,
1195 3371 1263 3430 quae
1276 3363 1307 3413 et

140 3421 146 3434 '
206 3429 285 3510 apud
306 3430 477 3507 semetipsos
501 3438 532 3490 et
551 3429 631 3508 apud
653 3451 753 3492 omnes
777 3433 907 3495 homines
924 3435 1155 3514 diligentissime
1165 3445 1308 3506 custodiri

207 3519 425 3592 solent,liberos
439 3523 645 3610 conjugesque,
655 3531 759 3582 vestrae
771 3527 907 3604 potestati
922 3528 1133 3604 permiserunt,
1148 3531 1261 3594 firmam
1272 3519 1321 3598 se*

207 3611 347 3676 danobis
369 3611 750 3691 temperantioessopinionem
772 3616 878 3679 habere
896 3618 1094 3683 declararunt.
1138 3624 1173 3684 In
1198 3629 1306 3708 quibus

209 3705 352 3776 omnibus,
373 3701 575 3776 Athenienses,
599 3703 678 3782 quod
697 3707 736 3768 ad
752 3729 805 3769 vos
833 3711 948 3788 attinet,
973 3722 1060 3773 recte
1084 3734 1135 3774 eos
1154 3718 1306 3796 judicasse

210 3805 390 3877 compertum
404 3802 459 3854 est.
501 3793 578 3853 Nam
591 3812 698 3873 neque,
709 3798 842 3878 ingresso
862 3803 891 3859 in
907 3805 1049 3882 oppidum
1076 3810 1213 3884 exercitu,
1226 3816 1305 3890 quis·

211 3908 298 3966 quam
317 3888 354 3949 de
375 3886 456 3947 vobis
469 3904 506 3945 ne
520 3885 625 3966 injuria
637 3887 754 3965 quidem
768 3902 887 3969 questus
902 3905 947 3954 est
964 3915 973 3962 ;
999 3897 1042 3956 ita
1057 3918 1108 3958 vos
1122 3905 1306 3966 continentes

210 3981 392 4058 praebuistis:
414 3989 444 4042 et
461 3995 528 4038 oum
542 3977 763 4058 bisconjunctis
781 3983 872 4062 copiis
884 3989 1096 4065 pugnaveritis,
1112 3996 1307 4071 superioribus

209 4069 267 4129 illis
281 4071 398 4147 proeliis,
417 4072 510 4130 altero
532 4070 571 4130 ad
595 4069 714 4131 fluvium
738 4077 908 4154 commisso,
927 4080 1017 4139 altero
1038 4081 1178 4162 bybemo,
1191 4108 1249 4148 non
1264 4091 1307 4149 in-

216 4160 350 4246 culpatos
364 4160 459 4220 solum
472 4170 587 4222 vosmet
598 4181 697 4222 verum
711 4165 796 4224 etiam
812 4167 995 4229 admirabiles
1014 4173 1197 4250 praestitistis,
1222 4197 1307 4241 orna·

212 4263 256 4326 tu,
271 4261 422 4328 apparatu,
437 4251 588 4314 alacritate
602 4254 699 4318 animi.
741 4255 864 4337 Propter
876 4280 943 4339 quea
956 4263 993 4322 ab
1007 4263 1070 4324 aliis
1083 4267 1199 4342 quidem
1213 4271 1242 4330 in
1256 4293 1309 4334 vos

367 4409 413 4456 αἶ’
496 4419 503 4455 l
