2920 4950
455 295 859 421 ιιιιιιιιιοιιιιιιιιι.
1176 325 1210 386 ιι

116 487 197 560 quem
212 485 348 544 curamus
362 483 429 564 ipsi,
444 495 533 564 etque
553 481 609 544 hoc
623 478 758 545 effectum
781 477 950 569 ieddlde'rit,
965 479 1068 557 scitote
1082 475 1172 560 qued,
1186 479 1214 540 si

113 574 139 634 in
153 577 319 656 propinquo
331 579 406 649 sitis,
416 577 503 638 rebus
515 577 639 636 turbatis
657 577 792 636 omnibus
804 575 998 645 imminentes,
1007 575 1050 634 ita
1064 571 1218 633 ut‘voletis·

116 685 160 726 eas
175 669 380 730 administrare
391 671 536 750 poteritis:
557 679 591 728 ut
600 687 668 729 vero
683 689 761 729 nune
774 666 857 742 estis,
871 687 927 728 nec
947 687 972 728 si
963 667 1065 727 'vobis
1079 663 1219 745 tempera¹

114 759 215 820 darent
231 763 443 843 Amphipolim,
457 763 587 843 occipere
600 783 659 822 eom
670 757 807 862 possetis,
819 761 923 821 vestris
937 769 968 822 et
980 758 1166 856 apparatibus
1180 767 1212 823 et
1246 785 1247 788 ¹

115 855 470 917 sententiislluetuantes

151 951 183 1007 6.
205 949 367 1028 Oportere
360 950 448 1028 igitur
460 967 563 1010 omncs
574 959 691 1030 penates
702 969 767 1012 esse
777 969 844 1029 quoe
855 951 885 1009 ιιι
902 948 1022 1028 singulos
1034 948 1214 1010 conveniunt

114 1041 190 1100 ultro
203 1041 313 1114 facere,
327 1041 467 1128 tanquam
490 1044 649 1104 scientibus
659 1045 745 1103 vobis
761 1054 851 1122 atque
869 1043 1027 1122 persuasis,
1049 1041 1157 1102 diutius
1168 1039 1227 1110 di·-

114 1134 208 1194 cendo
233 1155 294 1194 non
312 1136 466 1195 immoror:
485 1137 625 1197 rationem
646 1156 716 1198 vero
733 1148 900 1216 apparatus,
919 1153 1007 1214 quem
1027 1134 1136 1194 talibus
1156 1151 1219 1192 vos·

114 1227 242 1305 negotiis
265 1227 454 1288 liberaturum
477 1249 542 1290 esse
564 1241 674 1310 putem,
694 1241 724 1289 et
745 1229 976 1309 magnitudinem
999 1237 1139 1308 quantam
1156 1246 1220 1285 esse·

113 1330 230 1396 oportet,
245 1341 281 1380 ac
292 1322 420 1382 rationes
434 1325 564 1402 pecunie
576 1323 783 1402 comparendee
797 1341 949 1400 quasnam,
963 1331 1128 1399 caeteraque
1138 1319 1220 1398 quo-'

113 1413 201 1472 modo
215 1413 287 1472 mihi
300 1415 407 1494 optime
416 1427 504 1494 atquc
517 1415 665 1482 celerrime
674 1413 808 1474 videntur
821 1413 1002 1486 instruendo,
1010 1414 1110 1491 atique
1122 1429 1212 1472 cona·

113 1506 165 1566 ber
173 1505 479 1580 dicere,hsctantum
489 1527 553 1581 vos
564 1507 760 1568 Athenienses
764 1516 926 1586 precatus.
945 1504 1106 1584 Postquam
1114 1519 1215 1564 omma

114 1602 277 1674 audieritis,
289 1601 432 1682 judicate,
453 1623 508 1664 nec
521 1622 580 1682 prin
599 1600 856 1681 egodictnrussum
870 1600 1044 1680 anticipate3
1065 1617 1169 1677 neque,
1170 1594 1213 1658 si

113 1695 161 1754 eoi
174 1694 259 1754 initio
272 1694 373 1758 videar
385 1713 493 1756 novum
507 1707 680 1802 apparatum
701 1694 809 1765 dicere,
823 1713 869 1754 res
882 1713 901 1754 a
913 1713 960 1752 me
973 1691 1175 1772 procrastinari
1188 1693 1220 1750 is·

109 1789 169 1858 ideo
190 1785 350 1848 existimet.
391 1789 508 1868 Quippe
531 1809 591 1849 non
614 1789 666 1868 qui
691 1794 711 1824 “
722 1787 816 1848 illico''
836 1787 926 1866 atque
952 1785 1087 1846 “hodie''
1100 1785 1219 1855 dicunt,-

113 1880 241 1940 orsxime
262 1880 301 1938 ad
321 1881 475 1942 utilitatem
494 1878 786 1962 loquantur-neque
800 1879 877 1939 enim
900 1897 1055 1959 possumus
1076 1881 1214 1957 queejam

114 1977 291 2036 exstiterunt
299 1977 381 2048 nola,
395 1975 517 2053 hisquae
531 1993 610 2034 nune
620 1973 761 2034 mittimus
772 1972 893 2044 auxiliis,
904 1973 1214 2052 reprimere-,serum

115 2069 247 2147 quisquis
261 2067 433 2139 ostenderit,
443 2067 539 2146 qualis
551 2077 707 2148 apparatus
721 2067 795 2125 volis
808 2075 1005 2144 comparatus,
1019 2077 1219 2145 quantusque,
1241 2065 1247 2078 '

115 2171 143 2218 et
155 2162 237 2221 uude
249 2168 419 2225 mentales
433 2160 537 2221 durare
549 2159 665 2241 poterit,
679 2159 778 2239 quoad
792 2170 843 2218 eut
855 2157 963 2218 bellum
970 2155 1106 2240 'persuasi
1114 2158 1219 2218 linive*

115 2245 648 2334 sinemurhostes'superaveri'mu12
668 2252 709 2313 ita
719 2247 891 2314 enim'nullis
901 2252 930 2310 in
941 2251 1091 2332 posterum
1102 2249 1213 2328 injuriis

115 2346 303 2408 lacessemur.
345 2347 446 2426 Ego
418 2346 576 2406 torturheec
585 2346 682 2407 drccre
692 2364 741 2404 me
750 2363 837 2426 pesse
846 2343 1044 2418 arbitror,non
1052 2337 1215 2422 impediens

116 2440 220 2520 siquis
245 2439 320 2498 alius
334 2439 493 2545 pollicetur
513 2439 653 2518 aliquid·
671 2438 872 2500 Promissum'
865 2438 953 2517 igitur
975 2437 1050 2497 adeo
1064 2455 1215 2517 magnum,

116 2532 177 2612 ipsa
188 2551 262 2592 vero
273 2551 319 2591 res
332 2532 363 2592 in
376 2551 498 2591 exanaen
507 2533 570 2612 jam
578 2527 690 2592 veniet.
710 2530 825 2612 judiees
838 2550 890 2594 yos
901 2528 992 2591 eritis.

153 2629 182 2686 7.
205 2625 338 2686 Primum
367 2624 466 2703 ιοιιιιι,
487 2621 711 2696 Adreniens'es,
717 2624 849 2684 triremes
871 2621 1084 2704 quinquaginta
1110 2623 1218 2684 instrui·

117 2729 249 2799 sponere
262 2717 344 2798 dicor
355 2717 526 2778 deluderes
536 2717 680 2778 eoanimo
694 2733 770 2791 esse,
782 2726 826 2791 ut,
840 2716 936 2796 siquid
948 2735 1023 2796 opes
1034 2717 1129 2791 fuerit,
1140 2717 1220 2798 ipsis,

116 2813 210 2875 ,trees
221 2811 494 2874 eonsoendooir‘bns
508 2811 547 2872 sit
559 2811 768 2890 navigandum.
818 2809 976 2884 Praeterea,
990 2812 1118 2872 dimidies
1131 2812 1215 2893 equi*
1240 2815 1242 2820 ‘

117 2916 176 2964 nm
189 2903 268 2982 {iuti
280 2903 411 2966 triremes
424 2923 492 2984 quse
506 2920 599 2982 equos
608 2903 725 2977 vehant,
738 2912 769 2963 et
782 2905 853 2964 setis
866 2905 975 2964 multas
989 2905 1110 2985 insuper
1124 2927 1215 2967 naves
1258 2925 1261 2932 ’

116 2997 210 3056 omasi
230 2996 330 3072 jubeo.
374 2995 449 3056 Haec
464 2995 601 3074 equidem
616 3015 721 3056 censeo
737 3007 848 3076 proesto
865 2997 932 3056 esse
950 3008 1093 3076 oportere,
1111 3009 1217 3059 eontra·

117 3089 281 3168 repentinus
288 3089 353 3168 ejus
364 3107 442 3148 esua
450 3087 567 3166 regione
576 3085 790 3167 expeditiones,
802 3089 838 3149 ad
849 3089 1074 3169 Thermopylas,
1084 3101 1115 3151 et
1123 3091 1217 3150 Cher-'
1238 3095 1240 3104 “

120 3199 267 3252 sonesum,
281 3191 370 3260 atque
385 3181 559 3260 Olynthum,
572 3200 628 3240 nec
641 3195 768 3262 nonque
780 3183 867 3243 libet:
888 3203 1013 3263 namque
1027 3181 1092 3246 hoec
1106 3185 1136 3244 in
1150 3187 1217 3266 ejus
1246 3234 1249 3239 .

14 3303 16 3318 ·
121 3273 213 3334 naimo
227 3273 384 3336 exeunte
395 3286 442 3332 est
456 3275 563 3354 opinio,
577 3293 629 3345 yos
644 3293 680 3334 ex
698 3274 853 3335 immodice
868 3274 924 3334 hec
938 3276 1126 3356 negligentia,
1140 3279 1215 3348 sicut

120 3367 156 3426 ad
166 3367 320 3439 Eaboeam,
334 3377 364 3427 et
374 3368 453 3447 prius
467 3367 636 3446 aliquando,
650 3379 685 3427 ut
697 3369 805 3440 lerunt,
819 3369 857 3430 sd
870 3368 1045 3443 Haliartum,
1059 3380 1090 3429 et
1101 3381 1215 3450 postre-

122 3478 165 3518 mo
177 3481 270 3540 nuper
284 3460 323 3520 od
337 3459 558 3540 Thermopylas,
569 3461 693 3520 sortasse
711 3471 873 3541 erupturos.
900 3527 902 3530 ,
917 3461 986 3522 Νοιι
997 3464 1126 3537 οιιιιιιιιο,
1139 3475 1218 3525 tam-·

125 3553 174 3612 etsi
193 3573 253 3614 non
275 3552 412 3624 feceritis,
436 3564 470 3612 ut
494 3570 552 3632 ego
570 3553 737 3614 laciendum
761 3573 826 3614 esse
842 3553 921 3627 dico,
937 3555 1025 3615 fuerit
1043 3557 1091 3615 hoc
1113 3567 1216 3618 conte·

126 3647 290 3716 mnendum,
306 3657 339 3706 ut
352 3645 399 3704 vel
410 3664 470 3724 proe
482 3655 571 3718 metu,
580 3645 606 3704 si
623 3646 720 3705 scierit
733 3656 850 3726 paratos
870 3666 936 3707 esse
949 3658 1126 3709 vomente
1137 3651 1220 3711 enim'

125 3737 203 3798 sciet:
225 3749 294 3798 sunt
314 3739 402 3810 enirn,
416 3748 486 3798 sunt
502 3738 581 3818 epnd
594 3739 750 3818 vosipsos,
763 3740 815 3818 qui
833 3738 870 3799 de
889 3740 1024 3800 omnibus
1043 3739 1215 3804 iebusleum

123 3832 265 3891 certiorem
277 3831 397 3905 faciunt,
407 3832 506 3911 plures
517 3851 605 3911 quam
618 3832 786 3912 expedit-,
798 3833 889 3892 otium
893 3843 983 3938 Negat,
995 3833 1041 3892 vel
1054 3834 1099 3892 his
1110 3835 1217 3914 despo-

123 3924 182 3995 etis,
188 3924 323 3984 incautus
334 3925 528 4004 opprimatur;
543 3921 633 3986 nihilo
642 3927 778 3986 obstante
788 3945 848 4008 quo
861 3925 958 3992 minus
969 3927 1000 3986 ιιι
1009 3927 1073 4008 ejus
1082 3948 1216 4046 regnum,

123 4013 146 4071 si
159 4016 343 4076 occasionem
355 4013 481 4089 dederit,
495 4017 649 4096 navigetis.
746 4041 748 4046 ¹
954 4041 956 4046 ’
1214 4071 1217 4076 Δ

159 4109 183 4165 8.
206 4108 304 4169 Haec
296 4109 384 4186 igitur
397 4118 480 4182 sunt,
496 4129 563 4188 quoe
577 4129 595 4169 e
607 4109 690 4171 vobis
709 4111 827 4172 decerni
845 4123 980 4194 oportere
995 4113 1072 4188 dico,
1091 4135 1217 4198 quaeque

124 4208 155 4255 ut
175 4200 354 4260 instruantur
374 4201 529 4262 convenire
558 4203 688 4263 arbitror.
738 4203 850 4264 Praeter
872 4205 947 4278 haec,
968 4209 1067 4288 copias
1093 4211 1221 4290 aliquas,

122 4293 319 4364 Athenienses,
333 4296 362 4354 ιιι
383 4296 534 4374 procinctu
553 4296 707 4360 habehdes
719 4317 836 4370 censeo,
855 4319 925 4377 quae
937 4303 1121 4362 continenter
1132 4301 1217 4366 belli·

124 4397 224 4462 gerent.
238 4398 269 4447 ot
287 4388 533 4449 illum-infestent.
576 4389 622 4448 Ne
642 4390 712 4450 mihi
735 4391 885 4468 quisdicat
903 4392 1001 4454 decies
1020 4394 1097 4464 mille
1122 4415 1217 4476 neque

124 4478 208 4546 vicies
219 4481 492 4565 milleperegrines,
506 4498 603 4564 ireque
620 4483 789 4564 epistolares
799 4483 869 4556 illos
879 4483 1038 4556 exercitum
1058 4487 1216 4548 huno-solo

522 4612 574 4646 ¹⁴·
