2912 4946
178 381 182 387 .
236 315 296 371 ιιι
547 293 1037 396 conran'rrnocnnrnn.1

146 531 148 534 .
237 467 357 530 Desine.
379 469 453 530 Mox
475 471 553 548 enim
572 470 740 550 singulatim
749 467 853 530 ‘omnia
865 471 966 550 leges„
983 463 1194 527 Hoc-omnium
1207 463 1279 536 fere,
1287 463 1329 542 ju·

235 563 328 636 dices,
343 583 408 642 quae
417 562 488 644 ¹lege
503 563 700 634 continentur,
711 573 758 623 est
771 563 1017 641 indignissimum.
1050 559 1183 618 Arbitror
1196 557 1275 615 enirn
1288 573 1330 614 ce·

146 675 147 684 ’
235 664 364 714 terorum
383 656 693 735 hominumlneminem
709 655 799 715 alium
814 676 850 715 ea
861 675 925 714 esse
940 651 1075 724 audacia,
1095 661 1138 721 ut,
1158 651 1230 708 dum
1243 649 1330 726 legem

234 743 322 807 ferret
337 749 375 808 ad
389 769 477 809 usum
497 743 615 820 civium,
632 749 746 828 judicia
759 750 839 828 prius
863 744 989 826 receptis
1008 745 1124 824 legibus
1146 744 1211 802 ra'ta
1227 735 1330 813 habita,

234 838 412 900 labefactare
426 851 590 901 conaretur.
626 842 666 900 At
685 841 742 900 hoc
756 841 938 900 Timocrates
953 839 1150 918 impudenter,
1164 855 1262 915 neque
1277 836 1329 894 dis-

235 932 406 992 simulanter
419 933 500 1006 iecit,
515 953 583 993 cum
602 943 702 1012 aperte
724 932 882 1012 scripserit,
901 931 1066 992 tametsi
1090 929 1230 1008 aliquis
1255 948 1328 986 aera·

234 1024 320 1082 rius
348 1027 423 1085 sive
447 1025 613 1104 legibus,
642 1026 724 1084 sive
753 1022 1128 1103 senatusconsulto,
1157 1019 1358 1080 vinculis·

155 1111 159 1120 ’
234 1115 512 1188 addictuscst,
537 1089 1159 1196 siveinposterumaddicetur.
1169 1116 1214 1174 Ac
1235 1113 1273 1173 de
1291 1115 1329 1172 su

233 1209 305 1269 turis
314 1209 477 1289 quidem,
455 1231 480 1270 st
494 1210 564 1289 quid
576 1212 658 1271 vobrs
666 1211 739 1271 utile
755 1211 907 1282 suasisset,
918 1209 998 1268 haud
1011 1218 1181 1288 peccasset:
1205 1207 1259 1268 sed
1273 1207 1329 1286 qui·
1346 1259 1348 1264 .

233 1300 290 1360 bus
300 1300 337 1360 de
351 1304 438 1362 rebus
444 1302 587 1382 judicium
598 1303 711 1373 statuit,
725 1322 759 1363 ac
773 1290 1001 1362 controversiam
1016 1299 1140 1373 definiit,
1155 1321 1193 1360 an
1206 1299 1329 1360 nonim-

231 1392 436 1470 portunissime
447 1394 518 1472 agit,
531 1393 582 1472 qui
593 1389 691 1472 legem
702 1393 880 1473 promulget,
891 1385 1027 1472 qualege
1039 1412 1086 1452 res
1096 1393 1155 1468 illae
1165 1391 1329 1470 rescindan-

232 1483 300 1543 tur?
323 1485 358 1544 ld
376 1485 455 1564 quod
469 1479 663 1566 perinde'est,
678 1505 714 1545 ac
729 1485 839 1563 siquis
858 1485 941 1544 istius
956 1485 1014 1544 hac
1029 1483 1096 1563 lege
1110 1503 1170 1543 non
1184 1485 1329 1562 abrogatass

232 1577 373 1638 scriberet
385 1579 483 1650 aliam,
502 1579 532 1656 in
545 1575 623 1651 lianc
639 1578 835 1638 sententiam:
858 1577 989 1638 Tametsi
1002 1578 1097 1637 aerarii
1110 1577 1201 1656 aliqui
1214 1577 1329 1638 vinculis

232 1670 353 1744 addicti,
367 1671 458 1731 vades
481 1670 617 1730 dederint
625 1669 724 1731 :istius
734 1670 811 1750 lege,
834 1680 1010 1748 nontamen
1026 1669 1067 1730 eis
1091 1669 1213 1750 sponsio
1237 1671 1330 1750 prosit,

229 1777 326 1841 neque
337 1783 502 1842 quenquam
512 1763 541 1822 in
553 1773 704 1842 posterum
718 1763 833 1833 liberari
843 1763 1002 1842 sponsione
1013 1763 1059 1822 sas
1069 1775 1143 1840 esto.
1168 1761 1230 1821 Sed
1241 1783 1330 1842 neque

230 1853 296 1914 haec
308 1849 463 1936 quisquam
476 1875 554 1914 sanae
568 1855 687 1926 mentis,
703 1844 816 1935 opinor,
827 1856 948 1932 laceret,
960 1863 990 1914 et
997 1855 1041 1927 tu,
1052 1853 1109 1913 illis
1119 1854 1240 1932 judiciis
1251 1857 1329 1914 abro-

230 1949 320 2028 gatis,
330 1949 380 2028 jus
401 1947 526 2008 violasti.
564 1943 722 2008 Decuiss'et
736 1949 814 2007 enim
835 1967 913 2019 cum,
936 1947 961 2007 si
982 1951 1044 2006 rem
1059 1946 1173 2025 J'ustam
1187 1967 1254 2006 esse
1268 1967 1329 2006 cen·

147 2047 153 2058 ⁰
228 2041 346 2115 suisset,
360 2042 434 2100 ferre
447 2040 544 2120 legem
564 2033 702 2101 derebus
723 2037 917 2120 inposterum
938 2040 1055 2112 futuris,
1074 2048 1104 2098 et
1120 2033 1181 2098 non
1201 2041 1232 2098 in
1249 2061 1329 2100 unum

229 2133 310 2206 velut
324 2154 460 2200 acervum
473 2133 613 2209 conjectis
627 2133 734 2206 futuris
748 2153 815 2192 cum
829 2133 998 2212 praeteritis,
1014 2141 1044 2190 et
1057 2131 1175 2191 incertis
1184 2125 1257 2192 'eum
1271 2135 1336 2212 per--

230 2225 337 2305 spicuis
353 2225 477 2298 delictis,
500 2224 618 2284 demum
640 2225 816 2286 sententiam
837 2225 961 2284 eandem
985 2223 1111 2283 scribere
1127 2223 1167 2284 ,da
1190 2227 1330 2287 omnibns.

228 2317 311 2385 Quid
331 2337 400 2380 vero
421 2317 550 2410 iniquius
571 2337 665 2423 quam·
677 2317 754 2377 idem
764 2317 815 2396 jus
830 2317 968 2377 tribuisse
987 2311 1036 2389 iis,
1055 2317 1106 2394 qui
1123 2319 1253 2378 convicti
1267 2330 1331 2378 sunt

229 2410 309 2517 prius
323 2410 403 2470 loesae
418 2404 598 2490 reipublicae‚
615 2422 646 2471 et
658 2407 704 2484 iis,
718 2410 755 2470 de
771 2407 879 2488 quibus
893 2401 976 2470 haud
994 2419 1120 2483 constat,
1139 2429 1179 2470 an
1200 2413 1331 2472 commis-

228 2504 288 2562 suri
303 2504 362 2562 sint
375 2497 487 2582 aliquid
496 2502 609 2581 judicio
622 2492 882 2596 persequendum?
936 2527 942 2580 j
1001 2547 1003 2554 .

269 2595 416 2654 20.1nde
437 2595 525 2655 etiam
540 2596 724 2676 perspicitur,
740 2617 830 2676 quarn
844 2617 981 2678 perverse
993 2584 1094 2678 egeria
1116 2599 1197 2679 lege
1192 2600 1241 2661 de
1261 2623 1330 2682 pra·

129 2753 132 2758 ,
228 2687 321 2746 teritis
336 2687 507 2760 feranda,
483 2707 509 2746 ιι
528 2689 742 2763 consideretur,
767 2690 839 2770 quid
858 2691 980 2750 tandem
997 2691 1037 2750 sit
1054 2710 1113 2769 quo
1134 2711 1151 2750 a
1173 2712 1331 2771 paucorum

229 2779 381 2838 dominatu
395 2775 566 2858 respublica
582 2780 811 2859 distinguatur,
803 2791 875 2841 rtem
889 2779 1033 2861 quiidnam
1050 2782 1098 2853 sit,
1118 2802 1171 2842 cur
1184 2783 1215 2842 hi
1230 2806 1279 2863 qur
1271 2783 1329 2843 le·

227 2873 312 2952 gibus
327 2892 430 2952 parere
443 2871 558 2944 volunt,
569 2874 695 2934 modesti
709 2880 739 2934 et
752 2875 861 2934 boni'
836 2895 915 2936 crres
928 2873 1146 2970 perhibeantur,
1161 2897 1215 2955 qur
1206 2878 1329 2958 oligar·

227 2965 311 3042 chiis,
326 2964 497 3024 effoeminat
476 2974 498 3023 ιι
512 2975 542 3025 et
559 2967 655 3026 servi.¹
668 2953 779 3048 lleipsa
792 2965 996 3048 comperietur,
1009 2969 1263 3058 aspeditissimum
1278 2973 1331 3032 hoc

227 3080 290 3134 esse
301 3079 485 3139 responsum,
500 3051 602 3138 quod
595 3081 624 3119 m
646 3060 811 3140 oligarchiis
825 3063 1029 3142 unusquisque
1052 3071 1115 3121 tum
1136 3074 1204 3123 acta
1226 3066 1330 3124 rescia

227 3151 328 3225 dandi,
342 3163 405 3210 tum
415 3151 453 3211 de
463 3151 570 3211 suturis
578 3171 632 3230 pro
643 3145 830 3213 sualibidine
839 3149 988 3214 statuendi
997 3153 1105 3214 habeat
1114 3157 1330 3217 auctoritatem.

199 3291 205 3305 ι
226 3245 306 3324 leges
321 3254 418 3304 autem
439 3245 477 3304 de
498 3245 603 3304 futuris
623 3247 792 3318 enunciant,
808 3247 879 3325 quid
893 3247 1062 3306 faciendum
1079 3248 1133 3320 sit,
1147 3249 1190 3310 ita
1209 3251 1290 3322 latoe,
1302 3259 1333 3308 ut

226 3337 338 3418 populo
360 3337 447 3396 simul
461 3337 549 3397 etiam
570 3357 746 3418 persuasum
768 3341 806 3398 sit
819 3339 989 3426 profuturas
1000 3360 1067 3401 esse
1087 3359 1138 3401 eas
1158 3342 1205 3401 his
1220 3344 1272 3421 qui
1291 3342 1331 3402 eis

226 3430 271 3488 uti
291 3430 391 3489 velint
413 3421 565 3501 Timocrat
553 3438 597 3490 tes
611 3450 680 3491 vero
696 3451 762 3490 curn
783 3431 813 3491 in
827 3433 919 3493 libera
932 3427 1052 3493 civitate
1065 3431 1149 3512 leges
1164 3435 1267 3508 ferret,
1283 3435 1332 3496 oli·

118 3565 121 3573 ,
228 3524 376 3602 garchiae
370 3523 568 3628 rniquitatem'
562 3545 685 3588 msuam
697 3525 819 3604 legemt
807 3527 955 3586 transtulit
957 3527 1072 3610 deque
1080 3529 1237 3607 praeteritus
1248 3533 1333 3590 rebus

226 3615 294 3696 plus
309 3615 385 3695 sibiJ‘
388 3615 448 3674 uris
460 3618 615 3696 arrogavit
630 3638 718 3696 quarn
729 3619 846 3698 judices
856 3619 1013 3679 habuerint
1022 3641 1078 3697 qur
1064 3621 1334 3693 condemnarunt

226 3728 323 3816 neque
337 3709 366 3768 in
372 3637 437 3768 Jhoc
452 3709 516 3768 solo
531 3701 692 3770 insolenter
706 3729 772 3771 sese
786 3711 889 3790 gessit,
909 3711 962 3772 sed
977 3705 1094 3792 scripsit
1104 3714 1214 3786 etiam,
1227 3717 1252 3775 si
1270 3715 1336 3796 quis

226 3803 256 3860 iu
270 3812 419 3886 posterum
441 3819 558 3879 quoque
572 3802 696 3862 vinculis
710 3792 875 3874 addicatur,
890 3805 1017 3864 licere
992 3824 1019 3863 er
1033 3806 1110 3866 datis
1126 3807 1254 3869 vadibus
1267 3829 1336 3888 pro-

227 3893 365 3966 mittenti,
389 3911 420 3953 se
440 3894 520 3956 bona
543 3892 602 3951 fide
622 3887 791 3981 reipublicae
813 3891 1042 3970 satisfacturum,
1064 3915 1183 3957 carcere
1207 3899 1338 3960 liberari.

228 3984 419 4045 Enimvero'
397 4004 421 4043 ιι
444 3984 545 4044 vinciri
564 4005 652 4064 grave
665 3997 719 4065 put
707 3989 799 4060 tabat,
814 3980 965 4064 decuisset
980 4007 1048 4047 eum
1071 3989 1146 4048 lerre
1166 3989 1278 4070 legem,
1301 4011 1340 4050 ne

227 4075 292 4152 quis
307 4075 495 4135 damnaretur
509 4076 642 4148 vinculis,
654 4097 704 4157 qur
696 4077 808 4140 vades
814 4080 965 4163 dedisset,
980 4099 1040 4140 non
1055 4090 1116 4140 tum
1128 4081 1250 4142 demum
1261 4085 1340 4144 libe·

156 4186 158 4192 ·
226 4167 368 4226 rationem
382 4168 537 4246 pervadas
550 4188 724 4262 proponere,
736 4173 787 4232 ubi
799 4175 925 4250 vasjam
939 4173 1064 4233 vinculis
1078 4174 1300 4271 damnassetis,
1312 4186 1342 4236 et

117 4314 125 4323 „
226 4253 414 4319 condemnati
442 4259 541 4318 odium
559 4257 786 4341 suscepissetis.
831 4257 929 4336 Nunc,
946 4265 1031 4345 quasi
1052 4273 1229 4339 ostentaret,
1259 4262 1341 4328 tain-

227 4349 282 4412 etsi
302 4348 386 4408 vobis
409 4347 504 4408 visum
522 4350 626 4410 fucrit
635 4354 762 4432 aliquem
780 4353 903 4432 vinciri,
916 4377 986 4418 eum
1005 4378 1036 4418 se
1045 4349 1258 4436 dimissurum,
1284 4361 1346 4419 hoc

227 4439 318 4500 modo
331 4440 428 4522 legem
439 4425 526 4520 tulit.
556 4443 658 4504 Num
651 4447 738 4525 igitur
760 4449 836 4530 talis,
848 4450 896 4512 lex
913 4471 932 4512 e
953 4450 1102 4543 republica
1121 4471 1187 4514 esse
1206 4455 1347 4524 ridetur,
