2912 4946
339 237 343 240 ”
388 263 557 336 eouran
579 245 930 324 nnisrocrrouniu‘
954 241 978 319 i.
1172 254 1230 318 rer

59 419 63 430 ⁴
134 421 188 498 qui
202 418 370 499 postularet.
392 419 443 479 Sic
456 429 563 478 natura
575 414 841 497 comparatum'est.
862 419 941 475 Sunt
954 415 1041 494 igitur
1054 407 1153 474 eorum
1167 433 1234 491 quac

138 512 304 590 Aristogito
317 511 426 590 reipub.
441 511 538 579 debet,
560 511 680 580 tabulae,
696 511 787 588 leges,
802 510 908 588 quibus
921 508 1119 567 inscribuntur
1132 525 1233 566 omnes

137 606 189 684 qui
204 605 322 679 debent,
338 603 438 680 libelli,
453 603 562 662 tabella
570 603 656 680 juxta
676 602 762 660 ιιειιιιι
777 603 839 660 site
878 600 967 666 Quod
987 600 1012 658 si
1033 599 1097 658 hoec
1119 599 1235 658 sublata

137 707 218 768 sunt,
232 709 262 756 et
275 705 452 774 expunctum
466 704 511 754 est
523 695 664 767 debiturn,
677 713 732 753 nos
746 691 841 771 nugas
855 693 980 770 agimus,
994 712 1029 750 ac
1042 693 1140 770 potius
1153 712 1235 750 men-

137 790 242 848 timur:
253 788 310 847 'sin
319 791 441 856 restant,
452 796 482 845 et
490 787 645 846 restabunt
656 786 752 846 donec
766 785 894 854 solverit,
908 794 939 843 et
952 795 1081 858 manent,
1097 784 1152 844 iste
1164 785 1235 844 nihil

136 879 201 942 reri,
209 879 290 951 dicit,
304 879 524 957 seddelinquit,
541 888 572 936 et
585 878 704 957 injurius
718 886 774 949 est,
792 877 841 954 qui
858 881 926 960 jura
939 879 1103 935 communia
1122 881 1235 937 exstin-

137 981 229 1050 guere
248 982 381 1032 conetur.
403 970 509 1050 Neque
523 971 600 1030 cuim
615 971 644 1029 id
658 991 736 1029 nunc
750 970 847 1048 agitur
861 970 890 1027 in
903 969 960 1027 hoc
970 967 1083 1047 judicio
1096 979 1126 1028 et
1139 971 1249 1030 disce·'

137 1066 280 1143 ptatione,
292 1073 446 1124 tantumne
459 1082 500 1122 ne
513 1063 629 1132 debeat,
644 1063 745 1141 quenti
758 1062 916 1121 mulctatus
931 1072 986 1131 est,
1002 1061 1054 1120 sed
1066 1081 1103 1121 an
1104 1063 1235 1123 debeat.

107 1171 110 1177 ’
138 1157 255 1236 Alipqui
267 1158 415 1234 perinique
429 1161 589 1233 ageretur
574 1175 640 1214 curn
655 1155 699 1226 iis,
713 1175 762 1232 qur
755 1154 814 1213 ob
828 1154 920 1212 solam
935 1149 1152 1213 accusationem
1166 1166 1237 1216 sunt

137 1247 281 1326 inscripti,
296 1248 321 1308 si
330 1248 397 1326 ipsi,
408 1257 563 1326 propterea
571 1247 651 1326 quod
665 1267 765 1326 parum
777 1245 865 1324 atque
876 1246 950 1304 adeo
961 1231 1031 1304 nihil
1042 1246 1236 1350 deliquerunt,

138 1361 198 1399 aere
211 1340 308 1400 alieno
320 1348 407 1400 erunt
420 1339 566 1398 obstricti:
588 1339 672 1409 alius,
687 1357 756 1416 mag
758 1337 802 1396 nis
817 1337 932 1396 delictis
947 1337 1093 1409 admissis
1109 1338 1132 1396 si
1144 1353 1236 1400 unam

138 1443 229 1512 atque
240 1434 361 1494 alteram
371 1432 541 1512 pensionem
555 1432 683 1502 solverit,
698 1431 848 1511 pristinam
861 1429 1032 1510 dignitatem
1045 1437 1236 1512 recuperabit.

138 1526 211 1584 Tria
228 1535 302 1587 sunt
311 1535 409 1584 autem
422 1525 522 1584 debita
536 1544 603 1602 quae
615 1524 757 1603 inscripta
771 1534 849 1595 sunt,
863 1533 894 1582 et
906 1529 1026 1602 propter
1039 1519 1105 1602 quae
1127 1535 1174 1584 est
1187 1543 1244 1586 ac-‘

137 1626 270 1680 cusatus.
306 1617 350 1676 Ac
364 1617 423 1676 duo
434 1617 555 1694 ¹quidem
570 1616 600 1674 ιιι
620 1616 842 1676 commentarios
857 1615 950 1701 relata
971 1626 1050 1688 sunt,
1064 1637 1155 1677 unum
1177 1640 1238 1680 non

137 1720 187 1769 est
198 1709 333 1781 relatum,
353 1709 433 1786 quod
447 1709 502 1767 iste
516 1708 599 1768 falsae
613 1708 817 1788 inscriptionis
835 1709 1002 1766 Aristonem
1023 1709 1238 1788 Alopecensem

135 1811 270 1862 accusat.
292 1801 359 1873 Ne,-
373 1799 599 1880 inquit,‘injuste
618 1800 696 1860 enirn
710 1820 758 1860 me
775 1800 933 1879 inscripsit.
966 1801 1060 1860 Poena
1074 1802 1162 1880 igitur
1175 1803 1239 1876 tibi,

139 1904 175 1962 ut
188 1913 250 1973 par,
264 1893 408 1954 sumenda
426 1901 482 1952 est.
517 1893 624 1952 Sedet
637 1893 746 1951 luenda
762 1893 896 1970 primum,
909 1902 940 1952 et
960 1912 996 1952 ea
1018 1903 1083 1952 rata
1104 1895 1240 1956 habenda

138 1986 321 2060 necessario,
335 2005 403 2064 quae
418 2003 576 2064 perpessus
587 2005 629 2045 ee.
657 1985 778 2062 Alioqui
787 1985 871 2064 cujus
881 1985 921 2043 rei
932 2003 1046 2064 poenam
1061 1983 1183 2045 'sumes'l
1207 1989 1240 2046 Si

137 2079 193 2138 tibi
207 2079 285 2139 enim
296 2097 383 2156 agere
396 2078 467 2138 licet
480 2077 578 2136 omnia
588 2085 658 2155 'quic
670 2077 786 2147 ceteris,
800 2079 867 2153 quae
881 2077 960 2135 lacta
970 2077 1021 2136 tibi
1035 2087 1079 2136 est
1094 2078 1220 2159 injuriet
1238 2073 1243 2080 ⁸

185 2173 232 2230 16.
253 2171 353 2248 Agite,
369 2189 422 2250 per
436 2170 519 2244 deos,
533 2169 604 2230 illud
619 2169 708 2230 etiam
728 2169 921 2240 considerate,
936 2169 960 2227 si
974 2170 1143 2232 Aristonem
1157 2173 1241 2233 falsae
1269 2177 1271 2187 ’

96 2307 99 2312 -
142 2262 339 2342 inscriptionis
361 2282 443 2322 reum
463 2263 618 2342 peregerit,
641 2262 713 2340 quid
739 2262 811 2322 fieti
827 2261 1026 2342 'Expunge'tur
1046 2265 1107 2342 ipae
1126 2267 1240 2327 medius

141 2348 292 2428 lidius,''et
309 2355 359 2414 ille
382 2355 445 2432 ejus
460 2355 525 2414 loco
539 2355 721 2414 inscribetur.
746 2355 885 2417 Sic'enim
900 2355 982 2432 leges
991 2353 1107 2434 jubent.
1137 2357 1239 2418 Recte.

77 2462 81 2469 ‘
96 2474 103 2484 ‘
143 2449 253 2512 Utrum
268 2448 355 2526 igitur
364 2446 404 2506 ab
417 2465 453 2504 eo
467 2446 582 2505 die‘iste'
594 2445 777 2504 eritcerarius
788 2447 838 2523 qui
848 2445 1011 2524 expunctus
1024 2447 1121 2524 luerit,
1135 2449 1183 2509 ille
1196 2452 1241 2510 di·

70 2532 74 2538 ’
143 2542 285 2620 gnitatem
305 2539 448 2610 retinebit,
468 2539 521 2618 'qui
535 2537 621 2617 hujus
632 2538 708 2598 'loco
722 2538 915 2597 inscribetur?
937 2539 981 2596 Ex
995 2539 1078 2599 istius
1093 2553 1171 2602 certe
1188 2563 1241 2624 po-

142 2633 259 2694 stulatis
274 2651 353 2691 nunc
374 2634 432 2690 ista
450 2631 597 2689 eveniunt.
627 2630 659 2689 Si
678 2631 766 2701 enim,
782 2649 817 2689 eo
832 2631 910 2709 quod
929 2631 1084 2710 inscriptus
1103 2646 1159 2707 est,
1182 2656 1265 2696 non·

142 2726 242 2803 debet,
255 2725 305 2783 ubi
314 2733 476 2804 expunctus
487 2723 583 2792 luerit,
595 2722 713 2782 debebit
725 2722 865 2802 profecto.
884 2723 953 2782 'Sed
964 2725 1029 2784 baec
1044 2745 1101 2784 non
1112 2726 1153 2786 ita
1163 2714 1242 2802 sunt,

142 2837 203 2876 non
217 2817 349 2892 itasunt.
372 2816 479 2874 Verum
492 2812 544 2874 ubi
554 2814 669 2874 deletus
682 2813 778 2887 luerit,
789 2824 851 2872 turn
862 2817 922 2872 non
932 2815 1065 2876 debebit:
1093 2837 1172 2878 nunc
1187 2820 1242 2898 igi*-

141 2919 192 2968 tur
200 2908 298 2969 debet.
329 2907 417 2974 Quod
429 2906 453 2965 si
466 2906 515 2966 ille
525 2905 613 2964 luerit
624 2905 786 2974 absolutus,
798 2925 817 2964 a
826 2925 885 2983 quo
894 2907 1015 2985 recipiet
1024 2928 1059 2966 ea
1068 2910 1242 2987 respublica,

144 3020 213 3081 quae
227 3019 304 3060 nunc
319 3000 378 3080 iste
392 2999 474 3071 lacit,
487 3016 607 3057 cumea
620 2998 717 3057 lacere
731 2997 757 3056 ei
772 3016 831 3055 non
847 2997 954 3056 liceat?
980 2999 1078 3072 Unde,
1099 3021 1174 3080 quos
1188 3003 1243 3062 iste
1276 3071 1280 3081 J

142 3094 249 3173 capitis
265 3094 398 3164 arcessit,
411 3111 486 3171 quos
503 3093 533 3150 in
547 3091 667 3166 vincula
676 3091 806 3170 conjicit,
820 3093 928 3170 passim
948 3092 976 3150 in
987 3093 1099 3170 judicio
1116 3096 1241 3156 circurn-

50 3208 53 3214 ’
141 3189 218 3256 iens,
240 3186 282 3244 illi
304 3187 393 3246 vitem
418 3185 567 3262 recipient,
589 3184 619 3242 hi
646 3183 678 3242 id
698 3193 922 3262 consequentur,
942 3204 979 3243 ne
1006 3185 1163 3245 crudeliter
1183 3198 1242 3248 tra-

143 3278 216 3339 ctati
225 3276 302 3336 sint?
324 3279 419 3343 Quem
433 3275 510 3335 enim
524 3293 578 3334 nec
591 3274 622 3332 in
636 3275 777 3354 aequalis
766 3275 841 3354 Juris
856 3283 886 3333 et
898 3276 1060 3353 quotidiani
1074 3278 1242 3340 societatem

143 3370 225 3448 leges
238 3366 435 3438 admittunt,
427 3386 451 3426 rs
472 3367 502 3424 in
524 3365 601 3424 mala
622 3375 755 3425 extrema
776 3366 895 3446 conjicit
916 3367 1008 3436 alios;
1031 3370 1110 3447 quod
1133 3371 1167 3430 fn
1184 3383 1243 3432 non

141 3471 234 3530 recte,
253 3479 309 3518 nec
323 3459 456 3529 civiliter,
475 3477 572 3537 neque
592 3437 709 3519 utiliter.
751 3458 826 3526 Quae
843 3459 892 3518 ubi
905 3459 1000 3533 uideo,
1023 3465 1111 3522 miror
1129 3471 1243 3526 sursum
1297 3525 1303 3534 ,

143 3553 283 3612 deorsum
296 3551 369 3611 verti
383 3551 489 3610 omnia.
512 3550 591 3618 Quid
605 3551 682 3609 enim
696 3550 758 3610 fore
767 3551 887 3629 putatis,
904 3553 927 3610 si
938 3552 1014 3613 teria
1025 3575 1151 3626 sursum,
1166 3568 1246 3618 astra

143 3645 283 3705 deorsum
299 3660 451 3714 conversa,
464 3641 592 3702 fuerint?
614 3642 683 3701 Hoc
704 3643 766 3701 fieri
786 3663 880 3720 neque
901 3649 1015 3722 potest,
1031 3649 1125 3723 neque
1147 3647 1244 3708 debet.

145 3737 225 3800 Turn
239 3755 307 3795 vero
322 3735 363 3805 ita
375 3735 419 3804 fit,
436 3753 502 3808 cum
516 3733 560 3806 iis,
574 3733 679 3810 quibus
691 3753 755 3792 non
768 3734 838 3794 licet
851 3728 974 3812 legibue,
986 3747 1085 3796 vestra
1095 3739 1244 3800 voluntate

144 3831 234 3890 licet.
261 3840 327 3888 curn
341 3827 518 3906 improbitati
534 3825 627 3887 honos
640 3826 729 3886 habet
717 3836 775 3900 tur,
787 3829 891 3888 uirtus
888 3827 1063 3906 abjicitur:
1074 3849 1140 3889 cum
1150 3831 1201 3910 jus
1216 3845 1246 3893 et
1262 3833 1274 3844 χ

145 3921 258 3982 utilitas
272 3921 397 3979 vincitur
410 3919 447 3978 ab
457 3917 583 3978 invidia:
605 3927 677 3978 tunc
692 3939 806 3978 sursum
820 3919 957 3980 deorsum
971 3939 1066 3982 versa
1070 3941 1134 4019 esse
1147 3927 1246 3986 omnia

146 4024 195 4073 est
207 4012 444 4072 existimandum
1262 4003 1265 4012 ¹

165 4109 238 4165 17
260 4105 281 4166 J
284 4125 331 4163 arn
348 4123 462 4163 reorum
478 4103 621 4181 quosdam
635 4102 705 4174 vidi,
719 4103 768 4182 qui
782 4122 848 4161 cum
864 4103 934 4182 ipsis
940 4106 1034 4165 rebus
1047 4106 1244 4187 vincerentur,

148 4207 180 4260 et
190 4217 221 4257 se
234 4212 371 4276 peccasse
391 4195 523 4255 inficias'
515 4212 557 4254 ue
572 4215 630 4256 non
643 4205 786 4274 possent,
783 4201 899 4254 tamen
901 4196 970 4273 quia
983 4197 1031 4255 alii
1043 4198 1082 4258 ad
1094 4201 1164 4260 vitae
1183 4219 1245 4261 mo

146 4289 327 4364 demtionem
343 4298 373 4360 et
390 4276 622 4366 temperantiam,
642 4286 690 4346 alii
711 4285 810 4346 adres
831 4287 971 4365 majorum
993 4301 1099 4366 gestas·
1114 4303 1144 4351 et
1164 4293 1245 4354 obita

147 4380 388 4464 muuera‚aliiad
400 4379 462 4470 ejus
473 4379 588 4460 generis
599 4378 882 4462 aliaconlugiebant,
896 4399 947 4461 per
958 4400 993 4442 ea
1005 4381 1120 4459 flexisse
1129 4383 1246 4463 judices
1268 4413 1271 4418 ·
