2946 4954
406 309 464 374 DE
486 309 599 377 MALE
620 309 760 374 GESTA
780 305 1030 374 LEGATIONE.
1212 317 1272 374 275
1295 371 1304 382 .

161 487 260 534 venos
275 473 344 552 esse
358 471 501 551 quosdam
517 479 548 530 et
557 487 689 531 morosos
704 470 819 552 'in-urbe
833 469 982 542 homines,
992 478 1025 528 nt
1039 485 1098 528 oon
1113 469 1269 531 erubesce-

162 575 228 626 rent
244 565 272 624 ei
287 563 421 624 convicia
430 565 539 634 dicere,
554 573 585 623 at
598 563 754 622 barbarum
768 579 836 620 enm
849 562 986 622 vocitare.

190 659 238 718 86.
252 656 330 716 Fieri
337 666 436 734 potest
444 656 531 734 igitur
540 665 574 714 ut
582 655 661 715 idem
671 656 724 728 vir,
733 653 791 712 illie
800 655 984 714 sermonibus
990 664 1058 715 ante
1066 654 1184 728 habitis,
1192 665 1269 735 posr,

162 749 339 809 benedicere
355 767 415 807 eon
431 748 604 821 dubitasset,
613 747 669 808 nisi
684 757 837 826 corruptus
852 757 932 807 esset
944 747 1168 827 largitionibus?
1190 750 1269 817 Quid

161 843 253 902 vero?
271 845 335 902 isne
349 842 400 920 qui
413 841 577 900 Atrestidas
587 849 651 902 tum
661 837 787 900 infestus
797 840 854 900 fuit
866 851 983 920 propter
994 839 1151 922 Olynthios
1161 859 1268 922 puerm

160 945 194 995 et
206 934 404 1007 mulierculas,
418 951 497 994 nunc
512 933 631 1013 adjutor.
643 933 820 994 Philocratis
831 951 903 994 esse
919 951 981 992 non
996 933 1123 1006 dubitat,
1142 935 1192 1013 qui
1206 955 1270 994 mar·
1298 942 1302 946 “

74 1040 78 1042 ·
163 1027 249 1087 lieres
268 1022 429 1108 Olynthios
448 1027 591 1106 ingenuas
613 1025 652 1085 ad
666 1025 817 1084 libidinem
837 1025 895 1085 huc
916 1025 1059 1088 adduxit?
1079 1025 1129 1104 qui
1147 1029 1185 1088 ob
1200 1028 1267 1088 vitae

161 1119 356 1200 petulantiam
371 1120 416 1180 sic
428 1119 564 1190 innotuit,
579 1117 697 1178 etmihi
710 1117 793 1177 nulla
807 1121 871 1193 jam
889 1121 954 1198 ejus
965 1117 1077 1199 flagitia
1090 1137 1267 1182 commemo
1307 1172 1318 1182 ,,

160 1213 252 1272 tanda
266 1213 334 1282 sint,
349 1221 401 1272 aut
413 1212 553 1284 facinora,
568 1213 622 1278 sed
635 1211 660 1272 si
673 1220 792 1272 tantum
801 1201 912 1284 dixera
929 1212 1126 1273 Philocratem
1138 1214 1196 1274 huc
1211 1215 1267 1275 du-

159 1307 238 1365 xisse
249 1305 511 1379 mulieres,ornnes
519 1321 572 1364 vos
582 1313 613 1364 et
622 1321 672 1364 eos
685 1303 734 1382 qui
745 1303 945 1376 circumstant,
956 1315 1055 1369 cetera
1064 1323 1153 1366 nosse
1165 1306 1266 1379 sciam,

159 1405 191 1458 et
205 1397 306 1458 dolere
322 1397 418 1457 mena
431 1397 593 1457 infelicium
603 1405 633 1456 et
644 1409 874 1456 aerumnosarum
892 1396 1059 1470 mulierum,
1074 1416 1199 1477 quarum
1215 1401 1267 1458 AE·

161 1491 278 1551 schines
293 1510 354 1550 non
364 1489 528 1561 miseretur,
539 1509 594 1550 nee
604 1490 635 1548 in
645 1504 695 1558 eas
707 1489 833 1561 intuens,
849 1487 995 1549 Graeciam
1009 1490 1152 1568 deplorat,
1168 1491 1193 1550 si
1206 1492 1266 1552 illa

161 1583 240 1662 apud
253 1584 350 1643 socios
364 1582 502 1662 elegatis
516 1580 728 1642 contumeliose
738 1590 890 1654 vexantur,
912 1601 981 1642 suas
994 1583 1112 1661 quidem
1119 1583 1266 1651 torturas

159 1675 378 1748 lamentabitur,
393 1692 461 1734 cum
475 1674 517 1735 ita
531 1695 563 1734 se
577 1673 606 1734 in
621 1675 770 1754 legatione
782 1674 917 1754 gesserit,
930 1684 962 1736 et
978 1676 1119 1754 puerulos
1132 1677 1265 1738 fortassis

159 1779 299 1841 merset,
313 1777 342 1827 et
355 1767 504 1847 producet.
526 1769 591 1826 Vos
604 1777 702 1830 autem
713 1766 891 1846 cogitabitis,
900 1767 1028 1846 judices,
1039 1768 1068 1826 in
1079 1776 1214 1847 respectu
1228 1770 1266 1828 ad

158 1859 242 1920 istius
261 1858 377 1931 liberos,
399 1861 556 1919 multorum
579 1859 724 1920 sociorum
743 1870 905 1920 vestrorum
928 1868 958 1918 et
977 1860 1135 1926 amicorum
1157 1860 1265 1921 liberos

159 1971 265 2025 errare,
282 1937 313 2012 et
336 1952 488 2012 mendicos
507 1953 669 2020 circumire,
688 1952 848 2009 crudeliter
862 1946 1007 2011 ¹tractatos
1026 1963 1143 2032 propter
1158 1939 1264 2023 istumr

158 2051 283 2124 quorum
292 2063 347 2103 ros
359 2043 488 2102 misereri
501 2042 595 2102 multo
607 2051 654 2100 est
668 2041 792 2120 aequius,
803 2055 892 2118 quam
906 2053 1041 2106 natorum
1055 2045 1096 2103 ita
1110 2043 1267 2107 facinorosi

130 2148 135 2155 ’
159 2147 189 2196 et
202 2135 359 2216 proditoris
368 2136 469 2214 patris,
480 2142 511 2193 et
520 2143 682 2194 vesborum
691 2134 813 2193 liberum
824 2133 874 2211 qni
886 2129 955 2196 sunt
964 2137 1004 2194 ab
1013 2135 1088 2208 istis,
1101 2137 1151 2216 qui
1161 2155 1264 2216 pacem
1376 2139 1385 2164 “

158 2230 197 2290 ad
210 2237 344 2308 posteros
353 2247 469 2307 quoqne
483 2227 686 2297 extenderunt,
701 2225 788 2285 etiam
799 2245 852 2304 spe
863 2226 989 2286 icaunae
1000 2227 1129 2288 melioris
1138 2231 1264 2308 spoliati.

158 2323 251 2402 lpsius
266 2329 366 2382 autem
379 2321 524 2399 lacrymas
533 2318 687 2390 intuentes,
701 2337 755 2378 vos
767 2334 847 2377 nunc
858 2317 968 2386 habere
983 2319 1131 2380 hominem
1146 2321 1198 2400 qrri
1210 2340 1263 2384 vos

151 2417 240 2492 jussit
252 2415 369 2474 raittere
380 2414 410 2472 in
425 2407 594 2483 Arcadiam,
607 2410 658 2489 qni
672 2410 801 2489 Philippi
815 2409 964 2470 studiosos
976 2423 1160 2472 accusarent.

159 2529 163 2536 ’
197 2515 246 2570 87.
271 2510 364 2570 Nunc
380 2509 468 2588 igitru
489 2507 564 2567 nihil
581 2515 628 2566 est
646 2523 771 2568 necessa
791 2507 905 2584 legatos
925 2506 1040 2567 mittere
1058 2508 1095 2566 in‘
1115 2508 1263 2588 Pelopon·

156 2623 271 2676 nasum,
285 2611 338 2662 aut
349 2601 541 2680 longinquam
555 2600 609 2659 iter
622 2599 782 2679 suscipere,
797 2609 848 2660 aut
861 2600 1000 2660 maticmn
1016 2587 1195 2682 impendere,
1210 2603 1264 2664 sed

155 2697 229 2756 illud
243 2696 397 2766 duntaxat,
407 2701 446 2753 ut
459 2693 659 2771 unusquisque
673 2702 802 2752 vestrum
817 2711 912 2773 usque
930 2695 969 2753 ad
978 2694 1110 2781 ⁴tribunal
1126 2715 1262 2776 progree-
1294 2751 1300 2764 ,

155 2807 218 2862 sus,
231 2803 369 2848 sanctum
388 2795 419 2846 et
435 2805 556 2863 aequum
574 2785 744 2864 suffragium
758 2785 831 2846 ferat
851 2781 1027 2868 propatula,
1046 2779 1149 2851 contra
1167 2791 1262 2852 homi·

155 2887 238 2953 nem,
251 2868 311 2958 aaa
326 2879 392 2939 odii
401 2877 589 2950 immortales,
600 2896 667 2938 curn
679 2877 756 2949 illas,
766 2879 805 2938 de
814 2880 920 2957 quihus
931 2880 1012 2940 initio
1022 2881 1093 2955 dixi,
1104 2883 1261 2944 conciones

155 2971 345 3042 habuerit,dc
356 2969 541 3041 Marathone,
551 2967 589 3029 de
602 2969 758 3040 Salamine,
768 2969 805 3028 de
815 2971 933 3048 praeliis,
943 2971 1153 3053 detriumphis‚
1161 2975 1261 3034 statim

153 3073 190 3124 nt
207 3064 415 3125 Macedoniam
435 3062 543 3142 attigit,
560 3061 658 3121 omnia
674 3062 721 3121 his
744 3063 890 3123 contraria
911 3063 1001 3122 dixit:
1022 3085 1082 3124 non
1103 3067 1261 3127 recordan-

154 3157 227 3220 dum
240 3175 306 3218 esse
320 3159 471 3232 majorum,
489 3165 550 3216 non
569 3153 731 3234 triumphos
745 3155 916 3226 sanandos,
935 3157 1044 3216 nemini
1058 3175 1143 3237 opem
1165 3158 1261 3220 feren·

153 3251 234 3322 darn,
254 3266 316 3308 non
329 3249 521 3309 conmuniter
534 3264 601 3306 cum
622 3247 736 3308 Graecis
751 3247 990 3322 consultandum,
1011 3259 1123 3310 tanturn
1138 3271 1201 3311 non
1216 3253 1259 3312 di-

152 3342 282 3402 ruendos
295 3357 364 3401 esse
377 3356 485 3430 marus.
507 3340 623 3406 Quibus
635 3339 781 3400 orationes
793 3340 874 3400 nullo
891 3353 1022 3421 anquam
1035 3339 1166 3423 tempore
1180 3347 1261 3426 apud

151 3447 209 3497 tos
220 3436 329 3518 habita
343 3443 413 3520 satit
424 3434 573 3494 loediores.
597 3433 668 3501 Quin
682 3443 727 3493 est
740 3435 817 3494 enirn
832 3435 1003 3496 Graecorum
1018 3447 1049 3496 et
1064 3437 1260 3498 Barbarorum

142 3531 196 3590 ¹ita
214 3545 338 3606 vaecors,
353 3535 405 3587 aut
417 3526 568 3606 imperitus
589 3537 696 3597 rerum,
717 3535 768 3586 aut
784 3538 880 3606 usque
900 3529 975 3590 adeo
995 3541 1104 3591 nostra
1124 3533 1188 3592 urbi
1206 3532 1260 3590 ini-

150 3622 259 3694 micus,
269 3621 330 3699 qui,
343 3621 368 3680 si
381 3620 448 3698 quis
461 3627 554 3698 roget,
569 3635 634 3696 age,
649 3617 695 3678 dic
709 3619 789 3690 mihi,
803 3620 867 3698 ejas
882 3620 1007 3681 Groeciae
1022 3643 1089 3702 quae
1109 3643 1189 3683 nnnc
1203 3633 1260 3698 est,

151 3721 245 3792 abque
263 3713 409 3784 incolitur,
424 3721 509 3772 estne
521 3703 585 3769 ulla
601 3730 680 3788 pars,
698 3731 765 3790 qure
782 3727 890 3773 umnam
908 3733 994 3774 suurn
1012 3719 1159 3789 retineret,
1173 3727 1260 3794 atque

149 3806 332 3866 incoleretur
340 3807 377 3864 'ab
390 3804 427 3864 iis
438 3804 488 3892 qui
501 3822 580 3862 nunc
593 3822 664 3866 „eam
681 3804 813 3866 obtinent
828 3805 952 3881 Groecis,
965 3808 1021 3870 nisi
1034 3809 1064 3868 in
1082 3809 1259 3868 Marathone

150 3909 184 3962 e!
197 3901 237 3962 ad
258 3901 439 3984 Salmninbm
451 3889 583 3979 ‘majores
595 3899 687 3958 nostri
700 3917 755 3979 pro
770 3900 811 3961 eis
826 3909 910 3962 tanta
923 3903 1030 3962 virtute
1049 3901 1259 3964 dimicassent?

150 3997 251 4056 Nemo
263 3993 295 4053 id
307 3993 435 4072 quidem,
452 3995 523 4052 satis
542 3991 613 4064 scio,
623 3991 749 4052 dixerit:
772 3995 825 4054 sed
843 3995 917 4053 illud
930 3996 1018 4054 fuisse
1031 3996 1172 4070 futurum,
1186 4008 1220 4057 ut
1241 4011 1260 4058 a

148 4089 286 4149 barbaris
310 4087 377 4146 aaa
399 4085 498 4145 omnia
518 4093 701 4164 caperentur.
736 4087 851 4153 Quibus
865 4087 955 4164 igitur
971 4085 1106 4148 laudibus
1124 4096 1156 4149 et
1173 4103 1264 4152 orna·'
1369 4095 1371 4100 '

148 4181 261 4242 mentis
274 4181 339 4240 illos
349 4179 396 4239 vel
409 4179 537 4238 hostium
552 4197 641 4240 uerno
655 4180 796 4258 spoliarit,
810 4197 976 4248 eorumuos
991 4180 1143 4242 AEschiucs
1158 4185 1258 4244 memi-

147 4275 234 4334 nisse
246 4288 307 4332 non
316 4271 394 4343 sinit,
408 4271 524 4330 illorum
538 4281 681 4355 posteros,
696 4281 728 4330 ut
740 4271 804 4349 ipse
818 4289 952 4332 nummos
967 4271 1112 4354 adcipiat?
1141 4277 1186 4336 Ac
1202 4275 1259 4336 aha

147 4365 275 4449 'tpnidem
285 4366 366 4424 bona
378 4363 451 4422 nihil
461 4361 587 4422 attinent
600 4363 639 4422 ad
653 4363 828 4422 defunctos:
850 4371 881 4421 at
892 4381 988 4424 rernm
1006 4355 1146 4445 praeclare
1160 4377 1257 4446 gesta·

148 4470 222 4522 rum
234 4457 350 4533 laudes,
363 4473 464 4518 eorum
484 4455 535 4536 qui
552 4454 594 4518 sic
607 4454 766 4535 oppetiere,
782 4455 901 4537 propria
912 4465 982 4518 sunt
995 4459 1141 4538 possessio
1153 4463 1258 4539 (usqne
