2932 4952
236 297 308 360 ’.378
371 357 373 362 ,
517 295 710 360 CONTRA
733 287 1066 359 ARISTOCR'A'llihl.

237 465 242 516 i

665 589 668 594 r
708 491 834 598 ¹'torn‘

238 693 242 706 .
277 665 313 712 ‘Sl
324 645 376 727 quis
387 674 464 714 entem
475 667 612 717 homicidum
625 668 739 716 ceciderit
749 675 791 715 sut
801 668 872 716 caedis
884 665 906 713 ei
915 679 985 712 causa
997 661 1075 716 luerit,
1086 661 1107 706 is
1118 641 1233 720 abstinent
1244 655 1294 702 iuro
1305 651 1353 700 col·

238 745 245 792 ζ
254 737 338 792 Ιιιιιιιιο
350 749 374 790 ιιι
383 743 446 790 ludis
457 750 481 793 et
490 745 562 792 ueris
573 744 783 805 Amphictyonicis,
794 743 891 806 perinde
903 757 930 788 ιο
949 741 969 787 ιι
984 737 1148 788 Atheniensem
1161 733 1298 786 occidisset,
1314 745 1353 778 co·

242 817 354 892 'demque
364 819 459 868 crimine
471 826 590 871 tenentur:
608 821 651 870 sed
659 820 776 880 judicatio
794 819 929 880 capitelium
939 830 1059 866 censorum
1075 812 1197 875 judicibus
1209 813 1353 856 reservatur.

243 923 505 1008 «Οοιιιόιιιιιιιιιιιι
519 933 601 993 voltis
615 943 670 1004 est,
686 913 892 1002 Athenienses,
906 929 976 1010 quid
991 918 1078 1010 hujus
1092 927 1168 1004 legis
1183 933 1287 984 auctor
1300 919 1354 980 sibi

254 1025 398 1087 voluerit.
413 1028 546 1092 videbitis
555 1049 631 1090 cmm
645 1050 711 1100 eum
721 1023 886 1090 netecunde
894 1039 993 1087 omma
1002 1024 1172 1103 etlegrtrme
1181 1015 1356 1080 distinxisse

242 1118 288 1176 :si
303 1121 379 1198 quis,
394 1123 499 1201 inquit,
519 1122 658 1183 occiderit
672 1117 859 1194 homicidam,
874 1119 1042 1180 antcoedis
1052 1119 1079 1176 ei
1102 1131 1195 1175 'causa
1218 1107 1340 1176 ιιιιιιιι,Ι
1332 1127 1355 1167 rs

245 1211 404 1272 abstineat
413 1215 477 1294 foro
491 1215 650 1292 collimitio,
665 1215 727 1274 ei
708 1213 795 1286 ludis,
811 1223 840 1274 et
854 1213 951 1273 ιιιιιι
959 1199 1219 1293 Amphictyouicis,
1233 1201 1356 1282 perinde

248 1294 293 1361 ιιι
305 1323 332 1361 ιι
321 1287 551 1392 Atheniensem
565 1305 733 1379 occidisset,
747 1303 909 1384 codemque
931 1303 1049 1363 erimine
1062 1309 1214 1359 teneatur:
1236 1295 1325 1355 sed
1310 1313 1357 1374 Ju-

188 1431 198 1446 ι
258 1383 367 1456 dicatio
379 1399 562 1476 capitelium
559 1403 714 1458 causarnm
724 1353 873 1494 indicibus
884 1403 1055 1458 reservetur.
1097 1389 1176 1457 Quid
1190 1389 1240 1447 hic
1250 1384 1358 1447 audiol

247 1484 314 1544 ‚Ine
328 1489 454 1560 censuit,
469 1489 560 1549 ccedis
584 1509 665 1556 reum
686 1490 796 1550 factum
815 1485 853 1560 et
876 1475 1092 1566 convictum,
1066 1501 1090 1544 ιι
1112 1471 1202 1542 semel
1224 1474 1358 1582 effugerit

248 1587 348 1656 *atque
363 1582 484 1664 evaserit
486 1582 615 1662 ,justum
628 1581 745 1660 quidem
757 1599 831 1652 esse,
846 1601 883 1641 ex
900 1575 1044 1640 interfecti
1058 1575 1152 1656 patria
1165 1567 1358 1656 exterminari,
1448 1621 1449 1634 ,

248 1671 361 1731 occidi
357 1667 537 1758 ubicunque
552 1693 617 1735 esse
631 1673 723 1734 nefas.
766 1673 847 1743 Quid
869 1664 1046 1754 spectavit?
1065 1667 1159 1756 Illud,
1173 1664 1291 1746 quod
1268 1683 1293 1722 ιι
1307 1671 1358 1722 nos

255 2493 443 2588 temporibus
465 2501 679 2582 conveniebant
697 2500 820 2573 finitimi,
844 2509 876 2560 et
902 2492 920 2558 a
943 2497 1036 2568 vobis,
1049 2506 1079 2556 et
1101 2496 1138 2555 ab
1162 2494 1226 2554 urbi
1241 2495 1362 2556 vicinis:
1449 2494 1450 2558 i

252 1779 312 1822 :eos
326 1764 376 1841 qui
391 1765 448 1824 alio
462 1785 494 1825 se
509 1770 699 1846 recepissent,
709 1766 920 1838 occideremus,
930 1757 978 1823 alii
991 1747 1169 1842 peremptori
1183 1767 1286 1817 essent
1300 1769 1359 1826 eos,

261 1871 311 1930 qur
304 1853 384 1914 huc
398 1856 610 1935 confugissent.
653 1857 779 1924 Quod
756 1877 781 1917 ιι
799 1855 891 1928 fieret,
905 1856 978 1928 fore,
993 1867 1026 1913 ut
1036 1872 1096 1913 una
1109 1851 1223 1930 reliqua
1240 1847 1358 1908 calami·
1448 1875 1449 1886 ι

252 1946 333 2028 tosio
347 1947 490 2034 omnibus
496 1950 575 2009 salus
594 1949 755 2010 tolleretur.
797 1947 846 2008 Ea
854 1967 921 2026 qua
930 1944 996 2006 esti
1018 1945 1059 2003 Ut
1072 1959 1172 2003 eorum
1187 1953 1263 2019 quos
1272 1941 1358 1999 laese-

254 2023 328 2110 uiut,
343 2025 453 2128 patria
452 2042 591 2116 cedent,
575 2061 614 2102 ιιι
634 2042 755 2102 aliorum
770 2040 920 2110 ditionem,
936 2040 1062 2118 quibus
1054 2037 1166 2106 nullam
1179 2031 1324 2093 iecerint'
1317 2051 1358 2091 rn-

255 2126 376 2206 juniam,
390 2117 553 2193 habitatum
566 2143 631 2208 tuto
644 2133 845 2212 commigrent
881 2129 923 2192 ld
943 2130 1043 2209 igitur
1039 2145 1091 2187 nc
1112 2126 1281 2199 accideret,
1290 2144 1360 2184 nere

256 2219 377 2283 infinita
389 2209 587 2286 calamitatum
602 2225 744 2305 supplicia
752 2225 937 2292 exsisterent
949 2222 1074 2300 scripsit,
1088 2220 1120 2278 si
1141 2215 1226 2296 duis
1247 2217 1363 2276 homi·-

157 2349 162 2358 ·
256 2309 396 2376 ¹cidem
413 2299 624 2390 occiderit,
645 2315 839 2377 abstinent
868 2315 951 2375 loro
977 2309 1190 2374 collimitio
1233 2311 1362 2376 Quidea

258 2421 321 2464 vox
330 2406 390 2466 sibi
398 2395 481 2468 vult?
511 2409 632 2470 Finibus
643 2409 778 2488 regionis.
810 2407 854 2468 Ibi
865 2407 955 2498 enim,
968 2417 1001 2465 ut
1015 2405 1084 2464 mihi
1099 2403 1222 2473 videtur,
1235 2402 1362 2507 antiquis

259 2587 347 2648 unde
360 2590 523 2684 appellavit
542 2573 637 2651 lorum
659 2565 851 2652 collimitiuui.
893 2586 931 2650 Et
944 2609 1054 2662 rursus,
1068 2587 1198 2647 sacris
1214 2587 1364 2668 Amphi·

174 2741 176 2750 ,
266 2675 468 2776 ctyoniois.
496 2683 695 2752 Quamobrem
715 2693 746 2743 et
769 2685 805 2742 aii
830 2681 875 2742 hrs
890 2679 1015 2742 exclusit
1031 2677 1281 2739 homicidamlut
1295 2697 1363 2758 qna
1449 2719 1450 2750 ι

262 2767 445 2851 rumcun'qu'e
469 2791 566 2834 rerum
593 2773 717 2835 occisus
731 2774 877 2854 particeps
898 2773 1034 2844 iuerat,
1027 2773 1062 2832 ris
1090 2771 1180 2831 eredis
1215 2783 1365 2848 auctorem

262 2857 442 2959 prohiberet
483 2851 612 2926 Primum
625 2865 729 2946 patrie,
744 2877 775 2926 et
798 2856 1019 2944 omnibusque
1034 2865 1063 2922 in
1087 2875 1124 2924 ea·
1145 2875 1224 2936 sunt,
1240 2863 1366 2924 solenni·

234 2986 244 2994 ι·
262 2955 379 3031 talibus
390 2949 422 3016 ιι
435 2959 537 3030 suciis,
551 2970 582 3018 et
593 2958 784 3018 collimitiutn
790 2957 882 3018 fomur
899 2975 953 3062 pro
967 2958 1091 3017 termino
1113 2955 1294 3034 designavit,
1308 2973 1365 3034 quo

170 3095 178 3102 .
261 3048 477 3126 prohibendum
504 3063 571 3110 enm
599 3051 681 3110 dicit
725 3050 841 3110 Deinde
865 3049 955 3110 sacris
982 3047 1244 3128 Amphictyonicis.
1291 3047 1366 3106 Nam

263 3149 297 3200 et
317 3141 433 3215 horum,
456 3131 546 3203 modo
559 3127 686 3203 Graecus
698 3151 782 3202 esset
798 3141 923 3214 occisus,
942 3143 1087 3220 particeps
1099 3141 1206 3199 fuerat.
1250 3139 1299 3200 Et
1317 3139 1365 3198 lu·

171 3243 198 3314 '-
264 3232 347 3292 dis.
360 3225 579 3301 Quamobrem?
591 3234 676 3311 Quia
689 3251 860 3294 communes
875 3245 943 3292 sunt
955 3229 1089 3292 omuibus
1107 3231 1157 3309 qui
1179 3231 1367 3292 celebrantur

267 3324 300 3382 in
324 3319 439 3393 (incenia
456 3317 600 3386 ludi-A
619 3325 724 3404 quibus
737 3326 807 3404 quia
817 3345 901 3404 nemo
916 3320 1134 3392 excludebatur,
1148 3318 1268 3383 illorum
1284 3325 1370 3384 etiem

267 3417 416 3496 particeps
443 3417 539 3478 Areret
559 3419 674 3478 occisus
693 3417 771 3476 ine·
794 3415 889 3502 Etiam
903 3416 948 3475 his
971 3416 1059 3494 igitur
1074 3411 1231 3474 abstineat.
1276 3415 1318 3473 Et
1329 3415 1370 3472 his

266 3507 388 3606 quiam
400 3505 576 3570 homicidam
587 3509 742 3588 prohibct3
758 3509 790 3567 si
806 3527 876 3568 vero
892 3519 975 3568 extra
995 3507 1059 3566 haec
1079 3505 1223 3566 occiderit
1236 3524 1307 3566 eum
1322 3505 1372 3566 nli·

247 3627 249 3630 ’
267 3600 347 3678 quii,
369 3592 545 3660 insumunt
556 3600 636 3672 alibi,
650 3601 749 3660 ldern
741 3621 771 3661 ιιι
786 3619 854 3682 eum
868 3598 1045 3680 supplicium
1058 3599 1222 3670 constituit,
1238 3599 1322 3679 quod
1347 3597 1373 3656 si

269 3693 533 3754 Atheniensem
568 3666 810 3752 occidisset.-
831 3691 908 3752 Nam
922 3692 1031 3752 exsuli
1037 3711 1145 3751 nomen
1166 3691 1299 3750 civitatis
1318 3709 1375 3750 non

269 3771 417 3864 impertiit,
431 3785 516 3865 cujus
529 3799 633 3864 expers
646 3794 703 3856 est,
715 3785 770 3872 sed
779 3783 932 3869 facinoris,
947 3787 1006 3864 quo
1023 3783 1073 3842 ille
1092 3784 1291 3864 semetipsum
1304 3783 1376 3843 obli·

272 3878 362 3953 gavit.
404 3870 635 3970 Propter-esque,
650 3876 682 3935 si
703 3876 787 3962 quis
808 3874 1001 3946 occiderit,
1014 3875 1116 3955 inquit,
1136 3874 1377 3936 homicidam.

211 4049 214 4058 Ι
272 3968 391 4027 Deinde
410 3969 462 4027 ubi
473 3965 608 4047 adjecit,
622 3968 728 4046 quibus
753 3957 839 4028 rebus
865 3968 904 4026 sit
924 3966 1121 4048 interdictum,
1144 3975 1180 4027 ut
1197 3967 1376 4046 suppliciunt

272 4060 385 4134 tutione
402 4059 535 4138 legitima
547 4053 713 4138 infligatur,
727 4058 853 4118 civitatis
871 4065 978 4118 nomen
991 4057 1101 4137 posuit,
1115 4058 1164 4116 hin
1176 4059 1288 4130 verbis,
1302 4077 1376 4140 per·

273 4149 356 4208 inde
377 4170 417 4210 ec
438 4152 469 4210 si
484 4149 751 4210 Atheniensem
773 4151 988 4235 occidisset,
1009 4149 1379 4221 Valdc,valdedissimilis,

274 4240 477 4312 Athenienses,
488 4253 535 4302 est
549 4242 697 4321 legislator
711 4244 824 4304 auctori
835 4243 923 4320 huju's
944 4241 1202 4304 senatusconsulti.
1243 4245 1301 4303 An
1313 4249 1378 4304 veru

274 4351 335 4390 non
349 4331 466 4392 crudele
480 4343 535 4404 est,
549 4335 573 4394 si
586 4335 650 4412 quis
662 4335 730 4408 hos,
748 4335 854 4412 quibus
868 4334 916 4394 lex
932 4335 1088 4406 concessit,
1101 4334 1190 4393 ruodo
1210 4335 1381 4396 interdictis

166 4477 167 4486 ,
274 4421 346 4483 locis
356 4432 385 4483 et
393 4424 479 4485 rebus
495 4424 667 4502 abstineant,
681 4426 711 4488 in
725 4426 948 4530 exsilio'securc
959 4426 1065 4503 vivere,
1080 4426 1211 4490 omniurn
1223 4426 1380 4490 violentie
