2932 4952
492 316 668 387 neuras
690 294 866 384 ιιιιιιιιι
1016 367 1019 375 ,
1173 295 1260 406 ιιιΙ

128 485 251 582 propter
264 474 345 556 quod
359 481 472 555 poenae
475 475 545 536 dare
558 477 648 538 debet
662 476 862 555 reipublicoe,'
854 495 884 534 ιιι
902 471 1035 534 beneficii
1049 471 1114 534 loco
1128 466 1231 538 nume}

128 568 215 652 iabit.
251 569 353 645 Atqui,
367 569 456 628 talem
471 568 677 636 trierarchiam,
688 573 800 638 utrum,
815 586 867 645 per
881 566 965 634 deos,
979 563 1230 634 nundinationem,

131 671 162 724 et
174 661 369 732 exactionem,
383 670 413 720 et
428 659 623 728 desertionem
637 643 782 728 ordinum,
795 657 964 734 militiaeque
976 656 1091 735 fugam,
1105 667 1136 715 et
1148 651 1229 735 quic·

127 749 203 833 quid
220 752 307 826 hujus
329 752 442 828 generis
463 752 689 830 est,appella1e
710 750 807 829 potius
822 741 986 819 conveniet,
1006 768 1044 807 an
1057 749 1229 808 munificen-

48 886 53 900 .
129 846 200 904 tiam
215 853 247 902 et
260 843 484 902 liberalitatem?
513 842 590 901 Nam
605 862 670 900 cum
684 841 765 898 nullo
779 840 835 899 alio
849 839 937 900 modo
951 838 1093 916 equestris
1109 841 1278 920 expedi

59 965 63 974 ι
128 937 217 1020 donis
231 927 444 1016 immunitatem
457 944 558 1014 posset
570 935 702 1014 adipisci,
716 933 801 992 istam
811 931 987 1010 excogitavit
1000 931 1110 992 Midias
1124 943 1229 994 novam

129 1028 279 1108 quandam
293 1028 438 1108 equitatus
452 1026 702 1088 nundinationem.
730 1025 835 1102 Atque
842 1035 904 1084 tum
918 1024 1031 1095 iterum,
1045 1043 1112 1083 curn
1127 1027 1230 1105 reliqui

130 1121 282 1200 trierarchi
295 1139 407 1190 ornnes,
421 1140 472 1196 qur
464 1103 595 1198 aliquid
608 1118 705 1196 largiti
719 1127 812 1188 erant,
825 1136 876 1176 vos
890 1119 921 1176 ιιι
934 1118 1029 1176 reditu
1043 1137 1059 1176 e
1074 1117 1168 1196 Styri's
1179 1139 1232 1187 co*

130 1213 304 1276 mirarentur
316 1231 353 1270 ac
366 1211 555 1281 deducerent,
569 1209 675 1270 solus
665 1219 722 1270 rste
739 1210 894 1269 comitatus
912 1229 971 1270 non
991 1219 1063 1268 est.
1074 1211 1135 1269 Sed
1147 1212 1230 1300 vobis

130 1305 287 1384 neglectis,
306 1303 411 1373 vallos,
430 1313 461 1362 et
476 1302 616 1380 pecudes,
630 1311 661 1361 et
677 1303 756 1362 fores
770 1301 807 1360 ad
822 1322 864 1374 se,
878 1310 908 1362 et
927 1301 1007 1379 ligna
1020 1301 1058 1360 ad
1072 1301 1231 1380 argentifo-
1291 1367 1296 1376 J

128 1391 231 1460 dium
224 1396 443 1477 instructionem
457 1396 624 1474 asportavit.
647 1393 773 1456 Proinde
787 1404 917 1498 quaestus
931 1395 1070 1472 priuatus,
1084 1415 1229 1456 nonanus

129 1489 281 1567 publicum
303 1488 354 1546 illa
372 1487 541 1548 trierarchia
553 1473 662 1546 bomini
683 1485 868 1564 spurcissimo
886 1485 950 1546 fuit.
981 1485 1055 1545 Haec
1071 1505 1090 1544 a
1102 1507 1229 1548 merere

126 1580 400 1662 dici,.'quanquam
392 1602 449 1662 rpst
441 1583 524 1643 fere
534 1581 651 1642 ¹conscii
665 1581 746 1654 estis,
759 1589 851 1640 testes
864 1581 978 1640 vocabo
991 1589 1098 1640 tamen.

597 1753 761 1849 'unsrun
843 1834 847 1840 .

163 1922 222 1970 Cleo
233 1909 364 1976 Stinienrie,
372 1915 501 1967 Aristocles
510 1917 653 1966 Paeaniensis
655 1917 810 1978 ,Pamphilum
814 1916 1109 1972 NiceratusAclrerdusius,
1118 1917 1231 1985 Euctemo

129 1997 260 2060 Spbettiur,
272 2013 318 2056 quo
329 2001 435 2057 tempore
451 2009 502 2041 cum
514 2001 563 2041 tota
575 1995 649 2041 elassa
662 2009 675 2041 a
686 1995 761 2055 Styrie
773 1995 817 2040 hue
828 1993 1030 2056 renerigabamns,
1041 1974 1163 2040 trierarchi
1179 2009 1230 2040 ere·

30 2086 32 2092 ’
125 2087 185 2150 mne
197 2081 221 2120 et
232 2071 286 2132 ipsi,
298 2079 322 2120 et
331 2073 418 2120 ididiae
427 2069 467 2132 qul
481 2087 505 2118 a
508 2071 666 2118 Demosthene
678 2085 739 2116 nuno
750 2075 880 2132 accuratur,
891 2068 928 2114 cui
943 2083 987 2114 noe
1002 2069 1159 2124 testimonium
1170 2059 1230 2115 didi·

125 2139 191 2196 iiius.
207 2151 331 2210 Quumque
341 2155 388 2194 teta
396 2147 478 2194 ulmeis
488 2139 568 2193 ordine
578 2147 706 2199 incederet,
714 2152 738 2192 et
748 2128 878 2192 ιιιειιιιιιιιι
889 2144 1026 2206 imperatum
1036 2151 1099 2191 erret
1111 2160 1139 2192 ne
1150 2159 1229 2206 segre·

130 2232 214 2288 gereret
220 2239 281 2280 sete,
293 2225 420 2273 donecbuc
431 2223 610 2284 appelleremus,
618 2221 704 2268 Midiae
713 2222 789 2268 oluere
802 2220 891 2274 relicta,
902 2235 960 2268 nare
970 2227 1045 2266 autem
1042 2221 1133 2280 lignis,
1146 2227 1171 2268 et
1180 2223 1230 2268 ral-
1254 2208 1257 2214 ¹

128 2300 170 2354 lie,
182 2307 206 2346 et
216 2299 355 2361 pecudibus,
365 2299 463 2358 aliisque
474 2297 698 2358 rebusquibusdum,
709 2304 811 2352 onerata,
823 2296 845 2341 in
856 2295 971 2341 Piraeum
983 2295 1073 2356 appulit
1082 2295 1147 2342 solus
1158 2297 1229 2346 biduo

129 2384 195 2437 poet,
203 2391 246 2422 nee
257 2391 299 2422 sue
309 2375 435 2470 praesentia
445 2389 497 2420 cum
506 2373 559 2466 eliis
571 2371 703 2419 trierarchis
714 2371 811 2418 clereem
823 2386 891 2418 orum
894 2369 920 2416 rt

100 2496 102 2504 ’
170 2502 223 2559 47.
246 2498 373 2568 Quodsi
386 2517 464 2568 vero,
479 2457 681 2569 Athenienses,
696 2515 877 2576 quaecunque
890 2496 1016 2574 proferet
1029 2506 1116 2575 atque
1132 2465 1229 2558 statim
1298 2559 1301 2568 ,

128 2592 211 2672 apud
225 2611 275 2651 vos
298 2590 455 2648 insolenter
462 2589 617 2669 jactitabit,
633 2587 681 2648 ad
689 2608 756 2678 curn
770 2589 890 2648 modum
908 2591 945 2648 ab
967 2605 1002 2647 eo
1020 2589 1153 2668 impensa
1172 2591 1228 2649 rei·

127 2683 256 2764 publicae
269 2691 300 2740 et
314 2680 513 2740 administrata
527 2690 636 2754 essent,
649 2691 679 2740 et
692 2671 815 2751 nonita,
831 2689 864 2738 ut
877 2699 934 2758 ego
943 2681 1121 2755 demonstro,
1135 2703 1171 2742 ne
1186 2683 1230 2743 sic

127 2775 272 2856 quidem
264 2774 443 2873 injuriarum,
463 2773 568 2852 quibus
582 2793 628 2832 rne
642 2773 739 2832 affecit
727 2782 881 2851 tpropter
899 2773 1002 2834 merita
1021 2773 1051 2832 ιιι
1071 2775 1229 2854 rempubli

128 2872 206 2950 carri,
214 2887 242 2928 er
234 2860 353 2925 'danda
366 2875 444 2924 esset
456 2865 620 2942 impunitas
642 2851 720 2924 Nam
734 2883 790 2941 ego
802 2883 877 2922 novr
861 2864 1001 2936 multos,
1015 2885 1064 2943 qur
1056 2866 1229 2944 complura

124 2959 160 3042 ιιι
180 2977 234 3017 vos
249 2967 278 3016 et
296 2955 403 3015 Midiae
413 2955 564 3016 beneficiis
583 2956 676 3015 multo
691 2955 832 3033 ampliora
847 2955 1044 3026 coutulerunt,
1066 2957 1126 3014 alii
1133 2958 1228 3016 classa

124 3035 213 3113 victis
227 3047 370 3118 hostibus,
385 3047 433 3106 alii
444 3047 561 3106 urbibus
575 3048 679 3126 captis,
694 3047 742 3106 alii
753 3047 851 3104 multis
862 3057 892 3104 et
902 3045 1049 3124 praeclaris
1061 3049 1226 3126 reipublicae

126 3135 282 3222 triumphis
295 3143 402 3222 partis.
422 3142 494 3200 nulli
508 3149 606 3204 tamen
627 3145 751 3202 horum
749 3141 802 3202 vos
816 3151 944 3224 unquam
965 3161 1029 3202 eam
1046 3141 1224 3250 potestatem
1298 3207 1299 3210 ,

55 3245 60 3252 ’
120 3235 264 3310 deffistis,
278 3247 308 3295 et
322 3237 397 3295 absit
409 3241 443 3294 ut
453 3234 544 3304 detis,
541 3245 586 3294 ut
599 3255 700 3295 eorum
713 3237 867 3317 cuiquam
863 3234 963 3294 liceret
971 3236 1091 3314 privatis
1103 3235 1226 3298 inimicis

125 3328 280 3396 insultare,
295 3326 412 3405 quando
426 3325 526 3401 vellet,
548 3335 650 3430 atquo
663 3326 751 3386 modo
764 3333 900 3406 posset:
894 3315 941 3386 ne
962 3325 1080 3403 quidem
1096 3322 1225 3390 Harmo-

126 3421 179 3482 dio
205 3423 237 3480 et
263 3416 464 3501 Aristogitoni.
507 3417 562 3475 His
583 3419 661 3478 enim
683 3419 812 3478 maxima
826 3401 910 3478 dona
934 3437 989 3496 pro
1016 3421 1148 3483 maximis
1174 3423 1226 3483 be'·

118 3511 240 3572 noticiis
254 3531 273 3570 a
284 3509 369 3594 ¹vobis
380 3509 450 3569 data
463 3511 552 3570 sunt:
570 3493 673 3588 Neque
687 3509 717 3568 id
726 3509 914 3581 tulissetis,
891 3509 989 3587 siquis
999 3508 1227 3574 ιιιιιιιιιιιιιιοιι-Ι

124 3605 254 3686 psisset:
288 3599 407 3688 liceat
438 3599 556 3680 porro
592 3602 646 3662 eis
683 3603 804 3662 otiam
839 3602 983 3662 laedere
1031 3593 1226 3682 quemvis.

121 3689 208 3766 Quia
225 3697 263 3755 ob
283 3695 341 3754 hoc
355 3695 448 3774 ipsum
462 3693 574 3772 reliqua
583 3689 664 3756 [dona
673 3705 862 3775 'acceperant
875 3695 955 3773 quod
969 3696 1092 3757 aliorum
1105 3693 1232 3785 injuria's,

122 3789 392 3893 compescuissent
409 3787 478 3846 Jam
493 3787 567 3846 relat
555 3795 614 3845 atrn
629 3787 655 3846 ei
659 3807 785 3867 quoque
802 3787 915 3849 arabis
934 3798 1000 3848 ess'e
1019 3790 1151 3867 gratiam,
1165 3811 1225 3874 ιιοιι

122 3891 241 3942 tantum
249 3881 313 3960 ejus
323 3878 548 3974 mentia—qum
558 3897 648 3957 parva
661 3882 778 3940 οιιιιιιιιο
787 3891 920 3953 esset-,
931 3881 985 3940 sed
994 3881 1127 3941 maximis
1136 3867 1225 3968 etiam

120 3972 277 4038 Beneficiis
287 3971 396 4051 parem,
407 3971 438 4030 id
451 3990 567 4050 quoque
578 3961 742 4060 ostendam,
757 3993 794 4032 ue
807 3973 913 4032 debere
927 3991 978 4050 vos
992 3957 1100 4050 aliquid
1113 3959 1226 4036 homini
1268 3965 1272 3976 ’

120 4063 317 4146 spurcissimo
333 4063 453 4152 putetis.
491 4063 565 4136 Vos,
587 4063 792 4135 Athenienses,
813 4064 910 4144 istum,
932 4045 1027 4156 qualis
1045 4061 1145 4144 qualis
1168 4077 1224 4148 est,
1293 4132 1297 4138 ,

119 4155 226 4220 Parali
235 4145 412 4235 quaestorem
420 4156 553 4226 creastis,
565 4175 696 4220 necnon
694 4155 866 4233 magistrum
876 4151 1017 4243 equiturn,
1026 4177 1095 4218 cum
1105 4149 1224 4252 quidem

113 4251 154 4312 in
168 4248 376 4308 festivitatibus
387 4265 464 4324 equo
476 4265 529 4325 per
539 4247 641 4306 lorum
646 4247 781 4306 incedere
791 4260 850 4306 nou
861 4255 971 4323 posset,
981 4258 1012 4307 et
1021 4246 1226 4342 mysteriorum
1295 4290 1296 4298 ι

117 4351 301 4409 curatorem,
313 4345 344 4397 et
357 4337 515 4418 aliquando
529 4353 634 4416 regem
643 4336 836 4397 sacrificulum
849 4337 997 4416 boumque
1011 4351 1180 4420 emptorem,
1194 4329 1225 4400 et

116 4434 147 4494 'si
159 4441 311 4512 quaesunt
323 4429 386 4513 ejus
399 4429 516 4508 generis
530 4429 600 4490 aliae
610 4428 778 4510 dignitates.
791 4429 893 4508 ''Ejus
885 4428 973 4507 rgitur
987 4431 1094 4510 ingenii
1107 4435 1226 4510 perrel-
