2886 4946
196 256 254 323 186
635 259 689 320 DE
703 254 898 320 cononi.

194 417 300 496 quibus
321 426 418 496 pesnas
440 423 509 475 sunt
528 414 646 498 legibus
666 415 845 490 consumtus,
869 412 1032 476 convicium
1051 429 1120 474 vero
1140 411 1297 474 maledicta

197 507 316 583 tontum,
329 507 434 588 quibus
454 506 562 568 inimici
575 527 629 588 pro
647 503 701 568 su'a
713 505 837 587 quisque
854 503 953 567 indole
966 503 1014 566 alli
1029 503 1102 566 alios
1115 501 1192 564 forte
1208 503 1299 584 irirpe·

194 611 272 666 tunt.
295 599 502 664 Construxisse
517 610 616 662 autem
629 599 754 680 majores
768 609 883 660 nostros
896 599 960 658 hoec
974 597 1037 658 sora
1046 596 1200 674 judicialia
1217 607 1298 676 puto,

122 742 130 749 .
162 773 167 780 .
197 713 259 754 non
272 703 307 754 ut
319 694 403 754 robis
417 714 436 754 a
448 693 615 754 domesticis
628 693 715 752 rebus
729 691 787 753 huc
801 692 971 756 convocatis
984 689 1144 752 meledicta
1156 691 1233 750 inter
1245 709 1299 750 nos

198 786 279 846 dictu
292 787 404 846 nefaria
414 788 590 866 jaceremus,
610 783 663 845 sed
676 793 803 844 atreum
822 801 1026 862 coarguamus,
1042 781 1148 860 siquis
1161 782 1237 840 forte
1255 782 1299 840 in·

194 877 302 956 juniam
314 879 415 938 fecerit
436 875 614 958 reipublicoess
646 877 723 936 Haec
736 895 804 935 cum
825 876 913 936 sciret
930 875 1086 934 AEschines
1106 893 1191 954 taque
1211 883 1300 954 atque

197 990 265 1050 ego,
278 979 440 1032 scommata
456 981 555 1031 tamen
569 967 682 1030 effutire
696 968 799 1032 maluit
818 987 908 1048 quam
922 985 1071 1028 accusare„

241 1065 290 1122 38.
312 1064 509 1124 Veruntamen
522 1083 558 1122 ne
571 1061 629 1122 hac
649 1062 768 1140 quidem
780 1061 811 1120 in
825 1081 855 1122 re
869 1079 986 1140 aequum
1007 1069 1053 1120 est
1068 1068 1103 1118 ut
1120 1057 1180 1130 ille,
1201 1057 1299 1117 minus

199 1175 279 1234 quem
292 1158 399 1230 attulit,
412 1157 534 1220 auferet.
569 1155 590 1216 J
592 1173 637 1226 am
651 1155 750 1233 itaque
764 1173 810 1216 mc
823 1153 861 1214 ad
875 1153 940 1216 hoec
953 1152 1112 1224 conferam,
1127 1150 1152 1210 si
1165 1149 1222 1210 hoc
1234 1159 1300 1230 tan-

200 1259 263 1310 tum
277 1251 315 1310 eb
333 1267 370 1310 eo
381 1249 553 1328 quasivero.
591 1249 694 1310 Utrum
708 1256 738 1308 te
754 1247 831 1327 quis,
850 1245 1003 1320 AEschine‚
1019 1241 1185 1325 reipublicae
1206 1243 1302 1302 inimi·

197 1361 269 1410 cum
292 1361 330 1402 au
344 1359 441 1402 meum
455 1359 522 1404 esse
535 1340 636 1406 dicet?
659 1341 762 1402 Meum
777 1339 896 1400 scilicet.
932 1339 1035 1417 ltaque
1054 1335 1105 1396 ubi
1124 1336 1177 1398 tibi
1190 1334 1304 1398 licebat

200 1434 307 1493 horum
321 1425 412 1495 causa
427 1455 531 1515 poenas
546 1453 623 1495 ame
636 1434 750 1513 legibus
763 1442 911 1512 expetere,
925 1430 1035 1511 siquid
1054 1429 1132 1492 male
1149 1429 1299 1504 fecissem,

201 1527 369 1606 neglexisti,
388 1528 419 1588 in
433 1527 594 1593 rationibus
610 1525 779 1596 referendis,
799 1525 831 1584 in
852 1523 1089 1606 accusationibus
1111 1521 1249 1603 publicia-
1270 1522 1300 1582 in

202 1619 265 1682 aliis
277 1619 418 1699 judiciis:
439 1621 491 1680 uhi
513 1639 582 1682 vero
600 1638 657 1697 ego
678 1619 764 1678 rebus
787 1619 923 1678 omnihus
943 1617 1058 1696 integer
1080 1634 1155 1686 snm,
1176 1614 1303 1694 legibus,

201 1720 344 1791 tempore,
357 1711 415 1782 diei
425 1711 655 1791 praescriptione,
669 1709 768 1770 multis
779 1709 898 1791 judiciis
909 1709 955 1772 his
967 1709 1003 1768 de
1013 1710 1100 1770 rebus
1110 1718 1198 1768 antea
1206 1707 1304 1783 factis,

202 1822 238 1862 eo
266 1805 391 1882 denique
411 1804 491 1882 quod
513 1803 621 1864 nullius
645 1822 773 1880 unquam
793 1803 823 1862 in
850 1822 901 1864 ros
922 1801 1036 1882 peccati
1055 1801 1205 1862 convictus
1227 1819 1304 1870 sum,

202 1915 328 1976 cumque
349 1897 387 1959 ad
409 1894 555 1958 civitatem
574 1913 612 1954 ex
633 1893 668 1954 iis
692 1915 758 1974 quae
776 1895 891 1975 publice
915 1900 999 1974 gesta
1019 1903 1090 1954 sunt
1110 1893 1177 1974 plus
1203 1892 1302 1952 miuus

200 1990 303 2068 glorian
316 1992 418 2054 redeat
431 2011 549 2054 necesse
560 1999 615 2063 est,
628 1990 677 2052 hic
691 2003 724 2050 tu
737 1990 892 2052 obstitisti?
913 1991 1000 2064 Vide,
1014 2010 1053 2050 ne
1065 1990 1170 2050 horum
1181 1989 1304 2067 quidem

201 2079 336 2146 inimicus
360 2085 411 2157 sis,
434 2104 502 2144 cam
516 2103 613 2144 meum
629 2101 694 2144 esse
712 2095 743 2144 te
755 2085 861 2163 fingas.

232 2177 294 2238 -39,
315 2175 476 2256 Postquam
495 2176 583 2256 igitur
602 2175 740 2254 religiosa
758 2197 793 2236 ac
803 2178 885 2257 justa
906 2177 1058 2238 sententiaa
1079 2175 1209 2236 ferendae
1230 2174 1305 2236 ratio

202 2268 336 2336 omnibus
350 2280 511 2333 monstrata
524 2279 579 2343 est,
594 2278 709 2348 oportet
722 2289 779 2342 me,
792 2280 827 2328 ut
837 2267 960 2344 videtur,
974 2269 1044 2330 licet
1056 2277 1161 2345 natura
1183 2268 1304 2340 minime

201 2363 388 2436 maledicum,
402 2374 519 2444 propter
534 2381 571 2424 ea
584 2381 649 2441 quae
663 2362 711 2422 hic
722 2361 828 2422 effutiit
843 2361 984 2434 convicia,
999 2381 1052 2442 pro
1065 2362 1164 2422 multis
1178 2372 1209 2422 et
1223 2361 1306 2424 falsis

204 2458 359 2516 criminibus
377 2478 473 2537 pauca
490 2457 614 2516 maxime
629 2458 795 2518 necessaria
808 2458 844 2516 de
858 2457 921 2536 ipso
941 2456 1049 2528 dicere,
1062 2468 1093 2518 et
1105 2457 1192 2520 simul
1206 2467 1306 2533 osteu-

205 2547 286 2621 dere,
311 2549 376 2628 quis
401 2550 451 2609 ille
477 2560 508 2608 et
535 2570 553 2608 a
576 2550 682 2627 quibus
697 2559 778 2608 ortus
803 2559 863 2608 tam
879 2548 917 2608 sit
938 2549 977 2608 ad
998 2548 1121 2608 alterum
1142 2549 1306 2610 maledictis

204 2637 425 2718 provocandum
444 2649 475 2700 et
497 2640 535 2699 ad
556 2641 645 2699 verba
658 2641 794 2716 quoedam
813 2639 989 2719 exagitanda
1005 2651 1135 2720 paratus,
1153 2661 1222 2701 oum
1243 2643 1305 2722 ipse

206 2751 242 2791 ea
259 2731 375 2790 locutus
400 2732 447 2804 sit,
468 2751 536 2818 quae
561 2732 627 2809 quis
649 2741 695 2790 est
713 2731 802 2791 homo
822 2732 911 2811 paulo
932 2731 1090 2793 modestior
1109 2735 1159 2811 qui
1176 2735 1304 2815 proferre

206 2843 265 2882 non
283 2821 486 2884 vereaturi-.
526 2823 558 2881 Si
572 2823 649 2882 enim
664 2823 775 2883 AEacus
790 2835 842 2884 aut
863 2821 1104 2884 Rhadamanthus
1129 2837 1181 2886 aut
1202 2827 1305 2889 Minos

206 2927 287 2976 esset
305 2917 331 2976 is
352 2917 402 2996 qui
420 2928 550 2989 accusat,
564 2936 623 2975 non
642 2917 754 2990 blatern
775 2917 880 2990 inanis,
897 2915 1002 2980 tabula
1022 2917 1154 2992 detritus,
1172 2920 1305 2999 perditus

206 3001 311 3082 scriba,
326 3027 385 3068 uon
400 3019 578 3068 tamencum
592 3009 895 3082 arbitrortaliafuisse
910 3009 1057 3069 dicturum
1069 3021 1242 3094 nequetam
1251 3016 1304 3073 im-

206 3103 435 3182 portuna'verba
453 3101 691 3180 conquisitum,
712 3109 851 3178 tanquam
864 3100 894 3160 in
907 3101 1053 3180 tragoedia
1063 3103 1266 3164 clamitantem
1287 3125 1304 3166 o

204 3203 381 3260 terralet
402 3194 462 3252 sol
484 3201 524 3252 et
542 3191 673 3252 uirtus
697 3201 727 3252 et
741 3193 855 3264 similia,
871 3203 901 3253 et
918 3210 1017 3253 rursus
1031 3193 1255 3275 intelligentiam
1276 3210 1305 3258 et

208 3287 370 3346 doctrinam
385 3285 578 3356 invocantem,
602 3304 679 3362 qua
700 3285 866 3344 honesta
893 3287 939 3345 ab
963 3283 1200 3347 inhonestis
1223 3287 1304 3349 dis-

207 3367 449 3438 cernuntur:
471 3375 590 3435 audistis
605 3377 682 3436 enim
702 3397 770 3436 cum
783 3376 847 3438 hoec
861 3375 981 3454 diceret,
996 3377 1115 3439 scilicet.
1156 3379 1221 3440 Trhi
1235 3399 1303 3442 rem

208 3467 338 3541 auttuis‚
352 3465 572 3547 sterquilinium,
588 3480 679 3546 ecqua
703 3462 818 3528 virtutis
839 3469 1032 3529 communitas
1053 3459 1121 3530 esst
1142 3491 1236 3551 ecqua
1257 3493 1304 3533 re-

208 3583 272 3622 rum
294 3561 481 3621 honestarum
504 3570 557 3619 aut
579 3557 798 3621 inhonestarum
825 3559 1017 3641 dijudicatio?
1037 3563 1116 3623 unde
1140 3577 1229 3626 nacto
1250 3571 1306 3626 au't

208 3649 325 3736 quinam
337 3653 509 3734 dignitatem
523 3671 586 3712 eam
599 3650 731 3733 adepto?
751 3653 811 3714 Ubi
831 3653 882 3714 tibi
896 3653 1060 3715 doctrinam
1075 3675 1305 3719 commemorare

208 3749 252 3809 ias
266 3757 319 3821 est,
334 3764 421 3826 quam
436 3745 487 3828 qui
503 3761 568 3806 vere
582 3746 733 3806 consecuti
753 3741 822 3806 sunt
843 3765 928 3805 nemo
950 3755 1048 3808 tamen
1068 3765 1167 3809 eorum
1187 3761 1232 3811 est
1255 3754 1306 3832 qui

208 3841 266 3902 tale
280 3842 433 3920 quicquam
452 3839 490 3898 de
509 3859 540 3898 se
563 3839 774 3918 praedicaverit,
788 3840 841 3901 sed
855 3839 902 3900 vel
922 3839 978 3899 alio
991 3841 1023 3901 id
1042 3843 1217 3921 praedicante
1238 3866 1306 3906 eru-

207 3935 360 3994 besceret:
381 3932 400 3992 ii
423 3950 492 3993 vero
511 3931 560 4010 qui
582 3950 618 3990 es
639 3940 740 3990 carent
763 3931 838 3992 sicut
851 3941 967 4011 tu‚prae
982 3943 1099 4013 stupore
1119 3945 1217 3996 tamen
1238 3939 1305 3998 cor·

210 4025 256 4086 dis
269 4017 421 4110 haberese
438 4024 587 4095 simulant,
602 4023 633 4084 id
646 4023 765 4086 tandem
782 4035 1009 4105 consequuntur,
1022 4036 1056 4085 ut
1070 4028 1219 4090 auditores
1233 4051 1306 4091 ene-

210 4128 279 4180 cent
291 4118 420 4198 quidem,
434 4119 504 4178 dum
521 4119 586 4178 haec
604 4117 749 4192 effutiunt,
763 4119 850 4179 talem
870 4128 967 4180 autem
980 4118 1018 4180 de
1033 4139 1064 4180 se
1076 4120 1238 4202 opinionem
1253 4145 1307 4184 rre-

211 4227 357 4294 quaquam
372 4210 497 4288 pariant.
524 4262 528 4284 ,
1291 4217 1294 4222 “

251 4307 302 4364 40.
324 4301 385 4363 Sed
398 4319 466 4362 cum
475 4303 545 4362 mihi
553 4323 612 4364 ‘non
627 4303 703 4364 desit
710 4306 793 4384 *quod
808 4305 887 4365 dete
901 4325 937 4366 ac
952 4306 989 4368 de
1003 4306 1060 4367 tuis
1076 4305 1230 4369 dicendum
1255 4310 1307 4383 sit,

212 4397 291 4459 unde
303 4395 486 4478 potissimum
501 4395 612 4455 initium
625 4397 742 4459 dicendi
754 4391 858 4459 iaciant
874 4398 967 4458 deest.
1009 4399 1113 4461 Utrum
1125 4403 1162 4461 ab
1176 4421 1211 4462 eo
1221 4402 1306 4479 quod
