2912 4946
247 533 554 634 insultaturum
576 543 810 615 ouurtours
832 553 1057 636 Auvnusus
1072 536 1282 632 redonum
1308 576 1310 585 ·

295 674 298 682 ·
504 645 1013 728 ιιιιιιιεοιιιιιιιοιιιο.

247 833 399 880 Ασουιιτιιι
417 831 477 878 nolo
498 830 665 878 administrate
681 829 760 876 tutele
777 829 900 890 Aphobus,
916 830 1104 890 inquisitionem
1125 845 1140 876 a
1156 829 1313 880 Demosthene

215 905 466 972 imitatuturum.
474 905 547 976 'qoem
557 908 629 957 sciret
640 922 684 954 non
696 903 864 972 deditum'iri·f
885 907 945 956 Nam
954 903 1207 978 Demosthooeaqnod
1218 905 1316 964 dioerdtj

215 1005 261 1037 uon
272 996 374 1044 terrum,
387 987 428 1034 sed
441 985 540 1034 liberum
553 999 605 1032 osse
618 984 723 1044 Mitysm,
738 1001 753 1032 a
763 991 829 1050 putre
844 985 956 1032 morituro
968 986 1204 1039 manumittimus
1217 1001 1261 1035 nou
1273 987 1315 1032 de·

177 1063 187 1070 ”
216 1066 295 1118 dabat.
328 1064 365 1110 Ad
382 1064 406 1110 id
424 1065 567 1122 probandum
580 1077 631 1108 cum
643 1061 689 1107 ulia
700 1060 817 1116 attulerat,
832 1061 960 1107 tumetium
974 1061 1085 1125 Stephani
1097 1062 1264 1117 testimonium,
1275 1063 1314 1124 qui
1335 1121 1337 1126 Ι

214 1141 275 1203 opud
285 1139 379 1200 iudices
391 1139 533 1194 affirmasset,
541 1153 617 1184 coram
627 1136 721 1184 arbitris
731 1140 861 1184 contessum
871 1153 923 1210 esse
932 1137 1055 1198 Aphobom
1064 1139 1095 1184 de
1106 1139 1188 1199 Mityn
1200 1139 1313 1188 libertate.

180 1263 184 1272 f
215 1219 343 1264 Damnatus
362 1223 438 1264 entem
457 1217 515 1262 male
530 1225 603 1275 gestas
620 1215 698 1260 tutelae
710 1213 824 1281 Aplrobos
841 1213 894 1260 fulsi
912 1214 1039 1284 testimonii
1053 1211 1195 1276 Stephanum
1208 1225 1314 1264 accusat:

214 1309 282 1355 qnam
294 1277 465 1340 Demosthenes
482 1293 638 1340 hao'orationo
649 1291 762 1350 dedidit,
773 1301 851 1348 veroin
869 1289 958 1337 diuisae
979 1292 1145 1348 testimonium,
1161 1297 1231 1353 atque
1245 1294 1315 1340 etiam

215 1369 323 1424 excudit,
335 1371 435 1431 aptato
451 1371 476 1416 id
488 1367 646 1419 cantuarium
659 1367 718 1424 nihil
732 1368 847 1424 nocuisse,
866 1368 906 1414 ssd
916 1381 977 1422 ¹eum
989 1375 1085 1430 propter
1102 1369 1161 1416 alios
1180 1377 1253 1418 testei
1264 1366 1335 1426 essq'

213 1449 355 1500 damnatum,
366 1456 445 1512 oontro
459 1461 517 1510 quos
530 1459 582 1496 oum
595 1435 678 1496 nuileio
690 1443 803 1496 actionem
815 1444 950 1500 instituerit,
962 1445 1020 1492 satis
1031 1459 1144 1515 appsrere
1157 1453 1245 1494 sontem
1262 1462 1314 1520 esus

181 1534 187 1543 ¹
215 1523 347 1589 Antistium.

623 1761 626 1768 .
648 1761 650 1766 .

412 2061 415 2066 ,
495 1969 1032 2116 uumrisuuuu'rs

571 2172 938 2298 *ruuruonmu
989 2226 1005 2304 ·,
1065 2225 1078 2244 ²

309 2435 330 2486 '.
407 2409 565 2486 -FALSI
588 2419 883 2488 TESTIMONH
907 2419 1105 2488 ORATIO.

193 2625 195 2628 .
258 2579 284 2637 l.
307 2577 384 2636 Nrsr
401 2579 481 2658 prius
502 2579 644 2648 adversus
668 2577 827 2658 Aphobum
843 2577 999 2654 injudicio
1013 2567 1244 2648 contendissem,
1263 2578 1315 2638 Ju-

214 2667 306 2742 dices,
316 2671 465 2750 multoque
477 2672 588 2749 majora
601 2680 632 2730 et
641 2670 794 2731 callidiora
808 2671 870 2749 ejus
883 2668 1037 2729 mendacia
1045 2669 1134 2729 facile
1147 2689 1165 2728 a
1179 2689 1227 2728 me
1240 2669 1316 2730 reiu-

213 2769 275 2822 tata
297 2780 361 2822 esse
380 2762 615 2842 scirem-propter
635 2763 806 2844 injuriarum
822 2753 1072 2842 derepicoitatem,
1085 2762 1207 2822 mirifice
1220 2761 1316 2842 'perti-

213 2874 385 2925 mescerem
394 2857 523 2916 utetiam
534 2875 614 2915 nunc
624 2856 779 2918 ostendere
792 2875 923 2935 possem,
939 2855 1046 2934 quibus
1061 2854 1225 2914 rationibus
1235 2855 1317 2916 vobis

213 2948 343 3026 undique
356 2948 456 3008 fucum
470 2950 600 3008 tacturus
614 2959 709 3011 esset:
729 2970 822 3021 nunc,
832 2949 888 3008 diis
901 2951 977 3010 bene
992 2950 1176 3026 juvantibus,
1191 2951 1217 3010 si
1231 2951 1319 3011 modo

213 3040 306 3118 eequis
320 3050 351 3099 et
361 3042 497 3120 benignis
512 3041 615 3102 animis
630 3061 683 3102 nos
697 3041 858 3113 audieritis,
871 3043 901 3100 in
914 3063 967 3122 spe
983 3042 1095 3122 optima
1108 3061 1174 3102 som
1190 3064 1243 3104 vos
1259 3064 1317 3102 non

213 3132 308 3190 minus
332 3153 421 3211 quam
444 3134 555 3212 priores
578 3134 700 3195 Judices
714 3133 797 3195 istius
817 3134 1030 3213 impudentiam
1049 3155 1117 3194 csse
1135 3136 1318 3214 cognituros.

60 3222 63 3230 ’
132 3297 134 3306 Ι
214 3222 289 3290 Quoe
303 3226 327 3284 si
341 3219 419 3304 quid'-
426 3216 603 3305 eloquentiae
626 3238 677 3286 aut
695 3225 865 3286 calliditatis
881 3227 1076 3306 postularent,
1090 3228 1230 3306 equidem
1248 3230 1318 3288 sub·

213 3314 393 3376 dubitassem
407 3315 613 3391 adolescentie
627 3337 701 3378 mem
715 3318 950 3380 consideratione
960 3318 1136 3379 deterritus:
1158 3340 1239 3382 nunc
1250 3322 1318 3382 sirn-

213 3405 327 3484 pliciter
348 3406 483 3468 docenda
508 3421 538 3468 et
559 3410 817 3470 commemoranda
837 3423 907 3471 sunt
925 3412 1010 3472 istius
1031 3413 1060 3470 in
1085 3433 1141 3472 nos
1163 3415 1321 3476 commissa

214 3497 354 3557 facinora.
380 3499 494 3567 Quibus
509 3502 650 3579 expositis
671 3504 755 3563 vobis
774 3502 909 3565 omnibus
929 3505 1116 3596 perspicuum
1130 3507 1193 3566 fore
1208 3509 1320 3588 opinor,

118 3627 128 3645 ,
213 3599 279 3650 uter
300 3602 433 3652 nostrum
457 3594 495 3652 sit
517 3595 679 3673 improbus
722 3597 865 3674 Equidem
884 3617 944 3657 non
963 3598 1077 3676 ignoro,
1091 3619 1159 3660 eum
1173 3603 1320 3662 actionem

160 3733 162 3744 .
213 3683 312 3744 hano
305 3685 476 3757 instituisse,
489 3705 549 3746 non
564 3688 644 3766 quod
658 3709 689 3746 se
702 3690 1065 3768 probaturumconfideret
1078 3695 1116 3752 ab
1126 3693 1187 3752 ullo
1196 3715 1229 3754 se
1243 3695 1320 3755 falso

213 3797 278 3838 esse
292 3779 458 3839 testimonio
470 3779 584 3852 lesum,
600 3782 652 3840 sed
667 3784 735 3860 quia
750 3792 835 3860 putat
852 3803 883 3842 se
903 3786 940 3843 ob
952 3785 1071 3845 mulctae
1085 3787 1320 3894 magnitudinem

213 3889 273 3948 qua
291 3870 447 3930 dainootus
465 3883 521 3943 est,
536 3883 566 3934 et
584 3874 651 3933 mihi
664 3876 859 3956 conflaturum
874 3871 1024 3949 invidiam,
1041 3889 1072 3938 et
1085 3879 1216 3960 sibiipsi
1230 3883 1319 3942 mise-

133 3995 135 4002 ν
213 3961 385 4023 ricordram
377 3974 608 4042 impetraturum
623 3977 834 4048 proptereaque
845 3979 940 4028 actem
949 3989 1068 4030 causam
1078 3993 1160 4034 nunc
1168 3975 1322 4046 desendet

213 4053 393 4132 dequatunc
402 4055 474 4114 nihil
484 4077 562 4136 aequr
554 4058 782 4138 dicerepotm
802 4061 866 4140 Ego
875 4082 953 4132 vero,
962 4063 1322 4144 Jndrces,s1qu1oemrem

208 4141 371 4224 judicatam
386 4149 423 4206 ab
434 4167 470 4206 eo
483 4149 644 4227 exegissem
660 4161 712 4214 aut
725 4152 822 4212 nullas
836 4173 937 4232 aequas
958 4156 1144 4217 conditiones
1164 4159 1323 4220 admittere

213 4239 382 4311 voluissem,
401 4258 439 4298 ne
459 4240 501 4300 sic
515 4243 634 4320 quidem
647 4245 849 4324 deliquissem,
874 4258 907 4306 ut
929 4249 978 4326 qui
999 4265 1034 4308 ea
1047 4250 1228 4329 postularem
1252 4275 1321 4332 quse

213 4329 317 4388 vestris
330 4329 482 4390 sententiis
504 4331 625 4394 decreta
648 4348 759 4416 essent,
781 4339 833 4398 sed
858 4340 916 4400 dici
938 4349 1035 4401 minen
1055 4343 1214 4422 potuisset,
1229 4345 1323 4406 istum

4 4391 5 4416 l

4 4417 6 4462 l
72 4469 74 4477 ,
214 4421 361 4482 hominem
376 4433 536 4536 cognatum
551 4426 737 4492 inhumanius
751 4441 782 4492 et
796 4433 929 4494 acerbius
945 4435 1069 4496 fortunis
1084 4457 1150 4499 esse
1164 4459 1324 4500 eversum:

4 4465 8 4588 l
