2932 4952
380 309 387 323 “
427 289 597 364 column
619 259 965 352 aursnocnlrnmr
1025 325 1027 331 -
1184 284 1302 347 sors*

95 479 99 484 -
144 443 236 516 pnim,
248 464 280 504 se
297 445 585 524 prorsus-despectis,
600 445 640 520 ad
654 444 943 522 Ce'rsobleptem-vos
959 438 1119 500 inclinare.-
1141 439 1201 507 Qui
1223 441 1251 498 s'r

135 538 182 602 ‚ob
194 555 260 594 eam
269 537 435 616 opinionem
446 559 463 596 a
475 537 728 617 Cersoblepteper
739 537 924 595 occasionem
937 534 1064 611 aliquam
1074 530 1251 612 oppugnati,

143 628 242 704 regnis
254 629 409 696 cesserint,
424 649 526 688 rursus
541 649 575 687 ex
587 649 624 690 ea
636 649 666 688 re
680 628 752 706 quid
766 623 895 694 futurum
910 627 957 695 sit,
971 626 1076 684 videte.

183 723 236 779 28.
260 720 348 798 Agite
359 741 437 791 vero,
454 741 506 800 per
520 721 590 780 deos
604 720 791 790 inmortales,
806 720 831 778 si
843 725 896 778 vus
909 717 1120 804 :Cersobleptes
1130 717 1249 790 luserit,
1297 776 1300 781 ,
1319 763 1324 771 ,

142 813 216 872 *id
225 813 315 890 quod,
329 813 353 873 si
370 814 495 892 sperarit
505 813 660 887 duntaxat,
674 813 822 872 facturum
838 812 951 889 potiusp
961 829 1063 888 quam,·
1072 809 1100 866 si
1111 809 1252 887 potuerit,

144 924 218 975 esse,
227 905 415 988 omissurum,
427 915 474 964 est
487 905 715 990 probabilius-,
735 925 796 963 uon
809 905 847 962 ad
862 903 931 966 illos
946 902 1063 971 ibimus,
1077 901 1250 978 illorumque

144 997 252 1074 opibus
265 994 358 1075 hujus
367 997 528 1074 potentiam
541 997 711 1055 conabimur
724 993 893 1054 infirmaret
914 992 962 1053 Ad
981 1013 1047 1071 quae
1067 993 1091 1052 si
1100 991 1187 1052 ¹nobis
1196 993 1252 1080 ¹illi

145 1089 190 1148 sie
207 1089 493 1170 responderintnns,
503 1088 709 1160 Athenienses,
726 1087 811 1164 nobis
826 1086 939 1148 affectis
957 1085 1069 1163 injuria.
1084 1104 1251 1162 opemnou

145 1181 237 1240 modo
249 1201 308 1242 uon
320 1181 442 1253 tulistis,
454 1181 548 1242 sedin
562 1191 672 1240 metum
688 1179 787 1249 etiarn,
801 1181 825 1238 si
835 1199 892 1239 nos
903 1179 1138 1246 defenderemus,
1149 1178 1252 1254 ingen-

144 1284 208 1332 tem
222 1273 398 1353 conjecistis,
414 1273 534 1334 decreto
543 1274 632 1344 sacto,
644 1273 695 1350 qui
704 1272 785 1330 illum
800 1281 831 1330 et
843 1272 946 1330 vestris
960 1283 990 1329 et
1004 1263 1111 1330 nostris
1121 1261 1269 1328 utilitati?
1301 1319 1303 1324 .

143 1366 203 1424 bus
213 1364 413 1428 adversantem
420 1365 591 1435 occidisset,
605 1385 671 1424 eum
682 1363 889 1441 comprehendi
902 1363 1001 1424 licere.
1024 1363 1189 1441 Nonigitur
1200 1383 1251 1421 vos
1299 1399 1303 1424 2

145 1457 378 1518 decetauxilium
388 1477 406 1516 a
415 1458 618 1537 nohispctere,
624 1457 662 1516 ad
670 1477 705 1516 ea
714 1458 743 1514 in
751 1457 897 1534 integrum
907 1455 1099 1525 restituenda,
1110 1468 1212 1534 quoeet
1221 1456 1252 1514 in

140 1559 306 1610 ‘vosetnos
318 1550 394 1612 male
408 1551 594 1610 consulentes
605 1551 757 1608 amisistis.
777 1550 853 1608 Haec
870 1549 989 1627 inquam
1004 1550 1027 1608 si
1042 1551 1254 1627 responderint,
1268 1579 1272 1583 ·

148 1661 255 1722 quaeso
268 1663 330 1714 vos,
347 1662 387 1701 an
406 1662 465 1702 non
479 1640 580 1708 eoruin
601 1643 712 1720 aequior
732 1643 829 1702 futura
850 1652 896 1700 cst
909 1661 997 1720 quam
1019 1653 1120 1700 nostra
1138 1642 1253 1701 oratio?

150 1736 219 1814 Ego
234 1735 483 1814 quidemopinor.
508 1737 589 1802 Quin
605 1735 676 1795 illud
692 1737 780 1794 etiam
794 1735 852 1794 diei
867 1755 924 1793 non
946 1737 1063 1814 poterit,
1075 1756 1134 1794 vos·
1147 1737 1252 1815 proba·
1298 1783 1302 1792 .
1367 1747 1369 1754 “

147 1829 247 1890 biliter
261 1829 473 1900 circumventos
494 1839 567 1900 esse,
583 1839 613 1888 et
627 1829 778 1907 deceptos.
813 1827 892 1886 Nam
907 1829 931 1886 si
944 1827 1016 1885 nibil
1029 1827 1111 1886 aliud
1124 1829 1253 1906 cogitare,
1300 1863 1301 1868 κ

146 1921 289 2000 possetis,
300 1941 355 1980 nee
368 1921 425 1998 ipsi
439 1921 595 1998 prudentia
608 1921 746 1992 valeretis
754 1920 790 1980 ad
803 1920 969 1994 hujusmodi
980 1939 1026 1978 res
1038 1921 1253 2000 intelligendas,
1327 1967 1335 1980 .

149 2013 322 2091 exemplum
337 2013 547 2092 Olynthiorum
563 2013 668 2074 ,videre
688 2012 830 2091 licuisset,
849 2012 898 2090 qui
912 2013 1016 2090 quibus
1031 2014 1145 2090 accepti
1160 2015 1253 2073 modis

150 2127 172 2168 a
185 2105 333 2185 Philippo,
349 2125 437 2184 quam
455 2106 498 2164 illi
506 2107 634 2184 gratiam
649 2105 819 2165 retulerunt.
843 2105 871 2165 ls
886 2105 1047 2164 Potidaearn
1062 2106 1104 2164 eis
1118 2097 1177 2164 noh
1191 2117 1252 2164 tum
1298 2164 1302 2170 ,

115 2246 118 2250 .
149 2197 290 2270 restituit,
300 2216 367 2256 oum
383 2199 458 2257 tueri
466 2197 575 2257 diutius
590 2218 649 2256 non
663 2208 776 2276 posset,
787 2196 1035 2275 quemadmodum
1048 2199 1131 2257 vobis
1146 2201 1254 2258 Cerso-
1298 2248 1310 2278 „

149 2290 269 2366 bleptes
290 2288 525 2349 Chersonesum:
547 2291 603 2349 sed
616 2291 725 2348 bellum
739 2291 887 2349 vobiscum
902 2307 1017 2367 gerens
1035 2291 1148 2368 magnis
1174 2312 1254 2350 surn-

149 2383 253 2460 ptibns
264 2381 365 2454 sactis,
375 2382 403 2441 vi
417 2393 624 2461 expugnatam,
639 2383 795 2462 curn-ipse,
810 2383 837 2442 si
851 2383 950 2452 vellet,
961 2384 1088 2458 ,retinere
1099 2387 1254 2462 potuisset,
1288 2433 1289 2438 1

151 2473 287 2546 tradidit,
296 2493 333 2533 ac-
342 2493 379 2533 ne
388 2485 512 2536 conatus
522 2476 639 2554 quidem
650 2487 696 2536 est
706 2476 803 2536 facere
813 2475 967 2554 quicquain
978 2475 1067 2535 aliud.
1090 2479 1137 2536 Illi
1146 2475 1255 2550 tamen,

152 2566 256 2652 quoad
269 2585 336 2626 eum
347 2577 461 2626 tantum
475 2587 540 2626 esse
556 2567 705 2639 videbant,
719 2580 752 2627 ut
769 2568 965 2646 magnitudini
974 2567 1043 2646 ejus
1062 2569 1141 2628 fides
1157 2573 1256 2630 haberi

151 2663 268 2743 posset,
284 2669 314 2718 et
335 2659 408 2718 socii
425 2659 488 2738 ejus
509 2669 602 2732 erant,
619 2669 649 2734 et
662 2671 778 2739 propter
795 2681 862 2719 eum
881 2680 935 2730 nos
957 2665 1182 2744 oppugnabant:
1204 2665 1256 2732 sed
1339 2677 1343 2682 “

152 2747 225 2812 cum
247 2750 366 2812 videant
384 2771 452 2812 eum
471 2752 657 2822 increvisse,
673 2764 706 2812 ut
724 2752 786 2830 ejus
806 2751 940 2831 potentia
960 2751 1014 2810 sibi
1029 2755 1187 2813 metuenda
1195 2755 1254 2825 sit,
1299 2817 1301 2824 ,

152 2857 271 2916 tantum
282 2847 390 2906 absunt
403 2863 422 2903 a
435 2845 633 2916 decernendo,
650 2846 674 2904 si
689 2846 754 2932 quis
769 2866 870 2904 eorum
889 2845 1027 2923 aliquem,
1042 2865 1093 2922 per
1108 2867 1181 2923 quos
1192 2849 1255 2925 ejus

153 2937 309 3018 imperium
321 2945 441 3004 auctum
453 2947 483 2996 et
495 2938 640 2998 firmatum
651 2949 707 3008 est,
718 2938 866 3008 occiderit,
876 2958 948 3010 ¹eum
963 2957 979 2996 e
990 2939 1133 2996 sociorum
1148 2939 1256 3000 ditione

154 3031 266 3093 abduci
276 3030 373 3102 licere,
383 3039 416 3093 ut
424 3040 562 3100 nostram,
575 3049 648 3108 quos
656 3031 825 3109 sciuntprae
833 3031 967 3090 omnibus
979 3024 1052 3099 aliis,
1068 3051 1133 3090 oum
1148 3033 1257 3092 amieos

154 3126 235 3205 ejus,
248 3133 309 3188 tum
323 3121 417 3200 ipsum
429 3121 606 3201 Philippum,
622 3143 736 3182 summa
755 3143 821 3180 cum
838 3123 987 3200 voluptate
1004 3121 1163 3193 occisuros,
1185 3125 1256 3184 ami.
1323 3182 1327 3189 ,

151 3217 257 3277 citiam
267 3213 475 3292 expetiverint:
498 3213 669 3274 societatem
686 3215 756 3274 item
771 3225 911 3285 nostram,
927 3210 1079 3300 urserunt,
1094 3216 1255 3293 expetituri.

155 3308 249 3378 Quod
268 3307 297 3381 ,si
318 3305 453 3384 Olynthii
471 3306 570 3366 futura
592 3307 758 3384 prospicere
782 3317 899 3378 norunt,
913 3326 978 3378 uos,
992 3306 1043 3384 qui
1061 3306 1262 3376 Athenienses
1301 3371 1302 3378 ,

155 3401 246 3472 estis,
257 3418 317 3458 non
330 3397 554 3460 idemlacietisi
575 3400 623 3456 An
643 3419 703 3458 nou
723 3399 919 3476 turpissimum
934 3399 1031 3468 fuerit,
1046 3420 1108 3472 vos,
1123 3403 1173 3479 qui
1187 3423 1271 3461 con·¹
1299 3453 1303 3458 .
1340 3417 1344 3423 ’

128 3527 137 3536 -
155 3493 223 3554 εἰΙίἵ
239 3489 375 3570 capiendi
389 3490 427 3556 de
448 3491 689 3574 rebusgerendis
706 3491 827 3551 scientia
844 3504 984 3570 proestare
1005 3493 1173 3574 videamini,
1190 3496 1259 3576 quid
1303 3559 1305 3562 ,

154 3575 298 3664 expediat
311 3583 406 3641 minus
418 3582 578 3660 prudenter
591 3603 680 3660 quam
696 3582 852 3662 Olynthios
868 3583 1129 3658 animadvertisset

200 3680 252 3736 29.
270 3674 368 3734 Audio
377 3693 463 3752 porro
472 3675 560 3734 istum
571 3675 648 3734 idern
659 3675 815 3734 allaturum
826 3696 902 3746 esse,
914 3677 994 3754 quod
1004 3679 1041 3736 ab
1052 3679 1260 3742 Aristomache

156 3767 321 3846 semelpro
345 3767 611 3826 concionedictum
629 3779 854 3846 est,·nunquam
878 3769 1109 3848 Cersobleptem,
1133 3772 1260 3835 Cherso-

155 3879 235 3920 neso
249 3859 333 3939 vobis
347 3857 507 3939 eripiendo,
521 3870 633 3933 vestras
647 3859 810 3922 iuimicitias
831 3873 1053 3940 suscepturum:
1075 3866 1219 3926 necenim
1237 3869 1262 3928 si

155 3952 275 4033 ceperit
294 3961 383 4028 atque
399 3951 540 4024 obtineat,
559 3952 601 4011 illi
617 3953 876 4024 commodatumm.
899 3955 991 4032 Cujus
1006 3966 1128 4031 pacatis,
1143 3959 1262 4040 ¹¹reditus
1314 3951 1316 3956 ⁵
1363 4022 1367 4030 ,

154 4061 191 4109 et
211 4045 365 4124 vectigalia
386 4045 506 4122 triginta
530 4045 640 4106 talenta
663 4064 721 4116 non
747 4047 908 4108 excedant:
930 4047 975 4128 sin
999 4046 1077 4108 bello
1101 4049 1262 4123 infestetur,
1305 4113 1306 4120 ,

53 4167 58 4172 ·
152 4130 448 4204 nullusomninossit
461 4138 583 4198 fructus.
619 4137 717 4208 Quum
736 4157 772 4196 ex
794 4138 939 4216 emporiis,
959 4160 1025 4218 quae
1043 4142 1113 4199 belli
1133 4153 1263 4223 tempore

148 4229 378 4312 clauderentur,
388 4229 714 4307 pmpliusducerrtorum
723 4229 866 4291 talentum
875 4231 984 4293 reditus
993 4234 1263 4313 percipiundum:

147 4313 185 4389 'si
207 4321 292 4404 parvi
311 4322 409 4386 lucelli
429 4317 481 4400 spo
498 4321 652 4396 adductus,
668 4320 760 4380 hostis
773 4322 947 4393 essemalit,
969 4344 1048 4389 cum.
1059 4327 1143 4404 plura
1158 4324 1263 4404 possit,

147 4415 292 4482 anricitia
306 4423 414 4494 ⁸nostra
436 4413 575 4492 munitus,
598 4414 741 4504 obtiqere,
762 4413 860 4484 mirari
881 4415 1151 4504 sesediotitabpnt.
1166 4417 1285 4488 „Mihi
