2886 4946
462 235 630 302 urrunsa
651 215 853 304 aurinan-
1148 242 1206 300 ns

102 385 382 455 misisse'fsteruiui:
403 395 451 455 sin
465 395 548 456 vobis
562 395 728 456 nolentibus
741 399 771 456 vi
784 395 945 471 obtinebat,
959 412 1027 476 quaa
1040 396 1161 458 tandem
1174 396 1205 456 in

100 508 149 549 ros
162 488 266 565 injuria
280 488 346 560 tuit,
357 507 423 549 earn
438 508 516 549 ame
529 491 678 570 occupari,
692 490 835 552 et'lucum
851 500 951 551 tutum
964 491 1051 552 reddi
1063 492 1206 571 navigan·

9 581 10 584 ’
99 583 194 644 tibus?
235 586 413 664 Quanquam
429 589 529 644 autem·
537 583 568 644 in
580 593 697 644 tantum
711 605 767 664 ego
781 585 864 646 vobis
885 576 1089 665 providissem,
1108 595 1139 646 et
1159 583 1213 644 in·-

97 677 187 738 mla‘m
199 677 283 737 vobis
297 677 467 751 donassem,
479 687 611 738 oratores
625 687 724 748 tamen
741 679 834 738 vestri
845 679 981 757 accipere
998 677 1207 758 prohibebant,

96 769 292 849 recipiendam
302 789 369 830 esse
380 770 593 830 consulebant:
614 781 658 842 nt,
670 771 694 830 si
708 771 789 850 qued
799 771 996 852 imperabatur
1005 768 1144 844 facerem,
1157 791 1206 832 ure

98 861 222 922 alienam
233 858 366 922 obtinere
372 857 497 932 'laterem
520 863 566 922 siri
581 862 679 923 locum
693 862 777 922 illurn
793 865 958 937 retinerem,
969 864 1080 943 populo
1100 869 1214 944 suspe?

96 967 159 1015 etus
177 956 293 1015 fierem.
335 955 450 1022 Quibus
467 975 524 1036 ego
538 956 676 1036 cognitis,
697 957 776 1018 ultro
797 956 979 1026 denuntiavi,
1002 976 1050 1016 me
1064 957 1160 1016 debis
1173 957 1206 1016 in

92 1047 205 1128 jndicio
216 1049 371 1108 vobiscum
386 1049 627 1130 disceptaturum,
640 1061 685 1122 nt,
700 1070 726 1110 ιι
717 1050 810 1111 mibi
829 1050 1002 1130 adjudicata
1014 1051 1103 1122 esset,
1120 1051 1205 1112 robis

97 1159 167 1202 ame
180 1143 320 1211 daretem
344 1143 390 1202 sin
400 1142 584 1222 judicaretur
597 1153 695 1202 vestra
713 1163 794 1219 asse,
817 1144 928 1226 populu
950 1163 1016 1205 eam
1038 1144 1204 1206 redderem.

97 1233 170 1295 liae
180 1234 254 1294 mibi
268 1253 348 1314 saepe
357 1233 518 1314 postulanti
531 1254 584 1296 ros
593 1217 721 1296 mentem
734 1257 795 1297 non
808 1237 983 1298 adhibuistis
985 1237 1206 1317 ,Peparrhethii

97 1335 192 1388 sutem
207 1327 337 1408 insulam
348 1339 540 1408 occuparunt.
581 1328 683 1394 Quid
676 1328 765 1406 igitur
778 1329 849 1390 mihi
862 1329 1030 1390 faciendum
1044 1329 1123 1388 fuist
1144 1350 1206 1390 non

71 1419 257 1498 ‘infligenda
271 1439 360 1500 poeua
373 1419 557 1500 toedtfrrgist
579 1441 639 1488 non
661 1420 835 1495 ulciscendi,
859 1423 909 1502 qui
931 1431 992 1482 tam
1016 1422 1166 1528 superbe
1159 1443 1204 1482 rn-

96 1511 271 1572 enitebant?
313 1512 435 1574 Nam
412 1533 437 1574 sr
458 1513 779 1620 Peparrhethiornrn
755 1516 812 1573 fuit
834 1515 939 1583 insula,
959 1533 1019 1620 quo
1026 1515 1093 1594 jure
1110 1515 1204 1594 ipsam

96 1617 232 1686 repetunt
246 1607 467 1667 Athenienses?
488 1604 535 1664 siu
547 1611 655 1707 vestra,
672 1621 725 1672 cut
739 1611 798 1678 Ιιιιιιι
810 1605 853 1668 eis
866 1591 1032 1713 irascimini,
1049 1608 1204 1690 quinceu

96 1700 189 1781 parint
204 1697 355 1763 alienam?
651 1721 653 1724 ’
931 1725 933 1730 ·

133 1796 162 1856 6.
185 1793 235 1856 Εο
248 1815 337 1876 porro
348 1787 515 1888 progressae
528 1813 598 1865 sunt
611 1797 895 1875 nosuoeiuimicitiar,
909 1813 944 1864 ιιι
954 1819 1021 1866 cnm
1031 1799 1138 1864 vellem
1147 1821 1210 1862 na

96 1887 183 1948 resin
182 1889 427 1970 Hellespontum
442 1896 650 1971 transmittere,
663 1907 783 1959 coactus
798 1897 853 1956 sim
867 1915 918 1958 eas
932 1889 1148 1956 circumducto
1149 1914 1208 1974 perr

83 1982 318 2044 'Chersonesum
335 1986 464 2047 exercitu
483 1983 642 2064 deducere,
660 2009 729 2052 cum
742 1989 831 2051 vestri
845 1981 961 2050 coloni
954 2009 992 2049 ex
1004 1989 1124 2049 decreto
1140 1985 1203 2048 Po·

96 2074 215 2156 lycratis
232 2077 346 2138 bellum
364 2080 518 2142 nobiscum
539 2094 685 2164 gererent,
699 2093 730 2143 et
742 2101 794 2142 vos
811 2083 883 2142 talia
900 2081 1047 2160 suffragiis
1066 2079 1207 2161 compro·
1281 2069 1284 2082 '

95 2171 217 2244 heretis,
230 2173 354 2254 duxque
367 2184 466 2236 uester
479 2165 637 2258 Byzantios
651 2169 825 2246 accerseret,
846 2186 878 2237 et
891 2175 971 2255 apud
984 2182 1087 2234 omnes
1107 2174 1204 2234 divul-

95 2274 188 2342 garet,
199 2265 254 2326 sibi
269 2267 383 2327 arabis
398 2269 569 2330 mandatum
581 2289 658 2362 esse,
675 2281 718 2342 ιιι,
732 2272 757 2330 si
768 2265 886 2330 daretur
906 2267 1035 2340 occasio,
1050 2267 1160 2326 bellurn
1170 2263 1203 2326 in

94 2375 149 2417 nos
167 2358 297 2420 inferret
340 2360 394 2420 llis
418 2361 514 2424 modis
536 2357 604 2424 curu
625 2357 775 2436 tractarer,
793 2373 891 2422 tamen
911 2370 942 2421 et
961 2361 1025 2420 urbi
1039 2371 1153 2432 vestra,
1172 2372 1203 2420 et

93 2451 269 2526 triremibus,
283 2463 314 2514 et
333 2475 404 2546 agro
423 2457 549 2535 peperci,
574 2457 708 2537 quamvis
729 2456 876 2536 plerisque
894 2451 981 2535 potiri
1002 2473 1130 2533 possem,
1153 2451 1205 2514 vel

94 2544 194 2623 potins
204 2539 353 2608 omnibns·
376 2549 407 2608 ει
419 2567 472 2609 ros
492 2550 606 2624 adeas,
622 2571 689 2631 quae
703 2551 779 2610 inter
795 2569 849 2609 nos
861 2559 971 2621 essent,
984 2547 1200 2608 controversias

96 2635 310 2718 disceptatione
330 2639 509 2702 dirimendas
522 2654 665 2724 perpetuo
684 2639 849 2723 provocavi.
892 2642 983 2722 Atqui
1005 2641 1201 2714 considerate,

94 2740 191 2792 uuum
212 2731 364 2794 honestius
386 2735 434 2806 sit,
449 2735 537 2796 armis
548 2737 642 2804 ,litem
656 2737 740 2808 finiri,
759 2757 797 2796 au
811 2736 925 2806 verbis;
945 2746 1042 2795 utrum
1060 2753 1106 2792 nos
1120 2734 1210 2814 ipsos¹
1287 2771 1296 2785 ·

95 2823 218 2886 arbitros
232 2825 294 2886 lieri
305 2819 408 2899 deceat,
418 2827 540 2889 an'alios
551 2829 588 2892 ad
595 2823 791 2910 judicandum
800 2829 945 2891 excitare:
967 2827 1102 2908 reputate
1113 2827 1201 2887 etiam

95 2940 182 3000 qnam
198 2921 359 2983 absurdum
373 2923 422 2995 sit,
440 2923 568 2985 Thasios
588 2935 620 2985 et
637 2925 801 2986 Maronitas
814 2921 896 2985 litem
913 2923 951 2982 de
966 2921 1090 3003 Stryme
1103 2917 1203 2982 disces

95 3015 226 3094 ptatione
251 3013 335 3076 finire
346 3017 412 3096 cogi
433 3018 470 3076 ab
495 3018 739 3091 Atheniensibus,
759 3019 823 3097 ipsc
843 3028 957 3076 sautem
976 3035 1023 3086 ea,
1042 3011 1200 3092 dequibus

96 3109 261 3187 ambigunt,
273 3127 391 3172 mecum
416 3109 455 3170 ad
468 3110 596 3172 eundem
618 3111 740 3172 modurn
756 3131 817 3170 non
837 3108 1017 3186 transigere.
1038 3107 1199 3184 prasertim

94 3217 159 3262 cum
173 3201 286 3274 sciatis,
299 3221 353 3262 vos
379 3201 404 3261 si
423 3221 514 3264 causa
533 3203 697 3266 cecideritis
717 3203 788 3263 nihil
809 3203 982 3269 amissurum
1003 3198 1048 3264 siu
1062 3198 1199 3275 viceritis,

93 3292 235 3370 potituros
248 3292 295 3352 his
309 3313 376 3375 qnae
390 3313 469 3354 nnuc
483 3295 514 3361 in
527 3305 628 3357 nostra
638 3316 728 3358 mauu
743 3306 821 3356 sunt.

131 3389 160 3446 7.
185 3384 248 3444 Sed
259 3385 332 3452 illud
346 3385 477 3448 omnium
492 3387 706 3495 iniquissimum
718 3387 789 3448 mihi
803 3387 928 3460 ridetur,
942 3385 1021 3466 quod
1035 3407 1102 3447 curn
1116 3387 1198 3468 lega-

93 3485 136 3538 tos
150 3498 190 3538 ex
205 3479 286 3539 omni
300 3481 443 3544 sociorum
465 3491 614 3542 conventu
632 3481 786 3554 misissem,
802 3490 833 3541 ut
844 3491 935 3541 testes
950 3491 1057 3553 essent,
1072 3473 1199 3560 cumque

93 3570 200 3632 vellem
217 3571 257 3631 de
271 3572 386 3635 Graecis
400 3593 437 3634 ea
448 3574 600 3634 vobiscum
614 3574 724 3653 pacisci
739 3573 897 3654 quaejusta
915 3584 1026 3644 esseut,
1045 3595 1082 3634 ne
1097 3574 1199 3634 audire

92 3662 212 3740 quidem
232 3663 397 3743 legatorum
410 3665 447 3725 de
465 3665 511 3726 his
532 3666 694 3728 orationem
709 3667 851 3739 voluistis,
873 3687 941 3727 cnm
959 3667 1091 3727 licuisset
1104 3667 1198 3737 vebis,

92 3756 137 3815 rel
149 3757 288 3836 periculis
310 3756 433 3818 liberare
457 3777 509 3818 eos
534 3760 584 3838 qni
597 3759 658 3819 ‘sibi
679 3760 790 3839 aliquid
808 3760 912 3820 iuseusi
931 3778 950 3818 a
967 3758 1051 3818 nobis
1066 3757 1199 3835 suspica·

93 3847 209 3921 bantur,
223 3850 270 3911 vel
283 3850 382 3930 palam
395 3851 569 3914 convincere
591 3871 639 3912 me
653 3855 783 3913 omnium
794 3852 946 3913 hominnm
967 3869 1031 3912 esse
1044 3849 1199 3928 improbis·

93 3942 208 4002 simum
242 3943 288 4010 Ae
311 3943 422 4024 populo
444 3943 564 4052 quidem
584 3944 636 4004 illa
653 3955 737 4005 erant
755 3945 855 4013 utilia:
878 3945 932 4006 sed
951 3963 968 4004 e
988 3961 1020 4006 re
1040 3952 1200 4017 oratorum,

92 4053 152 4095 non
165 4047 266 4098 erant:
288 4037 392 4100 dicunt
404 4039 481 4102 euim
501 4038 520 4098 ii
534 4038 586 4116 qni
598 4047 724 4100 vestram
737 4038 947 4129 rempublicam
961 4044 1079 4108 norunt,
1093 4055 1199 4115 pacem

91 4126 134 4187 eis
146 4127 257 4190 bellurn
267 4147 345 4203 esse,
359 4139 390 4190 et
402 4129 513 4190 bellum
526 4147 649 4210 pacemr
670 4151 737 4192 cum
752 4149 771 4189 a
785 4117 908 4190 ducibis
918 4126 965 4188 vel
978 4121 1233 4205 patrocinando,

89 4220 138 4279 rel
152 4217 385 4294 calumniando,
383 4221 539 4302 pecuniam
558 4231 770 4302 extorqueant:
792 4231 823 4280 et
841 4229 905 4280 tum
925 4219 1153 4281 nobilissimis
1128 4221 1198 4280 crvi

89 4312 157 4384 bns,
165 4324 227 4374 tum
234 4325 400 4376 exterorum
408 4315 602 4376 celeberrimis
609 4315 802 4376 conviciando
813 4315 1023 4396 preconcione,
1031 4314 1197 4393 idcaptent,

90 4415 126 4472 ut
140 4409 294 4495 populares
309 4429 376 4476 esse
397 4409 560 4474 rideantur.
606 4409 705 4476 Facile
729 4408 799 4470 mihi
819 4409 938 4498 quidem
953 4418 1041 4481 esset,
1056 4427 1080 4471 ιι
1072 4407 1198 4493 'paulu
