2932 4952
237 291 296 350 376
518 292 690 354 CONTRA
713 294 1049 362 Afflswrocunrutt

235 443 302 522 lege
316 444 435 522 quidem
446 447 566 524 J'ubetur
580 448 906 528 senatus,judicare
922 425 972 508 de
992 447 1096 508 coede
1117 456 1148 508 et
1169 445 1321 530 vulnere

236 539 427 598 consulto
455 539 576 612 facto,
617 541 662 600 de
688 539 933 601 incendioet
971 541 1145 610 venenis,
1183 521 1321 618 quibus

143 695 152 707 q
237 623 952 708 datisaliquisaliumeneceverit.
1000 619 1322 710 Atqueisquilegem

236 721 313 794 tulit,
341 723 456 802 adjecta
480 723 536 783 hac
557 724 698 796 clausula,
722 726 861 805 quibus
896 725 1132 793 enecaverit,
1163 743 1260 782 causae
1285 722 1322 779 di·

235 815 361 874 ctionem
374 815 465 888 dedit,
486 837 545 875 non
556 818 635 895 prius
650 828 747 876 tamen
762 819 832 895 quid
846 819 1012 878 maleficum
1026 817 1086 895 pati
1097 815 1262 885 conveniat,
1278 814 1323 872 de·

235 906 378 964 claravit:
401 907 430 964 in
454 927 523 985 quo,
539 908 745 978 Athenienses,
760 908 861 986 pietati
876 909 965 970 totius
978 909 1056 966 urbis
1071 909 1160 985 probe
1173 905 1323 984 prospexit.

235 999 412 1063 Quomodo?
434 999 529 1058 Nemo
539 1010 669 1060 nostrum
683 1000 809 1058 omnium
822 1001 895 1060 scire
909 1010 1016 1079 potest,
1030 1001 1094 1077 quis
1109 999 1147 1058 sit
1157 999 1207 1076 qui
1218 997 1324 1057 caedem

149 1130 156 1140 -
234 1089 343 1148 fecerit.
367 1091 452 1152 Talia
464 1093 628 1170 porro-sine
636 1092 749 1170 judicio
762 1090 890 1163 credere,
905 1093 929 1149 si
943 1093 1006 1170 quis
1022 1091 1147 1167 aliquem
1161 1090 1325 1149 criminatus

233 1181 331 1252 fuerit,
346 1201 410 1240 esse
430 1183 561 1259 iniquum
580 1184 711 1260 putarit:
734 1193 868 1262 oportere
890 1184 977 1262 igitur
996 1183 1121 1254 censuit,
1143 1182 1168 1240 si
1189 1182 1283 1240 factas
1303 1183 1326 1240 ei

231 1273 284 1351 qui
298 1273 387 1332 leesus
407 1284 452 1332 est
474 1273 591 1352 injurias
607 1276 788 1352 persecuturi
806 1275 907 1346 simus,
922 1275 1009 1334 fidem
1031 1275 1092 1332 fieri
1113 1274 1207 1343 vobis,
1232 1283 1263 1332 et
1278 1292 1324 1331 ros

234 1365 355 1424 edoctos
362 1367 398 1434 ab
405 1367 635 1437 accusatoribus,
645 1386 835 1444 cognoscere,
844 1379 958 1426 sontem
967 1387 1034 1426 eum
1042 1386 1116 1426 esse.
1128 1367 1202 1426 Tum
1212 1367 1325 1424 demum

232 1455 320 1528 enim,
335 1475 399 1516 cum
414 1476 461 1516 res
474 1459 646 1536 percognita
663 1455 760 1530 fuerit,
770 1459 821 1538 jus
836 1470 866 1518 et
880 1459 923 1518 sas
940 1477 1004 1518 esse
1022 1477 1122 1538 poenas
1144 1458 1231 1528 sumi,
1252 1459 1326 1535 prius

234 1566 304 1608 non.
340 1549 487 1610 Praeterea
500 1551 662 1628 reputabat,
677 1552 775 1610 omnia
788 1551 858 1610 talia
871 1551 1000 1624 nomina,
1015 1550 1104 1624 veluti
1123 1549 1223 1627 siquis
1243 1550 1326 1608 sacri·

231 1643 343 1719 legium
358 1644 469 1714 iecerit,
487 1643 589 1721 siquis
604 1642 773 1720 prodiderit,
787 1655 818 1703 et
831 1644 895 1724 ejus
909 1644 1025 1722 generis
1039 1642 1147 1718 omnia,
1161 1641 1327 1720 priusquam

229 1732 374 1812 judicium
388 1745 565 1807 exerceatur,
576 1734 729 1793 criminum
739 1755 803 1795 esse
812 1736 1040 1815 appellationes:
1057 1746 1212 1813 postquam
1218 1733 1327 1810 judicio

231 1828 273 1885 sit
288 1826 525 1898 conviciantum
539 1826 657 1884 demum
671 1827 732 1885 fieri
755 1827 875 1887 scelera.
910 1827 979 1886 Non
993 1819 1080 1906 igitur
1093 1828 1208 1886 censuit
1221 1824 1327 1884 nomini

234 1918 360 1979 criminis
372 1917 547 1996 supplicium
563 1919 799 1988 adscribendum,
815 1918 869 1978 sed
879 1919 1032 1998 judicium.
1057 1919 1274 1997 Proptereaque
1297 1920 1329 1976 si

230 2011 325 2090 quis
348 2009 490 2068 caedem
513 2009 666 2083 fecerit,
686 2021 864 2070 senatum
884 2011 1328 2088 cognoscerejussit‚n0n

229 2103 315 2176 dixit,
336 2123 403 2182 ques
425 2122 513 2181 poene
533 2101 709 2173 luendasit,
734 2104 816 2181 quasi
836 2103 987 2162 convictus
1009 2109 1096 2162 esset.
1120 2103 1164 2161 Ac
1179 2102 1330 2180 legislator

230 2195 353 2277 quidem
367 2195 427 2255 sic:
450 2204 481 2254 at
495 2195 854 2256 senatusconsulti‘auctor
862 2194 1030 2273 quomodo?
1053 2194 1090 2253 si
1110 2193 1202 2272 quis
1225 2213 1271 2254 oc
1281 2213 1297 2254 c
1308 2195 1330 2252 i·

231 2289 301 2348 der
312 2290 320 2347 i
331 2297 352 2359 t,
372 2288 476 2366 inquit,
493 2286 518 2344 C
529 2287 575 2345 be·
580 2307 593 2345 r
602 2287 612 2346 i
621 2286 663 2344 de
673 2305 699 2350 m
713 2305 780 2354 urn,
793 2285 1046 2347 nommtacmorls
1057 2285 1133 2344 idem
1145 2285 1253 2364 posuit,
1264 2303 1331 2344 cum

230 2375 359 2459 scripsit,
374 2381 398 2438 si
413 2381 477 2458 quis
491 2378 639 2450 occiderit,
653 2379 732 2456 quod
747 2378 916 2456 legislator:
939 2379 968 2436 in
985 2377 1174 2456 sequentibus
1187 2398 1258 2438 vero
1272 2399 1330 2439 non

230 2473 345 2544 eadem,
367 2471 420 2532 sed
434 2471 549 2535 sublata
563 2469 696 2534 clausula
717 2470 753 2528 de
770 2469 882 2548 judicio
900 2471 1061 2540 subeundo,
1086 2470 1185 2530 statim
1206 2470 1331 2531 licere

231 2566 272 2623 in
291 2562 452 2623 vincula
471 2563 611 2642 abripi,
634 2562 759 2640 scripsit,
779 2562 972 2641 neglectaque
988 2581 1040 2642 per
1055 2563 1158 2641 legem
1178 2563 1331 2652 designate

154 2727 157 2734 .
233 2657 324 2728 curia,
342 2675 422 2714 reum
448 2655 676 2714 criminatoribus
697 2649 807 2713 indicta
828 2673 917 2716 causa
935 2674 989 2733 pro
1005 2655 1125 2713 libidine
1144 2655 1330 2714 tractandum

233 2747 372 2828 permisit,
390 2746 445 2806 etsi
463 2745 594 2807 nondum
609 2757 706 2812 utrum
720 2746 937 2816 semiunciae,
959 2755 1085 2804 constet.
1117 2745 1252 2808 Licebit
1243 2748 1331 2826 igitur

232 2841 273 2898 eis
292 2837 376 2913 illurn,
387 2836 629 2915 comprehensum
641 2846 786 2916 torquere,
798 2837 1012 2907 excarnificare,
1026 2836 1151 2914 pecunia
1168 2837 1330 2897 mulctare:

234 2931 313 3009 atqui
323 2929 387 2990 haec
403 2929 499 2988 omnia
516 2929 608 2987 vetuit
621 2937 764 3007 aperteet
786 2928 935 2988 euidenter
948 2927 1112 3004 subscripta
1127 2928 1186 2999 lex,
1204 2929 1330 3008 taliaque

233 3043 288 3083 nec
307 3021 336 3079 in
355 3019 503 3080 convictos
518 3033 548 3079 et
563 3020 727 3080 declaratos
742 3018 904 3078 homicidas
919 3019 1007 3098 licere
1021 3018 1123 3091 voluit.
1175 3041 1181 3048 ·

200 3158 203 3166 s
273 3117 303 3174 7.
324 3112 408 3194 Lege
423 3113 464 3171 eis
475 3112 569 3192 ipsam
583 3110 678 3190 legem
688 3129 754 3188 quae
768 3108 906 3188 sequitur.

734 3321 825 3381 Lux.
840 3271 841 3274 ¹

194 3535 196 3539 ¹
266 3479 482 3540 Homicidesliceat
494 3479 601 3532 occidere
613 3477 636 3524 in
648 3455 726 3526 nnstm
739 3475 856 3524 territorio
865 3481 889 3520 et
898 3474 920 3520 iu
929 3489 1043 3540 carcerem
1055 3474 1152 3530 ducere,
1162 3481 1188 3522 ut
1200 3475 1224 3528 in
1235 3477 1334 3532 Decem-

232 3559 301 3618 Jiruli
313 3557 391 3605 tabula
401 3556 574 3618 promulgatur:
595 3550 740 3620 excruciere,
752 3559 791 3599 ant
802 3551 922 3612 pecuniam
938 3552 966 3596 ab
977 3551 1012 3597 eis
1022 3556 1173 3610 extorquere,
1192 3567 1239 3598 non
1256 3553 1335 3603 licent,

233 3637 319 3698 ulloqui
330 3635 426 3697 duplum
444 3634 493 3679 dati
505 3631 583 3678 damni
598 3631 723 3678 luendum:
743 3629 857 3678 actionem
872 3643 928 3676 vero
945 3633 1056 3688 praetorcr
1073 3627 1234 3676 dentocuiris
1255 3643 1336 3676 eorum

144 3700 148 3704 ’
232 3715 352 3762 crimmum
358 3723 457 3774 querum
468 3707 554 3770 quique
565 3715 621 3754 sunt
618 3706 728 3768 judices,
732 3704 843 3768 neptun
853 3719 912 3752 reio
920 3705 951 3750 rit
962 3717 1037 3764 penes
1045 3703 1168 3762 licitum.

159 3903 164 3912 „
233 3795 345 3929 Legem
366 3846 532 3914 audivistis:
555 3844 791 3924 contemplamini
806 3861 906 3922 queem
924 3860 1011 3932 quam
1031 3841 1171 3920 praeclare
1189 3861 1227 3902 ac
1248 3861 1341 3922 supra

224 3944 353 4004 mudum
380 3939 517 4018 religiose
539 3936 722 3996 constituerit
746 3934 908 4012 legislator.
949 3933 1187 4000 Homicidas
1217 3936 1340 4018 inquit:

232 4033 356 4114 primum
380 4033 434 4112 igit
435 4053 468 4090 ur
423 4029 657 4090 thomicidam
672 4047 740 4087 eum
754 4027 833 4097 dicit,
847 4045 896 4104 qur
889 4027 1040 4104 'judicum
1059 4027 1210 4096 sententia
1219 4029 1285 4108 jam
1300 4028 1341 4088 sit

233 4128 398 4184 damnatus.
423 4123 451 4180 N
454 4142 487 4182 ec
500 4123 576 4180 enim
589 4121 645 4179 hac
660 4119 856 4198 appellatione
869 4118 1024 4203 quisquam
1044 4119 1225 4192 continetur,
1240 4122 1342 4198 prius·

223 4198 322 4296 squam
343 4215 491 4272 convictus
505 4215 667 4274 damnetur.
705 4210 738 4269 ld
758 4208 986 4294 ubilsignilicati
1007 4208 1081 4268 Tum
1096 4211 1125 4268 in
1139 4212 1238 4288 priore
1259 4212 1341 4292 lege,

176 4335 179 4341 ¹
233 4322 296 4368 tum
320 4307 349 4363 in
374 4305 602 4368 hac.=Nam,in
624 4305 673 4364 illa
692 4301 818 4390 scripsit,
833 4302 862 4362 si
891 4303 981 4380 quis
1009 4301 1152 4362 ceedem
1178 4303 1342 4372 lecerit,
