2920 4950
213 259 253 320 ss
307 209 314 221 ’
561 249 838 328 otrsrrrrnon
859 261 889 326 11
909 259 993 344 (111).

219 410 416 477 Nomothetss
442 417 638 502 constituite*
668 421 724 482 His
740 431 845 482 'autern
870 413 1057 498 Nomnthetis
1077 413 1189 476 nullam
1213 407 1324 476 sancite

204 505 426 587 'legem—sunt
434 511 512 569 enim
524 513 609 575 robis
620 514 691 575 satis
702 515 853 591 multe-u,
864 512 976 574 sedeas
990 531 1055 589 quas
1065 529 1119 569 vos
1130 507 1332 589 inpraesentia·

121 639 126 650 ·
217 591 492 681 loeduntsbrogate,
506 603 580 668 istas
598 616 698 668 sutem
718 607 796 681 dico,
814 617 842 666 et
854 627 914 668 non
937 603 1153 666 dissimulanter
1166 603 1236 675 dico,
1255 620 1323 680 ques

218 703 292 780 sunt
302 693 340 757 de
353 695 487 756 theatrali
500 701 637 778 pecunie,
652 701 734 762 etde
754 701 800 761 his
815 701 866 781 qui
879 707 991 760 merent
1011 695 1182 782 nonnullas,
1200 713 1324 774 quarum

219 786 278 846 illae
291 787 444 850 militarem
460 793 611 870 pecuniam
625 794 660 854 iis
674 795 725 874 qui
746 795 824 854 dorni
843 800 966 853 manent
981 790 1022 850 sd
1048 785 1215 870 spectacula
1228 785 1327 850 distri·

219 880 326 954 buunt,
346 879 393 940 hae
406 899 474 942 vern
494 887 611 965 eosqui
629 887 762 946 militiam
780 887 946 946 detrectant
960 883 1115 944 indemnes
1132 881 1328 952 constituunt,

220 973 326 1034 exinde
339 973 427 1034 etism
438 995 489 1038 ens
506 977 555 1056 qui
568 977 664 1040 officio
678 980 762 1060 iungi
776 979 880 1040 volunt
906 977 1002 1037 minus
1022 975 1166 1036 animatos
1186 973 1326 1041 reddunt.

221 1063 385 1144 Postquam
402 1087 472 1129 sero
490 1069 554 1130 hese
573 1072 747 1132 sustuleritis
762 1082 793 1132 et
810 1071 887 1132 viam
906 1069 1018 1150 optima
1032 1067 1206 1130 consulendi
1230 1073 1328 1127 tutam
1411 1089 1419 1100 ·

220 1156 413 1238 proebueritis,
425 1169 487 1222 tum
501 1161 551 1241 qui
565 1183 601 1223 ea
615 1165 733 1237 scribat,
747 1183 812 1244 quse
833 1183 936 1225 omnes
948 1183 967 1224 e
985 1160 1137 1242 republica
1155 1179 1222 1220 esse
1236 1159 1327 1235 scitis,
1374 1224 1379 1232 ,

221 1249 386 1328 queritote.
415 1250 588 1334 Priusquam
597 1266 695 1317 autem
706 1257 771 1319 haec
782 1267 849 1319 ncta
860 1258 927 1328 sint,
936 1275 975 1316 ne
985 1252 1235 1333 circumspiciatis,
1244 1247 1328 1331 quis.

221 1362 302 1417 nam,
317 1344 490 1410 dummhis
510 1348 620 1426 optime
640 1350 816 1424 consulate
833 1350 916 1410 robis
937 1349 1055 1410 interire
1068 1349 1157 1409 velit:
1179 1347 1328 1406 neminem

222 1437 300 1504 enim
314 1437 473 1516 reperietis,
494 1441 666 1519 presertim,
677 1461 745 1502 cum
759 1443 790 1503 id
803 1461 893 1502 unum
903 1461 939 1502 er
949 1461 984 1502 eo
998 1441 1130 1501 futurum
1140 1439 1188 1510 sit,
1197 1439 1329 1518 uterqui

221 1550 258 1590 ee
271 1529 376 1593 dixerit
389 1549 426 1592 ec
440 1532 598 1614 scripserit,
611 1554 664 1615 per
674 1535 809 1617 injuriam
823 1536 990 1610 mulctetur,
1001 1555 1056 1595 nec
1070 1536 1156 1595 rebus
1169 1534 1329 1613 quicquam

222 1623 476 1700 consulatur,sed
489 1625 601 1708 optima
610 1629 755 1690 suadendi
768 1629 896 1696 studium
913 1633 1011 1708 magis
1024 1628 1114 1688 etiam
1130 1628 1161 1687 in
1175 1636 1330 1705 posterum

112 1761 114 1768 .
222 1737 310 1798 quam
323 1739 403 1780 nunc
417 1732 464 1780 est
481 1719 620 1784 reddatur
633 1723 836 1802 periculosum.
876 1722 922 1782 Ac
934 1721 1145 1802 postulandum
1159 1729 1216 1793 est,
1234 1717 1330 1779 Athe·

223 1813 353 1886 nienses,
366 1824 401 1872 ut
413 1833 465 1874 eas
479 1814 561 1893 leges
582 1816 724 1896 abrogent
734 1817 783 1877 isti
796 1816 861 1897 ipsi,
874 1815 925 1895 qui
945 1814 1095 1875 tolerunt:
1120 1812 1273 1872 nonenim
1287 1828 1332 1872 ees

223 1925 314 1985 quum
328 1915 374 1967 est
385 1907 488 1988 grstia,
502 1909 568 1988 ques
582 1919 674 1970 totam
690 1910 836 1974 civitatem
845 1908 933 1982 laesit,
947 1907 1012 1968 illos
1027 1907 1094 1980 itui,
1107 1906 1235 1986 quitum
1250 1905 1332 1964 tule-

223 2009 301 2070 runt,
324 1999 424 2060 odium
433 2010 601 2084 autem,per
610 2005 692 2083 quod
707 2023 775 2066 cum
786 2003 920 2064 omnibus
933 2001 1018 2063 nobis
1032 2001 1136 2061 melius
1145 2010 1292 2082 ageretur,
1303 2001 1333 2061 ei

224 2094 275 2174 qui
288 2113 367 2154 nunc
380 2095 490 2174 optima
502 2099 638 2170 suaserit,
651 2118 717 2158 esse
730 2099 835 2160 fraudi.
878 2095 1052 2177 Priusquam
1073 2105 1172 2155 autem
1190 2095 1256 2154 hoec
1274 2095 1332 2154 rite

225 2197 398 2268 comparata
415 2188 533 2262 inerint,
552 2209 748 2271 nequequam,
761 2189 968 2264 Athenienses,
983 2190 1062 2270 apud
1084 2207 1141 2248 vos
1159 2174 1347 2268 quenquam*

224 2282 365 2361 reputetis
379 2301 445 2344 esse
455 2292 579 2358 tantum,
592 2294 626 2344 ut
638 2285 721 2346 hisce
734 2279 878 2364 legibuse
893 2303 924 2344 se
938 2283 1053 2344 violatis
1073 2301 1176 2362 poenas
1190 2301 1250 2341 non
1268 2281 1334 2355 det,

226 2373 367 2436 antiadeo
380 2375 545 2450 vecordem,
558 2387 593 2438 ut
610 2378 639 2438 in
653 2379 774 2440 evidens
787 2380 896 2440 malurn
910 2377 1098 2457 semetipsum
1112 2375 1259 2454 conjiciat.

114 2507 121 2521 ι
174 2545 177 2550 Ι
267 2469 297 2527 θ’.
319 2467 399 2537 Quin
412 2487 467 2528 nec
475 2469 548 2530 illud
557 2469 639 2530 robis
647 2472 841 2551 ignorandum
851 2481 906 2546 est,
917 2469 1123 2541 Athenienses,
1134 2467 1255 2528 decreta
1264 2469 1334 2528 nnl-

146 2573 152 2580 ‘
226 2561 286 2622 lius
299 2579 366 2622 esse
379 2564 530 2635 momenti,
543 2563 601 2624 nisi
613 2573 644 2625 et
655 2565 713 2624 hoo
722 2565 888 2637 accesserit,
896 2573 930 2624 ut
942 2583 978 2624 ea
987 2581 1053 2642 quse
1071 2562 1267 2622 decernantur
1276 2581 1335 2624 vos

226 2655 363 2716 alacriter
372 2653 471 2715 iacere
485 2656 636 2716 studeatis.
679 2657 707 2716 N
709 2677 756 2717 am
767 2658 791 2718 si
804 2678 870 2718 earn
882 2658 941 2716 sim
950 2656 1069 2716 decreta
1077 2674 1129 2734 per
1137 2674 1169 2714 e
1178 2653 1335 2730 heberent,
1348 2704 1354 2714 .

187 2791 191 2796 -
228 2757 263 2812 ut
276 2757 328 2808 aut
338 2766 390 2809 vos
405 2746 445 2826 ad
458 2748 586 2824 officium
599 2749 768 2822 faciendum
778 2750 963 2830 compellere,
978 2759 1030 2808 aut
1042 2767 1079 2808 ee
1097 2767 1164 2827 quae
1179 2748 1335 2808 continent

226 2841 366 2922 perlicere
387 2850 520 2921 possent,
540 2861 635 2922 neque
647 2863 700 2905 ros
720 2845 813 2904 multa
834 2843 1028 2912 decemendo‚
1043 2861 1151 2922 penes,
1163 2841 1211 2902 sel
1233 2843 1335 2922 potius

208 2935 301 3026 -nihil
324 2931 506 3008 effecissetis,
529 2955 625 3015 neque
639 2936 793 3018 Philippus
808 2947 868 2998 tem
888 2935 938 2996 diu
953 2955 985 2996 se
999 2935 1156 2995 insolenter
1171 2935 1335 3014 gessisset:

224 3051 323 3111 neque
338 3029 416 3090 enirn
428 3051 481 3110 per
491 3031 608 3092 decreta
618 3034 737 3111 quidem
752 3033 892 3106 stetisset,
905 3051 964 3111 quo
977 3032 1073 3091 minus
1088 3029 1267 3116 olimpoenes
1281 3031 1336 3090 de·¹
1381 3019 1384 3026 ¹

228 3125 331 3184 disset.
373 3123 434 3184 Sed
447 3122 512 3183 haec
533 3142 593 3183 non
616 3123 660 3184 ita
672 3143 704 3186 se
716 3125 845 3185 habent:
872 3143 958 3204 agere
973 3123 1061 3194 enirn,
1075 3133 1109 3182 ut
1123 3122 1222 3183 ordine
1235 3133 1335 3202 poste·

227 3218 288 3278 rius
303 3233 390 3296 quam
411 3216 558 3278 orationes
572 3217 679 3277 habere
694 3228 746 3278 eut
757 3217 896 3298 suffragia
904 3217 991 3291 serre,
1000 3217 1042 3276 ita
1055 3216 1083 3276 vi
1092 3216 1173 3296 prins
1184 3224 1230 3276 est
1239 3226 1270 3276 et
1278 3236 1334 3296 po·

121 3317 131 3328 ‘
180 3387 183 3397 ,
228 3307 297 3374 tiu's.
338 3310 407 3370 Hoc
418 3309 506 3388 igitur
518 3309 738 3390 adjungendum
752 3321 808 3385 est,
830 3311 942 3390 relique
958 3319 1067 3390 praestn
1087 3318 1175 3369 sunt:
1196 3329 1265 3368 nem
1282 3309 1335 3390 qui

179 3455 180 3460 ,
227 3403 387 3487 prudenter
401 3401 498 3490 dicere
521 3402 634 3482 possint
653 3414 723 3464 sunt
734 3404 820 3484 apud
834 3423 899 3479 ros,
912 3403 1118 3475 Athenienses,
1138 3421 1251 3481 rosque
1270 3419 1336 3462 oms

228 3499 310 3559 nium
324 3493 483 3557 acutissimi
494 3495 564 3555 estis
577 3495 615 3556 ad
629 3515 665 3555 ea
677 3517 745 3576 quas
755 3495 894 3556 dicuntur
903 3495 1102 3576 percipienda,
1115 3494 1187 3574 quin
1196 3506 1227 3554 et
1243 3497 1335 3554 eadem

228 3589 351 3668 exsequi
364 3607 442 3648 nunc
458 3586 599 3666 poteritis,
611 3587 636 3648 si
644 3588 862 3649 recteiacietiss
898 3589 987 3656 Quod
998 3589 1076 3649 enim
1084 3597 1199 3667 tempus
1211 3587 1338 3666 quamve

228 3675 426 3754 occasionem,
448 3679 654 3755 Athenienses,
667 3680 817 3742 meliorem
838 3682 897 3742 hac
915 3679 1063 3760 quaeritisi
1085 3689 1137 3740 aut
1157 3679 1277 3758 quando
1299 3699 1337 3742 ea

227 3797 296 3858 quse
314 3773 501 3835 fieri'debent
515 3773 620 3852 egetis,
634 3775 660 3833 si
679 3791 759 3835 nunc
781 3793 841 3834 non
860 3773 972 3853 agetis?
990 3812 993 3827 ·
1014 3773 1122 3834 Nonne
1135 3773 1234 3833 omnis
1252 3773 1336 3834 vobis

225 3871 317 3930 »horno
330 3869 397 3928 loca
410 3863 570 3946 preripuit,
590 3877 620 3925 et
641 3865 665 3925 si
688 3866 745 3926 hae
759 3865 847 3926 etiam
876 3867 994 3945 regione
1011 3866 1151 3946 potietur,
1164 3883 1251 3924 nonne
1274 3885 1338 3932 ‹snr-¹

229 3965 309 4026 nium
324 3959 491 4041 turpissima
502 3960 615 4040 passuri
626 3959 746 4020 sumusi
788 3960 1026 4044 Nonnequibus,
1039 3961 1063 4020 si
1071 3959 1180 4020 bellum
1190 3968 1338 4039 gererent,

227 4066 349 4126 strenue
360 4073 414 4114 nos
423 4053 617 4134 opitulaturos
625 4053 862 4134 spospondimus,
870 4053 901 4118 hi
909 4073 987 4112 nunc
994 4051 1075 4114 bello
1083 4051 1238 4132 petuntur?
1253 4052 1338 4117 Nous

229 4135 268 4214 sse
281 4148 374 4209 hostis
388 4145 455 4208 estt
475 4166 536 4206 non
549 4156 650 4207 nostra
662 4146 764 4206 teneti
784 4165 844 4206 non
857 4143 1023 4212 berbarusl
1041 4145 1179 4225 quidnnn
1190 4143 1338 4226 denique!

230 4243 302 4316 Sed,
325 4241 414 4300 deum
432 4238 638 4300 immortalem!
659 4239 684 4299 si
705 4239 772 4302 haec
792 4238 889 4299 omnis
910 4237 1111 4317 reliquerimus
1126 4248 1158 4300 ct
1179 4238 1206 4298 ei
1220 4247 1335 4298 tantum

227 4357 287 4409 non
298 4333 338 4394 ed
347 4350 383 4394 ee
389 4333 533 4392 obtinendo
546 4352 666 4413 operam
679 4332 961 4406 navaverimus,tum
972 4341 1106 4394 suctores
1116 4333 1219 4394 harum
1229 4349 1341 4406 rerum,

230 4431 279 4510 qui
290 4429 358 4503 sint,
372 4425 561 4516 queremur?
583 4425 841 4510 Nequeenimnos
851 4425 882 4488 in
896 4444 987 4497 ceum
997 4445 1063 4490 esse
1072 4425 1245 4514 dntsbirnur,
1266 4423 1339 4508 sede
