2932 4952
555 688 1004 778 ιιιιιοιιιιιιιιι
1033 792 1037 800 J

224 1019 230 1030 ,
315 877 317 882 ’
404 939 616 1020 consen
649 939 850 1018 ιιιιιιιι
885 883 955 1020 ιιι
987 941 1155 1021 nmen

682 1165 884 1234 ORATIO.

268 1365 295 1424 l.
317 1363 392 1434 Qus
406 1361 579 1445 petulantia,
590 1357 717 1444 judices,
729 1373 761 1424 et
777 1355 956 1450 contumelia
971 1385 1087 1446 semper
1100 1367 1130 1426 in
1144 1386 1246 1428 omnes
1260 1379 1318 1432 uta·

222 1467 272 1518 tur
297 1457 585 1532 Midias,·neminem
606 1477 702 1538 neque
723 1466 863 1530 vestrum,
887 1477 982 1538 neque
1003 1459 1182 1540 reliquorum
1209 1462 1320 1540 civium,

220 1568 357 1632 sgnorare
368 1551 500 1612 arbitror
522 1547 588 1629 Ego
597 1567 667 1610 vcro
669 1549 766 1629 quod
776 1552 1115 1632 unusquisquerestrum
1124 1551 1263 1616 affectus
1255 1575 1323 1616 con

222 1643 343 1707 tumelia
356 1643 524 1705 faciundum
539 1641 592 1702 sibi
606 1641 780 1715 censuisset,
791 1642 822 1703 id
840 1653 870 1704 et
885 1643 949 1724 ipse
968 1644 1035 1705 leci.
1064 1647 1111 1706 Ac
1124 1647 1243 1726 publice
1255 1668 1320 1710 eon·

220 1727 342 1816 questus
354 1756 431 1808 sum,
446 1732 652 1798 istumviolare
666 1735 785 1806 festum,
796 1755 856 1796 non
871 1736 960 1797 modo
973 1735 1103 1818 acceptis
1116 1740 1153 1799 ah
1168 1757 1205 1799 eo
1219 1740 1320 1830 plagis,

219 1825 470 1900 Bacchanalibus,
492 1827 545 1889 sed
570 1836 601 1893 et
624 1825 682 1886 alia
704 1827 798 1888 multa
817 1847 911 1908 eaque
934 1828 1065 1892 violenta
1087 1851 1240 1912 perpessus
1262 1843 1321 1898 toto

221 1931 353 2002 tempore
366 1920 525 1982 oedilitatis.
566 1918 729 1998 Postquam
742 1939 812 1981 vero
826 1920 955 2002 populus
969 1921 1134 1998 universus,
1152 1935 1187 1989 ut
1208 1945 1323 2006 aequum

221 2023 253 2075 et
274 2016 384 2076 bonum
402 2012 618 2098 postulabat,
595 2032 639 2074 ssc
662 2012 824 2072 excanduit
844 2024 875 2073 et
898 2017 1064 2076 concitatus
1087 2015 1154 2091 fuit,
1174 2029 1323 2100 tantaque

219 2103 299 2172 curre
311 2107 415 2170 habuit
426 2125 492 2176 eam
511 2105 645 2186 injuriam
659 2124 719 2184 qua
731 2125 778 2167 me
790 2105 903 2168 sciehat
913 2107 1052 2169 affectum
1065 2129 1142 2184 esse,
1156 2119 1199 2184 ut,
1214 2131 1318 2192 quam·

216 2200 332 2262 risiste
344 2197 416 2260 nihil
430 2220 491 2260 non
510 2199 620 2260 laceret
643 2207 674 2258 et
695 2197 744 2259 alii
766 2197 882 2280 quidam
906 2219 960 2282 pro
982 2220 1018 2262 eo
1031 2202 1220 2264 vehementer
1242 2207 1324 2282 labo-

214 2303 327 2366 tarent,
337 2303 438 2356 ιιιιιι
449 2311 510 2360 non
523 2291 661 2372 paruerit,
669 2310 772 2372 ,neque
793 2291 915 2354 istorum
935 2311 1006 2376 opes
1026 2303 1079 2356 aut
1099 2293 1325 2377 pollicitationes

216 2387 387 2468 respexerit,
404 2386 458 2447 sed
480 2383 733 2447 consentientibus
747 2384 894 2466 suffragiis
908 2405 977 2452 eum
994 2387 1217 2452 condemnarit:
1240 2393 1327 2458 multi

213 2481 320 2550 'adme
334 2497 497 2552 accessere,
503 2479 633 2560 judices,
648 2489 711 2538 tum
724 2487 854 2540 vernum
864 2479 915 2558 qui
932 2499 1011 2540 nunc
1024 2479 1055 2540 in
1074 2481 1189 2561 judicio
1202 2485 1325 2560 adestis,

215 2581 280 2634 tum
293 2573 471 2653 reliquorum
489 2571 607 2645 civium,
623 2571 672 2652 qui
687 2571 847 2633 suaderent
869 2581 901 2631 et
918 2567 1107 2634 'hortarentur
1120 2584 1153 2636 ut
1161 2577 1326 2656 jussneurn

212 2685 417 2746 persequerer,
431 2673 521 2744 atque
535 2664 625 2726 istum
639 2665 743 2728 advos
757 2663 955 2735 adduceremg
977 2684 1048 2746 mea
1057 2666 1176 2746 quidem
1189 2671 1327 2748 protecto

211 2759 373 2833 vsententia,
384 2757 423 2818 ob
435 2766 561 2836 utraque
570 2757 647 2832 haec,
661 2757 872 2832 Athenienses,
884 2755 966 2836 quod
979 2767 1009 2818 et
1018 2757 1066 2820 me
1078 2759 1227 2840 insignem
1239 2784 1327 2826 aece-

214 2853 295 2934 pisse
315 2851 450 2932 injuriam
471 2853 623 2931 putabant,
638 2859 670 2910 et
686 2850 774 2936 ιιιιιι
795 2851 834 2914 de
846 2850 905 2912 isto
918 2853 1021 2930 ptenas
1037 2872 1153 2914 sumere
1164 2858 1326 2935 optabant,

214 2965 303 3027 quem
318 2945 391 3006 alias
411 2944 510 3017 etiam,
532 2963 591 3024 qua
611 2953 660 3004 est
677 2927 803 3004 audacia
815 2953 847 3004 et
859 2944 967 3017 lurore,
982 2964 1037 3006 nec
1052 2944 1255 3030 coercerijam
1270 2971 1326 3032 po·

213 3049 283 3116 test,
294 3039 419 3120 plurima
429 3036 597 3118 petulanter
611 3037 767 3097 admisisse
779 3046 971 3116 cognossent.

208 3171 210 3196 ς
254 3137 285 3192 2.
307 3132 383 3202 Quae
397 3150 465 3192 cum
478 3130 521 3192 ita
535 3127 602 3203 sint,
618 3149 684 3210 quae
698 3149 717 3188 a
729 3148 778 3188 me
797 3129 944 3191 observari
965 3131 1169 3208 conveniebat,
1183 3150 1222 3194 ea
1239 3135 1327 3214 juste

211 3225 296 3286 vobis
317 3223 416 3284 omnia
438 3231 586 3292 reservata
610 3230 688 3293 sunt,
703 3229 735 3280 et
753 3218 791 3280 ad
811 3219 1059 3295 accusandum,
1036 3242 1060 3281 ιι
1083 3223 1147 3302 quis
1172 3226 1328 3290 actionem

207 3311 335 3404 dederit,
349 3317 465 3387 adsum,
480 3329 514 3375 ut
525 3313 640 3386 videtis
656 3333 748 3393 quum
768 3313 896 3393 quidem,
911 3309 1122 3390 Athenienses,
1132 3327 1163 3380 et
1175 3337 1325 3400 magnam

206 3412 366 3504 pecuniam
386 3430 425 3470 ne
443 3428 623 3483 accusarem,
638 3407 710 3467 m'ihi
731 3408 914 3488 promissam,
938 3410 1125 3490 repudiarim,
1151 3422 1183 3473 et
1204 3417 1327 3479 multas

211 3497 434 3586 deprecationes
456 3515 486 3562 et
499 3501 618 3582 gratias,
630 3502 687 3562 imo
707 3503 801 3561 etiam
805 3503 1064 3582 comminationes,
1077 3511 1329 3610 eputempserim.

206 3595 303 3666 Quod
317 3614 385 3683 sero
397 3593 436 3654 ad
446 3613 498 3654 vos
514 3592 661 3674 deinceps
672 3593 786 3667 attinet,
807 3603 919 3673 quanto
940 3593 1103 3676 plurrhus
1095 3608 1151 3658 rste
1165 3599 1330 3664 molestias

210 3675 370 3752 concitavit
382 3696 414 3748 et
425 3685 621 3760 denunciavit,
622 3685 722 3758 -ridi
735 3687 814 3747 enim
827 3688 916 3749 modo
931 3708 997 3769 qun
1013 3699 1081 3752 ante
1094 3695 1233 3770 praetoria
1250 3696 1331 3758 acti-

209 3781 336 3856 taret-,
350 3789 435 3842 tanto
455 3778 549 3858 magis
573 3798 620 3839 me
636 3780 685 3859 jus
707 3787 805 3840 meum
827 3790 1056 3842 consecuturum
1070 3802 1167 3863 spero.
1212 3787 1331 3867 Neque

209 3880 287 3949 enim
301 3877 338 3937 de
348 3875 409 3936 ullo
422 3883 550 3935 vestrum
563 3883 625 3933 tam
634 3874 864 3950 maleexistinro,
875 3884 910 3935 ut
920 3893 1032 3950 verear,
1044 3878 1139 3940 nevel
1152 3880 1236 3960 prius
1250 3901 1333 3963 erga

210 3989 258 4030 me
270 3980 400 4030 vestrum
418 3965 549 4030 studium
568 3965 738 4048 deposituri,
752 3967 809 4041 vel,
822 3976 857 4028 nt
870 3965 981 4030 Midias
996 3969 1160 4051 deinceps
1152 3990 1284 4078 impune
1299 3985 1333 4036 er

210 4081 313 4124 secure
332 4063 442 4124 civibus
459 4060 592 4144 insultet,
614 4061 752 4148 neglecta
771 4061 961 4156 jurisjurandi
981 4061 1133 4146 religione,
1154 4067 1332 4148 quicqsiam

139 4165 145 4174 “
210 4155 291 4218 aliud
299 4155 459 4236 judicaturi
472 4154 546 4229 sitis,
559 4175 648 4234 quarn
655 4154 740 4233 quod
754 4174 871 4232 aequum
885 4174 949 4216 esse
963 4164 995 4216 et
1002 4154 1116 4235 justum
1130 4160 1333 4226 censueritis.

249 4252 279 4309 3.
302 4246 427 4317 Quod'
405 4265 441 4321 ιι,
454 4247 659 4320 Athenienses,
673 4265 740 4306 eum
764 4245 945 4312 violatarum
958 4246 1070 4326 legum,
1087 4248 1171 4318 falsae
1189 4251 1333 4331 legatio-

209 4341 265 4415 nis,
279 4348 330 4400 aut
343 4339 382 4422 de
396 4337 453 4398 alio
467 4340 605 4418 quopiam
628 4338 714 4399 simili
738 4337 856 4403 cnsuine
878 4347 1069 4400 accusaturus
1092 4360 1202 4417 essem,
1227 4344 1334 4404 nullis

207 4431 277 4494 mihi
291 4430 426 4513 precisus
439 4430 584 4496 utendum
597 4431 678 4513 apud
691 4451 744 4494 vos
757 4432 981 4508 existimassem,
996 4433 1139 4515 siquidem
1158 4436 1191 4497 id
1203 4447 1332 4510 statuo,

1417 4486 1453 4938 l
