2912 4946
207 236 267 296 502
480 239 523 314 IN
538 237 784 302 ·0NETOREM
808 241 926 302 UNDE
947 242 988 301 vt
1011 241 1035 300 l.

206 390 377 470 oppositum
391 412 457 454 esse
470 394 551 473 dicit,
567 395 619 454 sed
633 396 670 454 ab
685 395 768 472 initio
776 397 900 456 fortunis
915 395 1311 474 meisiusidiatumproeter-

205 503 299 563 eaque
318 487 467 546 mulierem
489 488 580 567 cujus,
594 480 711 562 nornine
726 509 772 548 me
787 510 804 549 e
817 489 909 560 fundo
924 477 1012 570 ejecit
1031 510 1091 550 non
1103 487 1278 550 discessisse
1292 510 1311 550 a

115 573 117 584 '
204 577 319 649 marito,
335 577 389 637 sed
407 599 473 638 eum
487 580 517 638 in
533 580 666 640 fraudem
687 579 783 642 meam
799 583 916 662 Aphobi
935 603 1055 644 causam
1080 603 1167 662 agere
1192 592 1224 642 et
1245 583 1311 642 haec

199 669 312 750 judicia
324 673 433 755 subire,
447 672 523 752 adeo
538 673 653 752 magnis
668 674 759 752 signis
770 685 800 734 et
814 675 999 736 evidentibus
1011 675 1204 758 argumentis,
1215 685 1251 734 ut
1260 694 1311 736 ros

205 782 307 842 omues
331 773 411 823 certo
431 765 577 843 cognituri
597 766 669 836 sitis,
687 766 754 846 jure
775 755 1045 848 convenienterque
1055 753 1308 834 eum,hoc.a.me

199 856 311 937 judicio
326 858 469 918 accusari.
511 858 597 918 Dabo
612 869 841 937 autemoperam
856 860 969 919 utinde
982 862 1096 940 capiam
1107 855 1248 920 narrandi
1256 877 1310 925 ex-

204 939 417 1022 otdium‚unde
431 970 483 1011 vos
498 953 647 1030 negotium
659 951 797 1011 facillime
808 951 994 1031 percipietis.¹
1083 983 1085 990 .
1176 1025 1179 1032 Ι
1301 965 1304 972 ’

244 1046 274 1101 2.
297 1043 440 1108 Fortunas
455 1063 546 1116 meas,
561 1044 694 1116 Judices,
709 1063 726 1104 a
742 1045 886 1103 tutoribus
901 1034 1309 1122 male'admiuistra'rifneque

200 1136 291 1196 istum
313 1157 408 1216 neque
429 1139 537 1198 multos
554 1138 627 1198 alios
641 1137 867 1197 Atheniensium
889 1136 986 1209 latuit,
1002 1137 1058 1210 sed
1073 1135 1182 1198 statim
1206 1137 1307 1215 palam

202 1229 259 1288 fuit
272 1230 404 1309 injuriam
417 1229 487 1298 mihi
503 1230 582 1289 fieri:
605 1229 680 1290 adeo
705 1228 804 1288 multae
826 1229 1017 1304 tractationes
1038 1240 1070 1295 ‚et
1091 1227 1305 1307 disputationes
1331 1281 1334 1286 .

203 1341 271 1401 cum
294 1323 374 1402 apud
397 1334 552 1402 praetorem
575 1333 637 1382 tum
661 1323 742 1402 apud
762 1331 885 1382 caeteros
903 1323 1019 1402 judices
1034 1321 1144 1381 fiebant
1164 1321 1203 1380 de
1216 1323 1306 1380 rebus

200 1415 286 1474 meis.
329 1416 407 1474 Nam
427 1425 456 1476 et
472 1414 508 1474 de
528 1414 730 1492 magnitudine
753 1413 846 1474 relicti
867 1414 1126 1494 mihipatrimonii·
1138 1414 1307 1485 constabat,

204 1519 234 1566 et
247 1517 359 1568 tutores
375 1527 433 1567 non
448 1506 563 1566 elocare
576 1507 706 1579 domum,
722 1516 756 1565 ut
775 1506 831 1584 ipsi
847 1506 1162 1590 pecuniaolruerentur,
1177 1526 1238 1564 non
1252 1504 1306 1564 ob*

204 1619 320 1660 scutum
336 1609 408 1659 erat.
450 1601 549 1666 Quare
570 1599 738 1678 quicunque
757 1598 808 1658 illa
830 1599 935 1657 norant
953 1601 1012 1656 'non
1027 1598 1222 1670 dubitabant,
1237 1597 1307 1676 quin'

202 1711 271 1754 cnm
284 1695 325 1753 ita
337 1695 418 1752 fieret
431 1713 498 1752 cum
508 1691 634 1772 primurn
642 1691 753 1752 virilem
767 1701 865 1770 togam
877 1692 1080 1770 sumpsissem,
1094 1709 1307 1770 poenasessem

202 1785 240 1846 de
263 1787 306 1846 eis
330 1796 518 1865 sumpturus:
539 1785 614 1844 iuter
628 1805 704 1864 quos
719 1785 992 1856 etTimocrateset
1013 1785 1127 1844 Onetor
1144 1785 1175 1842 in
1189 1803 1227 1842 ea
1242 1780 1310 1843 serl-

203 1879 296 1938 tentia
317 1889 458 1958 perpetuo
478 1877 607 1937 fuerunt.
659 1877 747 1945 Quod
761 1876 803 1936 ita
816 1871 880 1936 esse
899 1877 1029 1937 maximo
1043 1877 1118 1936 illud
1132 1886 1308 1956 argumento

204 1981 258 2044 est,
272 1972 353 2051 quod
371 1972 428 2032 iste
441 1991 569 2032 sororem
586 1971 714 2050 Aphobo
728 1970 798 2029 dare
812 1961 914 2052 voluit,¹
928 1991 995 2031 curn
1014 1983 1074 2030 non
1095 1971 1185 2030 modo
1200 1981 1307 2049 suopte

205 2065 259 2124 sed
278 2075 309 2124 et
328 2083 393 2124 meo
412 2083 470 2124 uon
492 2083 583 2142 parvo
605 2061 778 2142 patrimonio
801 2063 923 2141 potitum
937 2063 1059 2135 videret,
1081 2063 1181 2124 dotem
1204 2074 1307 2122 autem

205 2164 357 2217 numerare
375 2156 534 2237 pertimuit,
548 2165 688 2234 tanquam
702 2165 828 2214 tutorum
836 2174 909 2238 ¹opes
926 2155 1044 2234 pupillis
1056 2155 1149 2215 veluti
1164 2155 1309 2235 oppigne-

204 2259 282 2312 ratas
303 2269 367 2310 esse
387 2249 549 2329 judicaret:
575 2268 610 2308 ae
626 2267 763 2308 ,sororem
782 2247 900 2326 quidem
914 2247 1087 2318 ,dedit,·sed
1102 2249 1202 2310 dotem
1216 2269 1310 2308 usura

204 2337 333 2422 quinque
346 2342 499 2403 obolorum
513 2361 545 2401 se
566 2342 592 2400 ei
613 2340 780 2400 debiturum
801 2340 913 2419 pepigit
933 2340 1125 2414 Timocrates,
1137 2343 1163 2400 is
1179 2343 1209 2400 in
1223 2341 1309 2421 cujus

204 2435 388 2496 matrimonio
411 2435 514 2496 mulier
535 2435 616 2514 prius
639 2434 767 2493 lucrata⁴
787 2433 950 2512 Postquam
967 2443 1065 2494 autem
1083 2453 1130 2494 me
1145 2443 1309 2494 accusante

204 2529 304 2589 tutelae
313 2528 427 2608 judicio
441 2527 655 2587 condemnatus
669 2526 724 2585 tuit
741 2525 886 2604 Aphobus
905 2545 960 2585 nec
976 2546 1042 2605 quae
1052 2527 1136 2604 justa
1149 2537 1236 2586 erant
1247 2527 1312 2587 ulla

205 2635 245 2702 ⁰¹.
255 2634 338 2700 parte
357 2631 498 2702 proestare
512 2621 614 2692 voluit,
637 2620 769 2680 dirimere
784 2621 1013 2680 controversiam
1035 2621 1149 2698 Onetor
1162 2621 1242 2680 inter
1255 2642 1309 2682 nos

204 2717 422 2784 noniustitnit:
444 2717 497 2776 sed
511 2735 580 2775 cum
593 2715 693 2780 dotem
711 2733 770 2789 npn
785 2722 980 2786 numerasset,
1001 2733 1127 2794 eamque
1139 2715 1244 2774 in‘sua
1256 2706 1308 2794 po'-

204 2818 310 2869 testate
323 2809 459 2880 haberet,
469 2807 515 2867 sio
525 2817 633 2877 tamen,
645 2799 729 2886 quasi
743 2806 896 2874 divortium
908 2806 1028 2866 fecisset
1043 2823 1135 2876 soum,
1145 2801 1310 2886 atqueipse
1348 2849 1353 2853 -

129 2907 134 2910 ’
206 2903 305 2962 datam
321 2903 421 2961 dotem
434 2920 607 2979 recuperare
622 2919 680 2958 non
694 2909 803 2978 posset,
817 2899 872 2958 sibi
886 2898 1027 2977 praedium
1042 2897 1115 2974 illud
1131 2899 1310 2979 oppignera-

206 2995 510 3069 tumessediotitans,
531 3013 570 3052 ex-
582 2987 679 3053 eome
694 2989 810 3071 exigere
830 3011 889 3066 nop
910 2991 1084 3058 dubitavit}
1108 2993 1213 3070 Usque
1222 2993 1310 3054 -adeo

206 3098 236 3148 et
249 3109 296 3150 me
309 3099 340 3149 et
346 3107 405 3148 -vos
419 3097 449 3147 et
462 3096 601 3166 receptas
612 3085 694 3164 leges
705 3084 891 3163 contempsit.
924 3077 928 3086 ’
976 3087 981 3092 “
1001 3099 1003 3104 ·

135 3189 140 3199 “
162 3167 170 3176 ’
247 3185 275 3242 3.
299 3184 342 3240 At
356 3200 423 3260 quae
435 3179 516 3240 facta
529 3179 596 3245 sint,
607 3173 730 3257 propter
743 3197 810 3255 quae
824 3196 891 3236 reus
901 3185 953 3242 est
966 3187 997 3236 et
1011 3177 1050 3237 de
1062 3177 1310 3258 quibusseuten-

144 3327 148 3344 ‚
205 3275 277 3336 ti'aru
290 3275 377 3334 laturi
390 3273 460 3332 estis
473 3266 605 3341 ludices,
615 3270 680 3329 haec
691 3280 761 3338 sunt
771 3289 778 3327 :
789 3268 946 3328 exhibebo
955 3261 1317 3349 auternsstestesfprimnrn‘

204 3367 299 3447 ipsur'n
313 3353 516 3434 Timocratem,
536 3361 685 3441 pepigisse
699 3379 773 3420 euru.
786 3381 819 3420 se
827 3360 1002 3420 -debiturutn
1014 3361 1123 3422 ‘dotem
1143 3372 1177 3421 et
1190 3381 1311 3421 usuram

173 3462 176 3468 '
206 3459 284 3520 dotis
298 3476 469 3518 numerasse
480 3455 609 3534 Aphobo
619 3472 655 3513 ex
665 3453 760 3532 pactis
773 3461 803 3512 et
810 3453 974 3525 conventis,
982 3453 1089 3514 deiude
1100 3455 1198 3532 ipsum
1207 3455 1309 3534 Apho-

205 3549 454 3616 bum-coniecisse
467 3545 584 3609 tabulas
596 3546 633 3614 de
644 3536 735 3605 usura
748 3542 770 3604 a
778 3544 1140 3624 Timocrateaccipieuda.
1153 3583 1156 3588 ·
1172 3547 1254 3638 (Jape
1268 3558 1311 3632 te-

207 3644 353 3706 stimouia.
685 3641 689 3649 ’

623 3871 890 3950 rrsrrrrourn.
977 3861 1016 3958 j
1072 3861 1087 3944 ᾗ

206 4016 275 4078 Jam
287 4016 412 4099 primum
426 4016 555 4077 omnium
569 4019 696 4084 constat,
711 4029 769 4074 aon
783 4023 965 4074 numeratam
979 4035 1042 4076 esse
1053 4017 1165 4093 dotem,
1179 4039 1310 4081 neceam

147 4161 149 4188 :
205 4108 235 4168 in
250 4107 461 4187 sua‘potestate
474 4108 612 4167 habuisse
627 4107 793 4186 Aphobum.
828 4141 830 4144 -
912 4121 914 4126 ·
1208 4129 1211 4140 ·

246 4202 276 4272 4.
295 4198 367 4278 lpsa
378 4210 477 4261 autem
491 4219 539 4268 res
554 4198 687 4259 declarat
701 4197 782 4268 satis,
798 4205 966 4278 propterea
976 4219 1043 4278 quoe
1053 4201 1125 4280 dixi,
1139 4213 1189 4282 eos·
1200 4203 1316 4264 debere

206 4290 351 4356 maluisse.
367 4292 477 4364 dotem,
500 4309 589 4369 quam
603 4291 776 4364 immiscere
790 4289 829 4348 -in
853 4309 914 4349 rem
925 4291 1104 4354 ›familiarem
1127 4295 1248 4376 Aphobi
1262 4296 1316 4356 ‘sic

206 4381 443 4460 periclitaturam.
486 4384 564 4445 Nam
576 4403 639 4446 »nec
656 4383 784 4466 inopiam
803 4392 975 4462 praetexere»
986 4399 1115 4467 possunt
1129 4391 1195 4468 'quo
1205 4388 1315 4477 'minue
