2946 4954
177 231 236 292 2³4
416 231 473 291 DE
495 230 611 291 MALE
633 229 766 289 GESTA
788 177 1032 291 Lentulorum.

164 391 278 443 nostra
290 393 377 446 atate
394 385 425 444 ιιι
439 385 567 456 Graecia,
587 385 642 446 sed
654 402 719 458 nec,
740 393 774 442 ut
786 384 900 464 opinor,
924 383 1013 448 etiarn
1037 379 1180 462 sup'e'riuri
1197 392 1270 444 tem-

169 493 264 552 Διιοιιι..
279 474 439 540 Tantarum
453 477 577 556 igituret
590 476 692 536 talium
705 488 801 534 rerum
815 495 890 534 unus
900 474 989 536 horno
999 472 1149 554 Philippus
1162 477 1273 556 potitus

176 576 223 626 est
237 587 289 646 per
298 567 386 626 istusr
409 567 630 628 incolumiurbe
646 567 882 639 Atheniensium,
892 566 939 626 cui
953 586 1082 646 praeesse
1096 567 1211 629 Graecis
1220 589 1272 647 pa*

175 658 264 736 trium
278 667 333 730 est,
348 669 378 718 et
391 679 451 718 nun
466 649 630 732 cunni‘ver'e,
644 669 678 718 ut
689 660 847 737 quicquam
861 659 920 718 tale
933 655 1126 738 pbrpet'retur.
1219 669 1223 682 ”

215 753 265 810 22.
287 750 542 818 Quemadmodum
555 751 643 828 igitur
656 751 812 808 oerum'nusi
826 749 996 808 Phocenses
1014 750 1185 824 interierint,
1205 771 1272 812 eum

176 859 212 915 es
227 841 271 900 his
285 840 411 900 decretis
425 839 523 899 videre
536 851 592 910 est,
603 851 666 896 tum
679 842 767 898 etiam
781 859 818 896 ex
834 838 905 917 ipsis
918 839 1006 897 rebus
1018 858 1085 916 quae
1099 853 1174 899 actos
1195 849 1279 904 sunt.

177 932 253 998 Quae
262 949 309 990 res
318 930 529 1010 spectaculum,
540 929 745 999 Athenienses,
757 928 876 988 crudele
884 937 954 1004 sunt
964 938 994 988 et
1004 929 1177 990 miserabile.
1197 933 1281 996 Cain.

175 1022 252 1092 enim
265 1041 358 1100 nuper
367 1021 498 1100 Delphos
512 1020 768 1099 proficisceremur,
781 1010 903 1078 necesse
916 1019 1095 1080 habebamus
1117 1041 1154 1082 ea
1175 1026 1273 1088 videre

176 1113 285 1182 omnia,
309 1112 436 1172 aedificia
450 1111 557 1184 diruta,
575 1111 682 1170 moenia
705 1119 860 1189 prostrata,
879 1112 1027 1188 regionem
1041 1111 1196 1190 juventute
1219 1119 1280 1178 ιιι-ι

174 1206 309 1278 sulatum,
318 1197 502 1264 mulierculas
511 1203 663 1277 duntaxat,
672 1211 703 1262 et
711 1203 981 1282 paucos-puerulos,
991 1212 1022 1262 et
1035 1223 1131 1277 senes,
1139 1207 1273 1271 homines
1351 1211 1355 1220 '

174 1296 373 1360 miserendus:
394 1295 520 1373 denique
530 1314 617 1355 nemu
627 1287 721 1355 verbis
737 1295 852 1372 assequi
862 1292 998 1373 possitae
1011 1297 1098 1368 mala,
1113 1316 1179 1375 quae
1193 1319 1273 1362 nune

175 1388 235 1448 illic
247 1397 325 1448 sunt.
350 1387 443 1466 Atqui
455 1407 505 1447 eus
516 1388 585 1447 olim
596 1388 772 1448 cunuarium
782 1385 929 1446 Thebanis
937 1403 991 1466 pru
1004 1388 1086 1448 rubis
1097 1390 1201 1452 tulisse
1210 1395 1272 1454 suf-

175 1480 312 1560 fragium,
326 1499 394 1540 cum
404 1481 442 1540 de
455 1479 533 1540 urbis
548 1480 663 1540 excidio
678 1489 823 1558 ageretur,
838 1479 945 1540 euobis
956 1499 1011 1558 ego
1026 1482 1160 1542 omnibus
1171 1486 1268 1546 audio.

176 1573 267 1638 Quod
279 1572 368 1652 igitur
379 1572 497 1652 putatis,
512 1572 716 1646 Athenienses,
730 1573 854 1651 majores
870 1581 995 1643 vestros,
1009 1572 1032 1631 si
1052 1572 1082 1630 iu
1096 1573 1184 1634 vitam
1198 1577 1274 1636 redi-

175 1675 251 1739 rent,
261 1663 434 1744 sud'ragium
447 1675 498 1724 aut
512 1683 602 1750 quarn
620 1664 794 1724 sententiam
807 1664 933 1736 laturos,¹
941 1663 977 1722 de
989 1665 1123 1725 interitus
1138 1667 1274 1729 Phoceu·-

176 1757 252 1816 sium
265 1755 454 1818 auctoribus?
476 1755 628 1834 Equidem·
634 1756 766 1824 arbitror,
780 1755 895 1814 tametsi
911 1774 963 1815 eus
974 1756 1035 1816 suis
1049 1758 1183 1820 manibus
1198 1760 1281 1840 lapi-s

176 1847 306 1920 dassent,
321 1848 434 1929 nullum
447 1863 479 1906 se
492 1845 673 1906 commisisse
686 1846 837 1924 piaculum
847 1855 1010 1924 putaturos.
1024 1849 1085 1912 Qui
1098 1851 1281 1931 enim'turpe'

175 1959 235 2010 nou
250 1940 298 2011 sit,
311 1939 370 2001 imo
383 1957 451 2017 quae
466 1938 556 2016 major
570 1956 636 1996 esse
649 1936 799 2015 turpitudo
813 1936 912 2013 queat,
924 1937 1011 2015 quam
1025 1938 1072 2011 iis,
1087 1942 1198 2017 quinos
1209 1953 1280 2004 tum·

176 2039 397 2101 conservarunt,
417 2039 448 2089 et
460 2029 588 2088 solumne
600 2047 653 2107 pro
676 2027 761 2086 nobis
780 2025 952 2130 suffragium
965 2029 1105 2104 tulerunt,
1128 2036 1275 2098 contraria

175 2141 229 2202 per
241 2122 313 2182 istos
326 2121 485 2182 accidisse:
510 2129 541 2180 et
553 2120 704 2198 neglectus
715 2137 790 2190 esse,
803 2118 836 2178 iis
846 2118 975 2216 acceptis
985 2119 1069 2180 malis
1072 2125 1188 2200 ,qualia
1201 2129 1275 2188 nulli

177 2213 349 2274 Graecorum
365 2212 414 2272 alii
427 2209 626 2290 acceperunt?
647 2209 742 2276 Quis
734 2209 821 2286 igitur
833 2227 933 2270 eorum
954 2213 1079 2272 auctori
1101 2217 1165 2291 quis
1179 2217 1274 2351 impu-

177 2315 266 2366 sturae
280 2302 404 2364 artifex?
425 2324 463 2364 an
482 2323 542 2380 nun
554 2302 668 2363 iste?
739 2345 741 2352 ·

216 2400 266 2456 23.
288 2396 364 2456 Cum
379 2403 487 2471 autem,
509 2394 714 2467 Athenienses,
728 2394 845 2454 fortuna
863 2394 988 2499 Philippi
1002 2398 1101 2459 multis
1114 2402 1152 2461 sit
1165 2404 1275 2481 praedi-

178 2487 274 2548 canda
286 2486 462 2557 numinibus,
485 2496 548 2545 turn
561 2505 629 2546 veru
642 2486 700 2545 huo
716 2485 954 2546 felicissimum'
930 2506 956 2546 er
974 2490 1105 2568 configit,
1124 2494 1214 2570 quod,
1234 2497 1276 2556 ita

176 2599 225 2658 me
238 2579 279 2637 dii
292 2578 416 2654 deoeque
438 2595 540 2636 omnes
559 2575 667 2648 ament,
685 2576 766 2636 haud
783 2577 844 2637 suiu
864 2597 903 2636 an
923 2577 975 2636 ulli
994 2581 1153 2660 contigerit
1166 2586 1281 2646 nostris

174 2671 361 2747 temporibus.
375 2667 543 2728 Namurbes
553 2686 675 2745 magnas
684 2669 808 2747 cepisse,
817 2669 960 2728 etmultas
969 2671 1102 2732 nationes
1112 2676 1277 2754 subegisse,-

145 2799 147 2807 ι
176 2759 283 2839 etejus
305 2760 420 2838 generis
439 2760 546 2831 omnia,
565 2758 754 2838 praedicanda
771 2778 843 2819 sane
865 2769 943 2832 sunt,
965 2765 994 2820 et
1012 2762 1183 2842 splendida:
1208 2769 1275 2846 quis

177 2852 255 2928 enirn
269 2849 379 2929 negoti
400 2849 455 2910 sed
468 2849 581 2922 eadem,
603 2858 633 2908 et
646 2869 665 2908 a
682 2849 782 2908 multis
803 2848 866 2908 aliis
885 2851 966 2910 facta
988 2855 1133 2914 recenseri
1155 2857 1274 2934 queant.

95 2955 97 2962 '
177 2943 261 3002 Illam
280 2943 465 3021 peculiarem,
479 2951 509 3000 et
529 2961 597 2998 cum
617 2941 675 3000 alio
698 2942 813 3000 nemine
827 2943 956 3002 omnium
980 2963 1164 3006 communem
1180 2951 1287 3012 'habet-¹

176 3023 333 3096 fortunam.
363 3030 483 3098 Quam?
503 3029 593 3109 quud,
608 3049 673 3088 curn
687 3033 834 3108 improbos
847 3031 979 3092 homines
994 3036 1031 3115 ad
1047 3055 1116 3096 suas
1136 3059 1182 3099 res
1204 3046 1277 3108 con-¹

107 3165 112 3174 κ
171 3125 317 3186 finiendas
329 3123 498 3201 requireret,
508 3119 695 3198 improbiores
709 3123 816 3200 reperit
827 3143 916 3200 quam
928 3125 1077 3186 voluisset.
1109 3131 1183 3197 Quis
1197 3135 1276 3194 enim

39 3269 45 3273 .
62 3285 64 3289 ,
176 3218 249 3278 istus
263 3216 337 3275 tales
349 3233 415 3274 esse
428 3231 488 3272 nun
501 3211 636 3283 fateatur,
647 3211 791 3290 siquidem
805 3231 870 3290 quaa
884 3233 941 3275 nec
954 3215 1017 3294 ipse
1031 3216 1202 3300 Philippus
1207 3245 1287 3286 cum·

179 3308 244 3386 ejus
257 3316 339 3365 tanta
352 3325 398 3365 res
413 3312 557 3384 ageretur,
576 3303 716 3362 ementiri
721 3304 858 3378 audebat,
872 3325 926 3366 nec
940 3306 970 3365 in
983 3307 1059 3368 ullas
1074 3311 1228 3398 inscribere
1242 3319 1279 3379 li·

178 3411 265 3472 teras,
279 3417 375 3474 neque
388 3398 590 3476 legatorum'
564 3415 628 3474 epus
642 3395 733 3455 ullus'
735 3395 818 3469 ιιιιιιι,
833 3397 871 3456 ad
884 3415 920 3456 ea
938 3397 986 3457 isti
1006 3399 1104 3462 locata
1118 3423 1173 3466 sua
1185 3417 1278 3488 opera

177 3511 232 3554 vos
244 3488 443 3570 decepemntt
464 3487 518 3547 Ae
522 3488 675 3568 Antipater
688 3487 807 3566 quidem
824 3497 855 3548 et
868 3489 1033 3563 Parmenio,
1046 3495 1192 3558 duminu'
1184 3511 1278 3562 mser·

176 3586 291 3646 aientes
294 3599 405 3659 nequo
414 3581 550 3658 deinceps
562 3579 734 3640 collucmurr
741 3577 905 3654 vobiscum
910 3590 1010 3643 tamen
1020 3585 1051 3643 id
1061 3592 1277 3668 excogitarunt,

177 3697 216 3736 ns
229 3695 291 3755 per
300 3693 333 3732 se
347 3691 398 3732 vos
412 3670 639 3756 deciperemini·
659 3671 709 3730 isti
718 3690 787 3732 vero
799 3672 989 3749 Athenarum,
1003 3675 1156 3740 liberrima
1175 3685 1279 3746 cirita-

176 3768 225 3840 ιιι,
239 3764 330 3845 legati
343 3763 469 3832 delecti,¹
466 3781 534 3835 vus,
549 3780 624 3838 quos
644 3762 770 3821 obvios
762 3765 876 3830 intueri,
890 3785 956 3825 cum
977 3768 1083 3844 quibus
1098 3771 1279 3837 familiariter

178 3859 274 3944 virere
286 3847 398 3934 reliquo
411 3854 478 3914 vite
491 3862 623 3931 tempore
637 3871 759 3913 necesse
770 3853 892 3928 habent,
906 3866 936 3916 et
950 3860 1029 3936 apud
1045 3878 1119 3939 quus
1132 3866 1277 3928 rationem

180 3937 311 4014 acturum
324 3947 462 4008 reddituri
476 3947 570 4014 arant,
585 3963 637 4003 vos
650 3945 769 4023 inquam
787 3948 922 4032 decipere
936 3969 996 4009 non
1010 3939 1187 4018 dubitarunt.
1208 3961 1281 4026 Quo

178 4040 409 4121 pactuhumines
423 4038 476 4097 ulli
489 4035 676 4116 improbiores
691 4047 741 4098 aut
753 4036 964 4118 profligationes
974 4057 1040 4101 esse
1055 4047 1181 4124 queant?

213 4133 272 4187 24.
294 4130 336 4189 Ut
346 4139 445 4198 autem
455 4129 563 4208 sciatis,
577 4131 841 4195 eumauobisdiris
851 4133 938 4192 etiarn
947 4132 1201 4219 imprecationibus
1211 4163 1282 4208 esse

181 4221 351 4300 obligatum,
365 4221 489 4280 otuelus
503 4241 568 4281 esse
582 4221 665 4282 vobis
680 4230 709 4280 et
721 4221 850 4309 impium,
864 4223 935 4283 talia
947 4226 1100 4287 mentitum
1114 4232 1280 4309 absolvere,

182 4315 272 4380 recta
284 4309 479 4383 derodouem,
491 4322 523 4372 et
533 4313 618 4395 leger
635 4331 705 4376 eam
719 4333 791 4394 cape
802 4333 868 4394 qun
883 4316 945 4378 'hau
963 4316 1031 4400 lege
1048 4309 1222 4384 continetur.
